3942 6067
81 249 133 304 ost
628 245 816 311 Exposttto
835 253 873 311 IN
891 253 1044 317 centies
1062 259 1190 320 cenric
1687 276 1739 334 358

81 371 226 446 permisit,
234 374 373 446 sanquine
379 388 428 430 sua
434 377 880 447 camarnuvitmtpnocruciscon·
894 382 921 442 Α
937 383 1019 451 bunt,
1028 387 1094 456 posia
1106 388 1167 460 ipsa
1176 391 1500 466 oeternampioriompro
1510 395 1668 468 patientia,
1683 399 1740 473 ipsi

82 461 215 532 sipnauit.
224 458 883 537 Paranpmpisis,idestapostotiseamcammen·
936 488 1001 529 uero
1013 477 1154 532 aurnum
1169 478 1340 550 supplicium
1353 497 1405 553 pro
1418 481 1530 539 inuidia
1546 483 1698 542 subibunt.

82 547 170 615 davit,
180 549 244 622 ipse
256 565 359 622 parare
370 552 490 622 nuptias
498 550 531 606 in
541 551 822 612 calumniaturus
828 573 882 628 pc·
971 561 1736 648 Honoadbucparoutamantedepompatriarcisaefipu·

82 637 236 709 mupmpbi
257 643 418 711 susceptam
437 639 526 712 sionis
544 640 725 698 etdoctriuis
747 659 833 716 usqne
847 644 884 701 ad
937 650 1315 725 risdedtsristoerudierunt,
1334 658 1741 735 subtepepropbetaseriptu·

81 726 883 800 ipsammortemdecorooerunt,·mortyreseorumsuccer-
937 737 1206 799 risadbonestatem
1214 745 1464 817 informaverunt.
1472 749 1742 809 tianenubitemsub

82 814 884 886 soressonontnesnoeontttusrrooerunr,doctoresnot·
937 829 1033 898 pratia
1047 831 1168 901 apostoli
1177 832 1419 903 sionisdoctrinis
1432 839 1610 911 etcaemptis
1622 855 1742 897 ornave-

84 902 348 976 tisscripturiseam
358 908 546 960 ornaverunt.
559 905 880 976 superseminaren-
939 917 1019 971 runt.
1043 919 1120 972 biam
1134 917 1226 976 adbuc
1243 919 1346 978 eborns
1362 925 1530 995 anpetorum
1546 927 1578 982 in
1595 927 1700 985 toetitio
1713 932 1743 985 et

83 995 144 1046 tom
157 991 323 1064 frequentia
333 991 500 1062 orspetorum
510 992 584 1050 bone
597 995 884 1066 sponsoiucoetestcrn
938 1006 1135 1063 exsultatione
1149 1008 1269 1064 adducet
1277 1010 1309 1066 in
1325 1012 1464 1083 temptum
1483 1015 1575 1086 Rapis.
1592 1018 1742 1088 puambtee

82 1079 181 1136 autam
201 1079 394 1136 coronandum
415 1079 546 1148 adducet,
564 1097 650 1154 quum
663 1083 693 1140 in
703 1085 773 1144 sotio
788 1086 885 1158 picria
937 1093 1035 1167 pieria
1047 1095 1139 1165 pieria
1152 1099 1181 1151 et
1195 1096 1299 1155 bonore
1313 1100 1467 1167 coronabit,
1483 1103 1515 1157 in
1531 1103 1656 1162 tbatamo
1671 1121 1741 1176 pau·

82 1167 253 1225 collocatam
267 1166 438 1226 cohaeredem
456 1169 537 1241 repni
548 1171 595 1227 sui
607 1171 706 1241 faciet.
938 1179 997 1238 diis
1010 1182 1163 1255 copulabit,
1179 1186 1291 1258 quando
1301 1187 1329 1243 ei
1342 1189 1466 1261 teipsum
1477 1192 1512 1246 ut
1521 1194 1563 1247 est
1575 1189 1740 1251 Potrtcooe·

116 1265 154 1320 dt
167 1263 219 1322 boc
233 1279 401 1339 mapuoporu
414 1265 583 1335 notandum,
595 1285 680 1341 quum
689 1270 790 1327 multis
799 1272 885 1328 matis
939 1271 1034 1343 quatis
1049 1270 1259 1344 manifestabit.

82 1355 603 1429 eamtpronnusetoemuiaejussoepe
619 1360 885 1433 unisonantpuot
974 1360 1744 1439 biurusseaaetotumincrementumperdioersusecuti

81 1432 185 1501 modis,
202 1437 268 1506 quot
278 1434 359 1501 dotis,
367 1436 436 1507 auat
444 1434 570 1502 insidiis,
585 1439 652 1509 puot
661 1436 771 1494 artibus
780 1453 844 1496 eam
852 1439 886 1496 ab
941 1448 1743 1527 temporodistinpuitur.Nominfantiaejusfuitabidam

82 1523 418 1595 amoresponsiarertere
431 1523 884 1584 sanctisuntetnonoatuerunt·
939 1537 1423 1612 usqueadtioe,ejuspueritiaatioe
1434 1545 1565 1616 usquead
1575 1545 1733 1614 Abrabam,

80 1611 157 1666 stat
168 1609 304 1684 paneade
317 1611 601 1684 ptnsibusrepticem,
610 1613 642 1669 in
655 1613 757 1687 primis
773 1617 885 1688 ejustt'-
939 1625 1001 1696 ejus
1014 1625 1206 1683 odolescentia
1218 1629 1251 1684 ab
1265 1628 1406 1686 Abrabam
1419 1647 1511 1705 usque
1523 1631 1666 1699 odDaoid,
1680 1636 1743 1707 ejus

80 1699 229 1771 piniferum
245 1696 316 1756 nbat
336 1699 475 1756 invidiose
496 1703 672 1768 suaserunt,
694 1718 747 1777 per
758 1705 886 1778 piptmtm
900 1715 927 1778 Β
940 1715 1098 1782 juoentsssn
1113 1714 1204 1771 David
1219 1731 1306 1789 uspue
1321 1716 1357 1774 ad
1369 1721 1568 1791 captiuitatem
1584 1721 1742 1794 Dabpionioe

79 1788 176 1844 mutto
183 1788 297 1859 nefaria
305 1789 515 1855 eitututerunt,
526 1789 707 1861 patriarchas
717 1807 781 1850 uero
794 1794 882 1851 oorits
937 1817 952 1859 e
952 1803 970 1875 j
973 1817 1007 1858 us
1018 1806 1175 1860 senectuso
1186 1804 1352 1877 captivitate
1357 1807 1515 1879 Babyloniae
1521 1825 1609 1883 usque
1617 1810 1654 1867 ad
1662 1811 1744 1869 Citri-

78 1876 170 1932 modis
180 1877 475 1950 amiseruntiosepb
487 1877 638 1935 alumnum
646 1881 709 1953 ijus
715 1897 767 1954 per
776 1885 882 1954 fratres
938 1891 1742 1969 stum,ejusdecrepitnadbrtstousqueadpinemmundi.

79 1964 239 2032 uenditum,
249 1965 544 2023 corcertmenduciter
552 1965 747 2038 incluserunt,
755 1971 884 2042 ipsamin
937 1979 1683 2060 Dopigneribus‚det,isoerastpm‚a0animorum,
1695 1992 1742 2045 pa.

78 2053 199 2127 AEpppto
208 2056 443 2127 pereprinantem
457 2054 544 2110 variis
557 2057 731 2114 eruciatibus
747 2074 800 2132 prr
806 2059 884 2116 Pbo-
936 2065 974 2124 tis
990 2083 1100 2141 sponste
1114 2071 1282 2128 contexitur
1296 2071 1366 2128 tiber
1380 2071 1465 2140 buius
1472 2073 1638 2147 Scriptura.

80 2157 202 2242 saonem
216 2147 247 2199 et
263 2143 324 2215 ejus
336 2143 474 2217 poputum
490 2143 673 2214 ordinarunt,
694 2146 884 2220 estimatus
972 2157 1027 2213 Neo
1042 2158 1094 2214 boc
1110 2159 1342 2230 pratereundum
1357 2161 1429 2233 puod
1442 2161 1503 2230 fitia
1517 2164 1676 2221 Pharaonis
1689 2164 1743 2223 ita·

83 2229 245 2288 crudeliter
258 2241 448 2289 necaverunt.
937 2245 982 2302 bet
1004 2246 1037 2302 in
1049 2246 1191 2304 comitatu
1201 2247 1423 2321 patriarchas,et
1436 2250 1598 2323 propbetas,
1606 2256 1635 2310 et
1641 2267 1741 2310 omnes

116 2320 158 2376 De
170 2321 290 2394 AEpypto
305 2321 496 2394 epredierstem
505 2321 635 2382 consitiis
644 2327 674 2380 et
683 2324 883 2398 annisimptu·
936 2333 1028 2405 iustos
1041 2334 1076 2390 ab
1090 2334 1158 2392 tuot
1170 2352 1258 2410 uspus
1272 2337 1309 2392 ad
1323 2337 1477 2394 iatronem.
1496 2337 1571 2395 Filia
1580 2344 1678 2397 autem
1692 2359 1741 2399 re-

77 2425 141 2466 rum
149 2409 404 2482 immutaverunt,
411 2412 443 2467 tn
450 2413 885 2487 terrampromissionispositam
936 2420 979 2495 pis
991 2423 1139 2496 Babylonis
1147 2425 1229 2480 babet
1241 2425 1274 2481 in
1281 2426 1423 2484 comitatu
1430 2428 1577 2501 apostotos,
1587 2431 1739 2504 martyres,

77 2495 311 2570 subjudicibutet
318 2499 426 2572 sepibus
432 2501 886 2560 muttisbettisveeauerssnt.Pro·
937 2514 1121 2585 confessores,
1136 2513 1260 2585 viraines
1273 2517 1303 2570 et
1315 2529 1412 2571 omnes
1427 2516 1534 2572 eiectos
1549 2520 1745 2580 arenturiono

76 2587 180 2659 pietas
198 2587 262 2660 ejus
284 2586 402 2644 diversit
414 2588 506 2661 punis
523 2589 699 2658 occiderunt,
717 2589 883 2648 dttbaboeot
937 2603 987 2674 qui
1000 2601 1077 2658 dicit
1092 2602 1125 2658 tn
1137 2603 1312 2674 buanpebio:
1333 2622 1344 2654 ι
1360 2603 1426 2660 b'ere
1442 2603 1595 2662 biliusDet'
1608 2609 1673 2662 erat
1685 2607 1741 2664 iste

77 2673 239 2732 crudeliter
253 2676 705 2750 laceraveruntsubopostoiiset
721 2694 885 2737 eorumsuc·
938 2688 1055 2759 (Datin.
1075 2704 1168 2744 nvn.
1183 2690 1239 2760 ιιι),
1267 2714 1279 2739 ι
1300 2691 1442 2762 usquead
1464 2692 1557 2748 Etiam
1580 2698 1609 2750 et
1631 2695 1737 2752 Enoch.

78 2763 886 2839 muortbnsamniamembradociesioeeapuisitisetinau·
937 2777 1101 2835 sammitis
1113 2793 1177 2834 vero
1194 2777 1276 2834 babet
1298 2779 1330 2834 in
1349 2781 1492 2837 comitatu
1509 2796 1607 2838 omnes
1625 2784 1676 2855 pus·
1689 2783 1740 2840 sub

79 2852 886 2927 drapantspertudoeoserpenntesdtsoerpseruno‚mitte
934 2865 1143 2941 praedicatione
1157 2866 1269 2922 bibisset
1295 2868 1400 2933 binoob,
1424 2872 1454 2924 et
1472 2868 1523 2926 sub
1545 2871 1740 2935 persecutione

77 2941 219 2998 mortibus
225 2942 887 3017 mcooerunt,demumperboeretimtsctsodcp·
938 2953 1110 3010 Antichristi
1122 2968 1173 3026 pro
1189 2952 1300 3011 Christo
1313 2956 1483 3027 sanquinem
1499 2956 1640 3028 fuderint,
1650 2959 1696 3016 vel
1709 2960 1742 3016 in

77 3033 168 3096 mate,
191 3045 244 3102 per
269 3029 359 3101 fuisos
381 3029 559 3089 Christianos
580 3032 766 3089 simutatione
783 3033 884 3100 ubioue
900 3069 925 3132 G
940 3042 1109 3112 suaciensi
1120 3043 1251 3099 obierint.
1264 3043 1556 3116 flanarapmmm
1571 3045 1744 3104 pappum.

81 3116 272 3170 reseverunt.
281 3113 313 3170 dt
321 3113 354 3168 in
363 3114 542 3172 bisomnibus
550 3115 577 3171 ei
588 3131 647 3171 non
658 3114 883 3189 proeoattsemni.
940 3131 1152 3188 ,mmmmm
1165 3131 1213 3205 qus
1226 3137 1290 3204 pm
1309 3141 1430 3189 ,mmm
1444 3134 1617 3191 mmm,
1629 3151 1682 3208 p„
1704 3143 1745 3194 ω,

107 3218 888 3280 Adbussubdnticbristocorumonnibusmodisteuta·
942 3225 1005 3276 tum
1017 3220 1112 3276 orbem
1127 3219 1164 3274 ad
1176 3219 1378 3292 penitentiam
1399 3222 1528 3279 conumsi
1548 3225 1674 3294 suerint.
1692 3225 1742 3280 tiis

84 3306 477 3376 tionuminstabrsnt,uteam
488 3310 521 3366 ab
531 3324 627 3366 amore
635 3307 732 3382 sponsi
742 3311 886 3380 avertant,
943 3309 1043 3365 taliter
1061 3307 1224 3380 prelibatis
1243 3305 1280 3363 od
1297 3308 1392 3380 ipsam
1417 3310 1545 3369 titterant
1558 3310 1737 3380 accedamus,

85 3397 740 3472 stpromissamcoronsmperdnntetmtnime
748 3397 889 3470 marabe-
942 3398 1025 3470 cujus
1039 3411 1169 3455 accessus
1185 3396 1253 3454 tatis
1266 3402 1330 3453 ests

618 3622 945 3712 TuncTATtts
994 3621 1203 3712 PRIMUS

119 3835 209 3895 bilius
219 3833 296 3911 regis
307 3834 460 3894 Jerusalem
471 3835 646 3910 desponsavit
655 3835 706 3892 sibi
718 3835 802 3892 tibiam
811 3835 887 3909 repis
940 3837 1011 3906 eius.
1028 3831 1086 3893 Iiex
1099 3834 1221 3892 coetastis
1234 3833 1389 3892 terentem
1408 3842 1450 3892 ast
1463 3835 1548 3902 Dens,
1564 3837 1643 3907 enjus
1657 3833 1739 3892 fiilios

82 3925 234 3998 Babylonis
243 3941 293 3997 per
307 3933 422 3999 quatuor
436 3925 558 3982 nuntios.
578 3923 683 3994 Quibus
702 3923 751 3981 ilis
767 3939 887 3996 respon·
942 3931 983 3981 est
998 3923 1130 3990 christus,
1152 3939 1199 3980 sex
1213 3923 1363 3994 Babylonis
1376 3923 1461 3995 hujus
1475 3923 1570 3979 mundi
1584 3932 1627 3979 est
1640 3925 1740 3980 diebo-

84 4013 133 4070 dit.
149 4013 221 4084 Quis
235 4020 277 4070 est
292 4014 424 4071 Dominus
438 4017 558 4071 restent
569 4019 597 4070 st
615 4012 673 4068 illi:
689 4012 822 4070 Dominus
836 4027 887 4069 uo⁴
941 4011 995 4081 bus,
1011 4020 1040 4067 ut
1059 4005 1187 4068 scribitur
1201 4030 1209 4067 s
1225 4014 1362 4086 Princeps
1376 4011 1461 4084 nujus
1474 4012 1576 4068 mundi
1586 4012 1737 4084 judicatus

83 4113 139 4161 ster
153 4111 198 4160 est
212 4103 270 4161 Dos
284 4119 383 4178 rapum
397 4111 423 4160 et
439 4103 574 4160 Dominus
597 4101 805 4172 dominantium,
830 4101 888 4158 Rex
942 4107 985 4158 ert
1000 4101 1089 4173 (toan.
1106 4101 1167 4167 xvi,
1191 4101 1245 4171 ιι).
1262 4100 1350 4170 Hujus
1363 4098 1419 4155 fiiis
1432 4099 1482 4156 tuit
1496 4101 1617 4158 humana
1630 4108 1739 4172 natura,

83 4193 182 4266 glories
197 4202 225 4248 et
240 4191 367 4265 princeps
382 4191 467 4264 pasis.
482 4191 518 4248 Et
536 4191 601 4247 ills:
627 4192 677 4247 Est
690 4190 827 4262 pulcher?
852 4189 889 4245 At
942 4189 1093 4246 imitatione
1107 4189 1213 4262 peccati
1231 4188 1318 4246 iacta.

84 4282 137 4339 iili:
153 4281 223 4352 Ejus
240 4280 471 4352 pulchritudinum
492 4279 535 4337 sol
549 4279 809 4348 disseminantur,
825 4277 889 4352 quia
979 4277 1101 4348 Qustuor
1114 4277 1215 4350 quippe
1229 4277 1320 4334 modis
1343 4276 1442 4335 dicitur
1454 4285 1529 4350 pates
1543 4277 1570 4334 in
1585 4279 1741 4353 scripturis,

84 4378 125 4428 est
141 4371 390 4444 speciosussorma
399 4369 532 4444 propitiis
542 4369 689 4426 bominum
699 4367 792 4438 (Prot.
808 4381 886 4433 nutv,
944 4365 1053 4423 duobus
1067 4366 1255 4440 generatione,
1271 4375 1298 4422 et
1317 4366 1425 4424 duobus
1439 4367 1599 4435 imitatione,
1615 4369 1741 4426 Genera-

84 4461 121 4531 8),
136 4466 164 4515 et
180 4465 255 4514 totns
269 4457 468 4526 desiderabilis,
482 4459 513 4514 in
523 4473 604 4530 ouem
617 4456 713 4530 anpctt
725 4455 888 4512 desiderant
901 4421 928 4482 D
943 4455 1016 4512 tione
1026 4455 1124 4512 dicitur
1137 4455 1223 4511 Adam
1237 4463 1316 4527 pater
1330 4455 1411 4525 hujus
1424 4455 1544 4529 generis,
1560 4464 1588 4512 et
1605 4457 1742 4519 Abraham

84 4549 248 4622 prospicere
259 4546 362 4617 (idcir.
370 4561 390 4615 ι,
401 4547 455 4618 tt).
470 4543 575 4601 Etiils:
591 4545 642 4601 Est
655 4551 753 4616 potens
762 4544 777 4600 t
786 4543 821 4599 Et
830 4541 886 4598 ilii:
942 4553 1023 4616 pater
1036 4543 1289 4608 Iseao;imitstione
1303 4543 1404 4601 dieitur
1417 4546 1493 4601 Deus
1506 4552 1585 4616 pater
1595 4546 1740 4615 justorum,

86 4639 217 4695 Potestas
230 4635 292 4706 ejus
302 4649 320 4690 a
329 4635 404 4691 mori
413 4649 500 4707 usaue
511 4632 548 4690 ad
559 4647 639 4689 more
651 4633 746 4704 (Zacb.
762 4645 802 4700 tn,
825 4631 883 4704 ib).
945 4639 975 4688 ut
991 4631 1047 4687 ibi:
1061 4633 1159 4688 Estote
1165 4633 1334 4706 perfectiut
1348 4633 1413 4690 sitis
1427 4633 1587 4702 fittiPatris
1599 4637 1745 4709 uestrtpui

85 4725 119 4781 Et
133 4725 192 4790 iila,
210 4729 252 4779 est
266 4723 362 4779 divest
375 4723 409 4778 Et
424 4721 466 4777 iili
481 4737 488 4777 :
506 4721 794 4780 Giarioeetdiuitioein
809 4720 890 4776 domo
943 4717 975 4772 in
989 4715 1067 4772 caiis
1081 4715 1243 4787 estidottb.
1259 4731 1288 4786 v,
1305 4717 1359 4782 id).
1374 4717 1411 4772 Et
1425 4717 1544 4774 iterum:
1558 4720 1746 4778 tinusestPo·

86 4815 158 4885 ejus,
170 4816 202 4869 et
211 4815 340 4870 torrente
348 4810 507 4883 uoluptatis
520 4811 633 4883 potabit
641 4824 687 4866 eos
697 4807 789 4879 (Psoi.
801 4823 840 4874 ιιι,
853 4811 868 4863 ³
880 4828 889 4878 ,·
944 4808 990 4861 ter
1005 4808 1099 4860 uester
1112 4804 1162 4877 put
1171 4805 1204 4860 in
1218 4805 1296 4861 coetis
1310 4809 1353 4862 est
1367 4805 1483 4873 (biattb.
1506 4823 1591 4876 xxsu,
1608 4809 1664 4878 19).
1678 4809 1746 4864 Item

87 4917 180 4966 xxxv,
195 4901 253 4971 39).
273 4899 307 4954 iit
327 4897 372 4954 iila
388 4915 395 4953 :
417 4899 564 4954 honoratur
585 4897 766 4954 muneribus?
780 4896 819 4952 At
833 4894 888 4952 illi:
944 4896 1095 4954 imitatione
1121 4896 1224 4954 dicitur
1246 4898 1372 4955 diabobus
1385 4908 1463 4971 pater
1475 4900 1623 4968 maiorum,
1639 4911 1669 4958 ut
1681 4901 1720 4958 ibi
1736 4920 1744 4958 s

87 4991 171 5064 depes
182 4988 298 5046 Tbtsrsis
307 4991 335 5044 rt
345 4987 448 5044 insuta
459 5001 581 5068 munera
591 4987 720 5060 offerent,
730 5001 807 5058 repes
819 4986 891 5042 dra·
948 4987 996 5044 Vos
1008 4993 1135 5061 repaire
1148 4985 1343 5055 diabobo,estis
1354 4989 1446 5061 (toan.
1460 5004 1521 5056 uss,
1537 4991 1593 5060 it).
1602 4990 1746 5046 Hunoimi-

88 5079 152 5135 bum
166 5081 199 5135 et
209 5075 363 5134 Sabodona
374 5077 515 5133 adducent
528 5075 700 5146 (Psatmnxn,
719 5073 773 5141 ιιι).
784 5073 819 5129 Ει
827 5073 889 5129 illa:
945 5075 1028 5131 tando
1051 5075 1080 5130 in
1101 5075 1173 5132 malo
1196 5075 1311 5152 humana
1334 5084 1431 5133 natura
1444 5076 1515 5133 tacte
1538 5085 1580 5133 ast
1598 5077 1654 5133 tilis
1668 5078 1740 5148 eius.

89 5167 157 5235 Quas
170 5173 217 5223 est
230 5164 290 5235 ejus
305 5165 436 5222 servitus.
447 5163 477 5220 Et
486 5162 523 5218 iili
535 5163 651 5220 :Omnes
659 5167 757 5234 pentes
763 5164 891 5219 serviant
945 5163 1022 5219 Hane
1036 5163 1121 5220 Filius
1134 5163 1185 5219 Dei
1199 5164 1383 5236 desponsavit,
1398 5165 1464 5222 dum
1477 5165 1744 5237 patriurchisginno·

89 5259 113 5312 ei
134 5255 229 5322 (ibid,
253 5254 309 5326 tt).
335 5253 367 5308 iit
382 5250 429 5308 illa
445 5269 452 5307 :
475 5251 542 5321 Quoe
557 5259 598 5308 est
612 5251 671 5307 laus
685 5251 766 5322 ejus?
783 5249 820 5306 lit
834 5249 891 5306 itii:
944 5251 1004 5319 tuit,
1021 5251 1086 5324 quia
1104 5253 1252 5309 humanam
1265 5261 1388 5310 asturem
1401 5254 1430 5308 in
1443 5269 1474 5310 se
1486 5269 1627 5310 assumere
1647 5253 1744 5326 dispo·

91 5345 193 5402 Omnes
207 5346 307 5414 pontes
323 5341 511 5413 mapnifioont
524 5356 589 5398 eum
602 5339 690 5412 (ibid,
708 5339 768 5408 17).
945 5339 1009 5395 suit.
1029 5339 1213 5397 internuntios
1230 5341 1305 5398 misit
1318 5341 1383 5398 dum
1394 5343 1545 5413 propbetas
1559 5342 1612 5398 hoe
1624 5342 1744 5399 humano

124 5431 175 5490 His
190 5430 312 5498 auditus,
327 5429 480 5502 respondit,
500 5427 559 5502 ipse
577 5428 711 5485 Dominus
726 5435 825 5495 vestes,
841 5443 892 5485 ue·
945 5428 1042 5500 generi
1069 5428 1194 5486 nuntuue
1222 5429 1325 5499 noluit3
1341 5430 1388 5502 qui
1411 5430 1491 5503 qussi
1511 5431 1656 5502 prooemii
1678 5430 1743 5488 iacti

89 5523 145 5580 nist
160 5531 188 5580 et
204 5522 353 5579 osautetur
366 5534 411 5576 me
424 5518 518 5576 assuta
532 5517 590 5574 aris
603 5519 650 5575 sui
664 5517 754 5586 (Cant.
770 5533 790 5584 ι,
811 5515 849 5588 t),
865 5522 893 5571 et
946 5523 1010 5573 sunt
1031 5516 1097 5573 dum
1117 5517 1235 5591 gloriam
1255 5517 1335 5592 regni
1357 5517 1418 5591 ejus
1434 5527 1461 5575 et
1479 5519 1631 5590 potentiam
1646 5527 1673 5577 et
1690 5519 1745 5578 alia

90 5609 375 5691 loquatusmibimus
384 5605 577 5684 simpliciam,
586 5613 613 5664 st
621 5601 892 5666 tsoismvoluntutcm
944 5604 1066 5682 insignis
1091 5604 1121 5668 ἰιι
1146 5605 1248 5665 mundo
1274 5606 1423 5682 praeonsti
1446 5615 1521 5667 sunt.
1554 5608 1610 5670 Sed
1637 5609 1746 5678 duobus
