3942 6067
121 206 181 263 aas
244 190 298 217 ''

805 210 1129 270 sicutnumerus

1647 189 1652 203 “
1734 206 1800 259 ιιι

120 333 188 405 quic
201 334 263 388 vau
278 338 340 405 post
356 350 400 391 mc
419 334 525 403 venire,
546 336 663 407 adnepct
687 334 869 407 semetipsum
894 334 921 387 et
935 332 961 395 Α
977 332 1246 405 iltipuoefcccrunt.
1262 332 1331 394 Sunt
1345 331 1472 403 discipuli
1485 345 1549 389 cum
1563 331 1671 389 Christe
1682 351 1690 397 ;
1703 333 1785 390 curi-

121 419 213 477 tellnt
234 438 351 479 cracem
368 440 450 481 cunm
468 429 495 481 et
510 428 646 497 cepamtar
658 440 713 479 me.

160 542 269 613 Septem
279 544 388 600 diaconi
403 555 465 602 sunt
480 546 507 602 in
520 546 671 602 ministerio
688 545 810 617 episcopi
825 548 851 599 in
864 542 927 600 loco

118 633 327 703 prophetarum,
344 635 407 706 quin
422 635 560 706 Scriptura
575 635 790 707 septempliciter
799 633 927 689 dividitur

117 718 194 776 inter
206 720 316 778 Novum
332 730 359 779 et
376 724 458 781 Vetus
472 726 677 780 Testamentum
694 742 700 777 ε
718 740 778 797 qum
794 723 820 777 in
832 724 924 777 Eran-

116 810 197 881 gelio
212 810 377 867 ministrant.
397 812 551 885 Episcopus
566 822 590 868 et
607 812 658 868 sibi
668 813 756 881 iuneti
766 812 924 884 postEuan·

115 899 223 969 getium
236 898 265 953 in
278 900 385 971 medio;
401 902 464 973 quia
480 902 600 959 vicarius
628 910 669 957 est
693 901 802 967 Christi,
829 900 922 972 scqui-

116 994 163 1041 tur
176 986 367 1061 Evangelium.
384 990 414 1044 ln
428 992 506 1047 Nouo
521 991 693 1047 Testamenta
706 990 731 1045 in
749 998 872 1062 quatuor,
894 990 921 1045 id

115 1084 160 1129 est
174 1084 250 1131 actus
265 1078 459 1148 apostolorum,
487 1080 627 1135 canonicae
651 1079 780 1150 Epistola
804 1086 918 1150 septem,

115 1163 250 1234 Epistulae
273 1166 346 1222 Pauli
365 1168 588 1239 quatuordecim,
609 1168 785 1241 Apocalypsis
802 1167 848 1221 :in
865 1168 918 1223 Ve-

114 1253 171 1308 tori
184 1254 211 1307 in
227 1254 295 1323 tria;
313 1256 340 1309 in
351 1254 452 1328 legem,
471 1258 496 1310 in
513 1258 672 1328 prophetes,
688 1257 714 1311 in
731 1256 865 1327 psalmos.
889 1256 917 1311 Si

114 1342 238 1413 quinque
253 1343 361 1399 diaconi
378 1344 485 1409 luerint,
503 1346 621 1417 qtriitque
632 1345 773 1400 ministros
784 1346 916 1400 librorum

112 1432 305 1486 demonstrant
334 1432 486 1505 Evangelio
514 1434 678 1491 ministrare.
709 1434 861 1505 Episcopus
888 1436 914 1488 in

111 1528 205 1584 media
217 1530 294 1603 quasi
309 1532 489 1605 Evangelium
505 1534 584 1587 hribet
599 1533 626 1587 in
642 1534 719 1589 Novo
738 1534 914 1588 Testamenta

111 1617 235 1687 primum
263 1620 388 1675 ordinem
415 1622 623 1691 praedicatorum
657 1622 788 1689 historiae,
813 1638 911 1677 secun-

985 429 1044 477 stus
1058 422 1134 477 solus
1147 431 1220 478 orat.

1019 550 1123 606 Deinde
1137 561 1265 607 cantores
1281 557 1388 621 tempus
1402 550 1552 607 Dominicae
1567 550 1702 622 passionis
1722 568 1782 607 me-

981 644 1120 690 morantes
1144 635 1237 692 dicunt
1256 652 1363 691 uersum
1391 636 1425 691 de
1449 634 1589 707 psalterio.
1618 635 1781 691 Psalterium

980 740 1013 778 en
1027 722 1150 779 inferiori
1166 725 1460 795 pa1·tepercutitur,ct
1483 725 1511 779 in
1535 724 1668 795 superiori
1698 724 1781 781 habet

980 812 1008 866 in
1024 812 1194 885 querebant.
1211 813 1255 868 Sic
1268 820 1295 868 et
1310 828 1378 883 opus
1395 812 1533 889 passionis
1549 813 1657 868 Domini
1682 814 1716 867 ab
1735 814 1780 867 iu-

978 898 1072 956 lerieri
1086 900 1169 956 hahet
1182 918 1389 971 percussuram,
1407 917 1423 956 a
1439 902 1572 972 superiori
1584 911 1659 973 parte
1672 900 1781 958 dulcedi

977 1005 1039 1043 nem
1055 991 1278 1045 resurrectionis.
1298 990 1406 1046 Deinde
1421 990 1544 1046 ascendit
1568 990 1716 1061 episcopus
1745 992 1780 1045 nd

975 1077 1071 1143 altare,
1085 1086 1112 1133 et
1130 1078 1271 1134 osculatur
1289 1079 1365 1144 illud,
1389 1086 1415 1134 et
1438 1080 1637 1149 Euangelium
1663 1081 1717 1135 hoc
1739 1088 1780 1135 est

975 1166 1101 1222 Christus
1115 1175 1239 1237 tempore
1255 1168 1390 1238 passionis
1404 1169 1526 1223 ascendit
1551 1168 1721 1223 Hierusalem
1744 1168 1779 1223 ad

973 1268 1094 1311 crucem.
1115 1254 1246 1311 Osculum
1261 1256 1408 1328 Evangelii
1424 1272 1475 1326 pax
1488 1258 1605 1312 duorum
1616 1256 1778 1328 Evangelio

971 1358 1030 1397 rum
1046 1361 1052 1397 :
1070 1345 1194 1399 osculum
1210 1344 1303 1399 altaris
1321 1362 1374 1415 pax
1399 1346 1500 1400 Christi
1527 1361 1588 1401 cum
1620 1346 1773 1401 hominibus

970 1432 1028 1499 eius
1044 1432 1198 1501 passionem
1214 1434 1392 1488 imitantibus.
1408 1434 1589 1505 Evangelium
1607 1442 1733 1489 romanet
1745 1435 1772 1489 in

969 1520 1048 1574 altari
1063 1538 1149 1593 usqne
1164 1522 1197 1577 ad
1214 1522 1372 1595 legendum,
1398 1522 1436 1578 ita
1461 1523 1628 1593 Euangeliou
1651 1523 1774 1578 doctrina

967 1596 1043 1662 initio
1055 1609 1148 1665 sonuit
1164 1609 1193 1665 in
1210 1611 1401 1679 Hierusalem
1428 1612 1492 1667 inde
1520 1611 1604 1667 exivit
1626 1612 1653 1666 in
1681 1612 1773 1682 publi·

112 1706 179 1761 dum
195 1706 336 1777 Epistola),
350 1710 459 1764 tertium
473 1711 632 1781 prophepae,
654 1719 682 1765 ui
703 1718 746 1765 esp
774 1711 912 1780 pp0fflty.
927 1686 954 1749 Β
969 1712 1044 1751 cum.
1063 1698 1168 1754 Deinde
1183 1700 1278 1754 transit
1293 1701 1438 1771 episcopus
1452 1702 1486 1755 ad
1501 1701 1642 1755 dexteram
1657 1700 1772 1767 altaris3

111 1794 172 1865 psis
188 1811 195 1850 :
212 1794 239 1851 in
256 1797 344 1851 Veteri
369 1814 451 1853 unum
474 1798 553 1871 legis,
570 1809 595 1854 et
610 1800 727 1853 alterum
751 1800 911 1870 prophetiae.

111 1883 143 1939 Si
159 1893 213 1939 tres
229 1882 338 1953 luerint,
356 1895 409 1942 tres
424 1888 639 1943 ministrationes
655 1898 738 1944 trium
763 1888 914 1951 librorum;

109 1972 176 2028 lons
190 1974 280 2029 omnis
296 1975 435 2045 sapientiae
451 1978 631 2049 Evangelium
647 1980 675 2033 in
688 1976 780 2032 medio
793 1977 821 2032 in
838 1978 917 2033 Nove

109 2073 286 2131 Testamenta
300 2074 354 2131 duo
368 2077 499 2149 Epistola
523 2086 549 2133 et
571 2078 740 2149 prophetiae3
766 2077 793 2132 in
824 2076 915 2133 Veteri

110 2178 196 2217 unrnn
211 2163 238 2218 id
255 2172 296 2219 est
313 2164 420 2235 legem;
435 2168 514 2223 Naro
538 2168 712 2222 Testamenta
734 2167 806 2222 enim
826 2158 917 2223 oannis

110 2251 255 2322 Scriptura
270 2254 342 2323 apud
365 2263 474 2309 veteres
490 2255 532 2311 lex
547 2265 672 2311 vocatur.
693 2256 721 2313 si
737 2272 806 2311 nnus
822 2254 914 2323 luerit,

110 2351 196 2389 unum
210 2336 366 2393 dilectionis
386 2340 686 2411 praceptumostendit,
723 2348 749 2394 nt
791 2340 913 2396 dicitur:

112 2424 211 2480 Omnis
223 2424 272 2481 lea·
286 2426 318 2481 in
332 2442 389 2483 uno
403 2443 533 2485 sermone
547 2429 799 2501 impletur,ditipes
815 2430 914 2502 proni-

110 2518 292 2569 acuminum
316 2516 390 2571 sicut
419 2520 553 2589 teipsum.
577 2516 757 2573 llinisterium
774 2518 915 2588 prophet-re

109 2609 153 2655 est
189 2616 221 2656 ex
256 2603 413 2659 memoratis
441 2605 517 2659 libris
545 2606 733 2679 evangelicam
768 2607 913 2662 veritatem

108 2690 320 2759 approbarem
339 2694 537 2750 habeuntnnte
557 2711 588 2751 se
616 2696 848 2751 subdiaconorum
874 2712 915 2751 sa-

108 2786 243 2857 pientam,
265 2797 291 2842 ut
303 2803 426 2863 congruo
441 2798 564 2861 tempore
585 2794 758 2864 prophetent,
775 2802 801 2847 et
822 2794 913 2864 acoly-

108 2875 218 2929 thorum
246 2876 290 2931 lux
314 2878 538 2951 doctorumopus
555 2882 663 2953 expleat
691 2884 853 2953 exponendo
882 2883 913 2937 li-

118 2964 197 3019 bros.

146 3087 294 3158 Sapientia,
321 3090 410 3147 idest
437 3092 609 3161 subdiaconi,
638 3094 739 3149 radunt
767 3093 794 3148 in
822 3093 913 3147 medio

109 3177 360 3246 tympanistriarum
384 3181 605 3250 juvencularum,
643 3190 670 3237 ut
699 3183 828 3247 doceant,
857 3198 917 3253 quae

108 3260 306 3330 tympanistria
321 3263 432 3319 laudare
452 3265 582 3321 debeant.
611 3267 823 3339 lympanistriae
853 3274 915 3321 srmt

109 3358 248 3416 cantores,
280 3350 461 3409 ministerium
489 3362 632 3411 cantorum
662 3355 758 3411 laudes
787 3363 910 3409 resonat.

111 3437 332 3495 adolescentulae
347 3449 409 3495 sunt
425 3459 503 3499 norae
520 3444 662 3511 Ecclesia,
682 3460 767 3500 carne
797 3444 914 3501 edomita

109 3526 197 3581 Deum
211 3526 361 3583 laudentes.
378 3531 532 3603 Episcopus
545 3533 658 3588 ueniens
683 3542 737 3587 stat
757 3533 914 3607 inclinatus,

109 3621 137 3667 et
152 3631 248 3685 pacem
263 3618 308 3671 <lat
325 3618 454 3673 ministris
470 3622 515 3693 qui
532 3622 658 3677 adextrat
680 3623 803 3695 laeuaque
826 3632 888 3677 sunt
906 3630 913 3669 :

110 3702 239 3759 Christus
256 3706 386 3763 Ecclesia
401 3718 591 3779 praesentatus,
609 3725 668 3782 quae
683 3714 759 3782 prius
778 3712 879 3782 optavit
906 3729 912 3765 :

110 3792 313 3851 Orculcturmc
328 3798 422 3853 osculo
437 3800 557 3867 ort'srui,
569 3800 644 3855 dedit
659 3801 683 3854 ei
699 3816 807 3871 pacem,
825 3809 851 3855 et
871 3800 912 3853 his

107 3880 155 3951 qui
171 3882 205 3935 de
219 3882 329 3949 Judaeis,
345 3895 372 3940 et
387 3886 428 3939 his
444 3888 488 3959 ‹pui
504 3888 538 3943 de
554 3888 691 3961 gentihus.
712 3891 807 3944 Pacem
830 3889 911 3943 etiam

107 3966 188 4024 offert
204 3974 372 4041 canoribus,
389 3975 435 4047 qui
451 3985 521 4031 retro
536 3986 627 4043 stant;
644 3978 708 4049 quia
724 3986 778 4032 tam
796 3976 911 4049 his,'nui

107 4056 136 4111 in
151 4057 224 4131 lege,
241 4076 323 4133 quam
340 4063 391 4129 his,
409 4064 496 4135 quiin
517 4066 595 4120 Novo
619 4066 794 4121 Testamento
822 4076 909 4133 erant,

107 4162 204 4216 pacem
220 4148 321 4205 tribuit.
339 4151 413 4207 Tunc
427 4160 553 4209 cantores
569 4154 604 4209 de
624 4156 741 4211 adventu
763 4154 908 4210 subdiaco-

110 4250 217 4301 norum.
233 4237 318 4293 idest
340 4241 474 4312 sapientia
497 4243 545 4297 Dei
569 4243 724 4316 intelligunt
752 4243 908 4300 Trinitatem

972 1785 1097 1842 Christus
1111 1788 1193 1861 elegit
1214 1788 1353 1844 dexteram
1368 1791 1450 1845 vitam
1465 1797 1527 1860 post
1544 1790 1775 1844 resurrectionem

970 1890 1061 1930 suam.
1081 1876 1194 1932 Diaconi
1209 1886 1271 1948 post
1285 1893 1347 1932 enm
1372 1878 1485 1933 stantia
1501 1879 1599 1933 ordine
1615 1894 1622 1931 t
1640 1878 1687 1950 qui
1711 1886 1774 1949 post

972 1964 1111 2021 Christum
1135 1974 1227 2032 stant,
1253 1965 1353 2021 firmati
1375 1974 1450 2036 sunt,
1474 1974 1504 2021 ut
1533 1983 1596 2021 eum
1621 1975 1773 2036 sequantur

971 2054 1105 2124 usquead
1121 2064 1246 2121 mortem,
1263 2061 1289 2111 et
1303 2072 1367 2111 cnm
1382 2071 1415 2110 eo
1430 2063 1569 2111 transeant
1584 2055 1618 2109 ad
1642 2065 1770 2111 aeternam

970 2141 1065 2199 vitam.
1082 2144 1169 2212 llaj0r
1190 2160 1254 2214 purs
1279 2145 1379 2220 stetin
1403 2153 1481 2215 parte
1503 2144 1608 2208 dextra,
1633 2144 1723 2199 minor
1744 2144 1772 2197 in

970 2226 1101 2293 sinistra;
1126 2229 1222 2282 dextra
1241 2244 1305 2299 pars
1332 2236 1395 2282 sunt
1425 2237 1535 2294 atoma,
1566 2227 1679 2282 sinistra
1704 2242 1771 2282 vero

971 2314 1147 2387 temporalia.
1168 2317 1287 2372 Petimus
1300 2333 1316 2371 a
1331 2317 1390 2373 Deo
1404 2325 1515 2381 aeterna,
1534 2316 1561 2370 id
1577 2315 1768 2384 estjustitiam‚

969 2403 1132 2474 sapientiam
1154 2412 1180 2459 et
1208 2406 1391 2471 alteritatem
1417 2405 1533 2474 petimus
1547 2410 1574 2459 et
1601 2403 1769 2473 temporalia,

968 2490 1072 2548 fructus
1093 2501 1180 2557 terrae.
1203 2502 1229 2548 et
1243 2509 1341 2564 pacem
1356 2494 1384 2548 in
1399 2502 1471 2548 terra
1485 2501 1593 2549 nostra.
1618 2492 1693 2546 lutor
1712 2493 1770 2546 haee

968 2580 1061 2635 omnia
1074 2582 1192 2652 acolythi
1203 2586 1288 2649 stant,
1304 2590 1330 2636 et
1346 2589 1437 2637 teuent
1456 2597 1550 2637 cereos
1565 2581 1591 2636 in
1616 2579 1745 2635 manibus
1761 2596 1767 2634 :

967 2666 1076 2725 luceant
1092 2671 1220 2725 doctores
1235 2680 1261 2725 et
1277 2671 1367 2725 verbis
1378 2677 1403 2725 et
1418 2670 1561 2741 operibus.

1102 2822 1172 2876 aaa.
1191 2792 1308 2877 xxxvss
1324 2854 1358 2864 -
1373 2824 1411 2878 ne
1426 2823 1510 2893 rpite
1524 2820 1637 2877 eleison.

1003 2964 1087 3037 Kyrie
1098 2966 1203 3022 eleison
1218 2975 1330 3037 propter
1343 2975 1399 3022 tres
1414 2980 1511 3022 causas
1531 2972 1657 3021 cantatur
1672 2983 1679 3028 ;
1711 2980 1767 3019 una

929 3039 996 3108 Gut
1010 3065 1152 3110 serenetur
1166 3070 1243 3111 mens
1257 3056 1411 3111 sacerdotis
1425 3056 1460 3109 nd
1477 3070 1511 3110 ea
1524 3053 1691 3109 attondenda
1706 3069 1768 3123 quae

971 3157 1020 3198 ore
1047 3144 1131 3213 dicit;
1158 3145 1254 3211 altera,
1282 3154 1312 3200 ut
1336 3144 1437 3217 dignus
1464 3144 1499 3197 sit
1521 3143 1594 3214 loqui
1614 3158 1676 3199 cum
1699 3144 1765 3203 Deo.

971 3241 1104 3301 qnantum
1131 3233 1165 3287 ad
1203 3235 1348 3288 humanam
1377 3241 1502 3287 naturam
1519 3231 1636 3301 pertinet
1653 3248 1660 3297 ;
1679 3230 1765 3296 tertia,

970 3319 1044 3390 qrrod
1059 3321 1081 3375 si
1098 3322 1177 3377 taedio
1190 3321 1282 3393 aliquo
1296 3322 1433 3392 corporali
1452 3320 1565 3390 spiritus
1579 3318 1693 3374 affectus
1707 3318 1768 3373 sinc

970 3417 1061 3462 mente
1075 3411 1203 3475 oraverit,
1220 3411 1352 3466 Dominus
1367 3426 1422 3465 non
1437 3410 1465 3463 in
1486 3407 1579 3463 lurore
1603 3424 1652 3462 sno
1676 3406 1766 3473 respi-

968 3498 1033 3552 cliat
1048 3513 1132 3567 super
1144 3499 1221 3565 iilud,
1237 3500 1286 3555 sed
1305 3500 1332 3554 in
1349 3498 1453 3568 judicio
1478 3496 1685 3552 misericordiae.
1701 3495 1766 3551 ldeo

968 3586 1052 3640 etiam
1066 3586 1092 3641 in
1105 3588 1232 3643 omnibus
1246 3586 1345 3643 ciliciis
1358 3598 1420 3643 ante
1430 3587 1579 3642 orationem
1592 3583 1765 3640 Dominioam

968 3676 1049 3748 llyric
1060 3678 1165 3732 eleison
1179 3676 1286 3741 dicitur,
1303 3676 1329 3730 id
1342 3677 1521 3741 eameriatus,
1533 3677 1678 3730 miserere.
1689 3675 1766 3728 Tunc

965 3765 1103 3835 deponunt
1126 3765 1245 3835 acolythi
1268 3780 1374 3832 cereos,
1400 3765 1426 3819 id
1440 3773 1483 3818 est
1504 3771 1566 3834 post
1588 3763 1662 3817 hena
1675 3776 1759 3832 opera

965 3854 1140 3908 humiliantur
1155 3872 1161 3908 :
1178 3854 1240 3925 quia
1257 3856 1329 3908 Deus
1343 3853 1471 3924 superbis
1490 3852 1600 3917 resistit,
1612 3850 1760 3904 humilibus

966 3953 1059 3998 autem
1075 3943 1121 3997 dat
1134 3943 1266 4015 gratiam.

1142 4093 1211 4149 Can.
1231 4093 1362 4149 xxxvl
1381 4124 1415 4132 —
1428 4094 1465 4148 Dc
1480 4093 1582 4149 δινσιε.

999 4225 1101 4278 Cereus
1116 4222 1143 4276 in
1159 4220 1250 4275 medio
1263 4227 1356 4283 stans,
1377 4218 1516 4289 significat
1539 4218 1687 4286 Christum,
1715 4218 1762 4290 qui

110 4324 197 4379 Deum
212 4326 326 4383 laudare
338 4328 481 4387 eadjeunpg
496 4331 588 4389 propp,
599 4334 713 4389 pap-553
724 4334 794 4389 pepp,
805 4339 832 4389 εἰ
846 4334 908 4407 spi,
963 4312 1029 4365 dixit
1046 4328 1052 4365 :
1072 4313 1118 4368 lidi
1128 4312 1181 4366 duo
1193 4310 1234 4365 oct
1245 4308 1591 4378 trasconpaputisucrint
1602 4310 1634 4406 ia
1645 4310 1762 4364 nominc

108 4416 182 4469 ritui
193 4420 306 4471 sancto.
322 4417 437 4473 Diaccni
448 4422 826 4493 quasichorusprophetarum
836 4430 906 4477 stant
923 4393 949 4454 D
966 4416 1026 4456 ΜΟ
1039 4401 1072 4454 t'n
1086 4399 1178 4454 mem
1193 4414 1291 4455 emm
1309 4413 1383 4453 mm·
1409 4397 1518 4465 sellem
1542 4412 1626 4462 weh
1656 4403 1763 4468 sellem

108 4514 168 4557 curu
186 4518 219 4558 eo
235 4504 390 4574 humilitati,
409 4516 434 4562 et
459 4510 552 4564 dicunt
574 4528 580 4565 :
606 4511 737 4573 Domine.
762 4510 828 4567 doce
854 4528 905 4567 noa

106 4604 203 4657 orum
223 4594 286 4663 quia
301 4596 458 4665 unigenitus
472 4598 564 4664 Filius,
583 4601 627 4671 qui
644 4606 685 4653 est
700 4599 726 4653 in
743 4600 802 4654 sinu
816 4600 905 4653 Patris

104 4678 183 4733 docet
197 4695 286 4737 crare.
304 4684 468 4741 laudatores
484 4688 617 4743 adventus
634 4688 740 4742 Domini
756 4688 813 4742 sivo
837 4705 903 4743 can-

103 4776 178 4823 tores
194 4782 300 4841 tempus
315 4789 376 4828 esse
390 4776 561 4841 erraruntiant.¹
580 4784 607 4830 ut
622 4777 706 4833 corda
718 4777 827 4831 latrum
840 4794 904 4831 con·

103 4864 244 4913 vertantur
258 4860 286 4915 in
301 4860 371 4917 lilios
388 4881 395 4917 :
412 4864 485 4919 sicut
500 4865 635 4919 Abraham
652 4873 709 4921 tres
724 4865 839 4938 angelos
862 4867 904 4921 vi·

103 4945 150 5015 dit,
166 4955 191 5002 et
208 4964 289 5003 onum
307 4952 540 5021 Deumadoravi13
558 4954 598 5009 sic
609 4956 690 5009 modo
702 4954 771 5009 lilios
782 4955 904 5011 Abrahae

102 5044 224 5104 oportent
238 5039 350 5095 credere
365 5048 392 5095 et
406 5041 498 5097 dicere
517 5060 523 5095 ε
540 5043 619 5099 Sicut
633 5048 695 5099 erut
708 5047 738 5100 in
763 5045 903 5117 principio

102 5128 130 5178 et
143 5142 221 5181 nunc
234 5131 264 5183 ct
278 5144 389 5201 semper
400 5134 428 5186 et
437 5132 579 5187 intercute
589 5134 766 5188 seculorum.
777 5134 836 5188 Duo
847 5134 904 5188 dia-

101 5214 162 5267 coni
192 5216 293 5269 radunt
327 5218 445 5273 vicissim
474 5220 636 5276 altrinsecus
664 5221 782 5276 osculari
818 5222 903 5277 latera

101 5300 204 5367 altaris,
217 5304 281 5375 quia
292 5304 416 5361 Christus
433 5308 505 5362 misit
521 5308 600 5363 binos
619 5310 758 5380 apostolos
780 5318 842 5365 aute
864 5310 902 5364 la-

99 5390 167 5446 ciem
182 5408 268 5447 sueni.
285 5392 416 5451 Osculum
431 5414 525 5453 eorum
542 5396 691 5469 significat,
710 5400 756 5453 tibi
773 5400 901 5455 intrantes

99 5478 216 5534 dicunt:
234 5484 296 5538 Pon
311 5485 376 5541 huic
400 5488 495 5541 domui
511 5502 516 5539 :
530 5488 621 5541 ditare
646 5486 728 5542 corda
750 5488 899 5544 electorum

99 5568 201 5638 signat.
243 5572 339 5627 Postea
372 5584 544 5629 reserrentur
573 5576 605 5629 ad
631 5575 797 5647 episcopum,
826 5588 852 5631 ut
872 5578 900 5633 in

98 5656 369 5733 Et‘angeliolcgitur:
380 5664 449 5731 Quin
456 5666 686 5738 reversiapostoti
692 5668 901 5729 nuntiaverunt

960 4490 1031 4545 dona
1044 4489 1159 4559 Spiritus
1173 4485 1270 4541 saneti.
1287 4486 1425 4556 Episcopo
1439 4485 1606 4540 ascendente
1618 4486 1653 4539 ad
1668 4478 1761 4540 sedem

960 4586 1114 4633 cereostata
1131 4585 1270 4631 mutantur
1284 4576 1319 4629 de
1334 4575 1402 4631 loeis
1425 4574 1483 4627 suis
1505 4573 1534 4637 in
1555 4574 1652 4628 ordine
1681 4574 1761 4628 unius

960 4668 1038 4723 linem
1069 4674 1184 4736 excepto
1205 4664 1293 4735 primo
1316 4678 1404 4735 usque
1427 4663 1461 4716 ad
1484 4662 1578 4717 altare.
1604 4663 1761 4717 Cereostata

959 4755 1034 4811 varin
1049 4756 1120 4810 (lona
1137 4755 1252 4824 Spiritus
1268 4753 1373 4816 sancti3
1390 4752 1462 4805 linea
1483 4766 1537 4804 una
1561 4747 1649 4804 unitas
1672 4750 1760 4818 Spiri-

960 4856 1003 4901 tus
1018 4844 1103 4901 sancti
1118 4845 1144 4897 in
1161 4843 1279 4914 singuiis
1293 4841 1385 4896 donis.
1406 4840 1485 4907 Quod
1509 4838 1602 4907 incipit
1617 4855 1632 4891 a
1659 4839 1758 4908 primo,

958 4936 1063 4991 indtcat
1077 4934 1221 4995 Christum,
1239 4946 1325 5000 aquo
1350 4930 1486 5000 pros-edri,
1512 4927 1627 4996 Spiritus
1650 4933 1760 4981 sanctus

958 5023 1093 5095 usquead
1109 5023 1205 5086 altare,
1220 5020 1302 5075 idest
1317 5018 1402 5074 corda
1415 5018 1573 5073 electarum.
1589 5014 1667 5085 Quod
1685 5023 1759 5084 post-

958 5130 991 5168 en
1006 5110 1135 5167 inofficio
1159 5110 1251 5164 missae
1273 5108 1367 5179 agitur,
1383 5105 1449 5160 illud
1472 5112 1581 5174 tempus
1609 5102 1756 5174 signifieat,

957 5218 1011 5274 quo
1026 5200 1148 5271 Apostoli
1163 5207 1189 5253 et
1203 5213 1299 5252 corum
1313 5210 1491 5251 successores
1511 5192 1622 5264 negotia
1646 5190 1758 5247 Domini

957 5299 1097 5356 accersant²
1114 5288 1186 5360 quod
1203 5286 1294 5340 hrtitnr
1308 5284 1431 5355 perlecto
1445 5281 1610 5355 Eiraugeliu.

1050 5447 1114 5502 Cae.
1131 5442 1271 5498 xxxvii.
1289 5471 1323 5481 -
1339 5442 1374 5495 De
1391 5436 1483 5493 Gloria
1497 5436 1523 5489 in
1539 5435 1665 5491 excelsis.

991 5573 1174 5643 Telesphorus
1190 5582 1262 5638 papa
1270 5563 1395 5630 instituit,
1407 5563 1538 5617 utilioris
1548 5562 1579 5616 in
1590 5561 1710 5617 eccelsia
1720 5558 1756 5613 ad

954 5672 1066 5728 missam
1080 5674 1228 5726 cantetur:
1244 5661 1362 5718 llilarius
1374 5659 1547 5717 pictaviensis
1558 5657 1690 5715 Ecclesia
1699 5660 1757 5726 epi·
