3942 6067
218 249 287 303 tata

781 214 786 227 ⁴
877 240 1052 299 asarmot
1070 242 1212 303 cnossi.

1704 246 1709 255 ’
1808 254 1882 311 tata

141 351 145 357 ’
214 372 265 427 sibi
281 369 427 427 Darninum
443 367 623 425 constituant.
652 369 718 425 Viro
738 384 848 443 quoque
870 369 921 424 Dei
940 368 1008 425 Ber·
1022 370 1051 431 A
1065 384 1122 425 non
1133 368 1192 444 jam
1206 370 1294 429 sancti
1307 372 1359 429 riri
1372 378 1452 446 gesta
1466 370 1634 439 describere,
1649 374 1697 430 sed
1712 376 1874 447 quamlibet

213 461 300 517 nardo
312 475 362 531 per
374 458 461 528 ipsam
484 473 561 513 suam
583 467 698 513 matrem
726 456 845 513 intimari
870 456 955 528 petiit,
982 464 1010 512 ut

211 567 261 622 pro
275 549 363 605 salute
377 546 473 603 animm
488 562 545 601 sure
559 546 748 615 intercederet,
763 554 790 603 et
804 561 855 618 pro
870 544 1010 617 ereptione

174 702 183 715 .
213 637 336 710 corporis
352 636 404 703 sai,
421 651 481 706 qaae
494 634 594 691 arnodo
606 634 666 693 lieri
681 652 736 691 non
750 644 867 706 poterat,
880 635 936 703 iam
951 634 1010 690 sol-

211 728 302 783 licitus
317 739 488 797 nequaquam
503 722 641 780 existeret.
655 723 734 794 Quod
751 726 795 780 vir
819 723 870 779 Dei
895 723 1011 779 audiens

212 832 275 872 mox
296 812 426 885 lacrymis
456 812 636 883 pertunditur,
663 828 695 869 ac
720 813 822 869 deiude
850 812 1010 885 prophetico

212 905 306 977 spiritu
321 902 451 974 repletus,
468 900 533 957 talia
548 902 731 957 nuntiantibus
755 902 895 969 admonet,
919 910 948 955 ut
975 900 1010 956 da

212 992 261 1049 Dei
277 991 466 1047 misericordia
479 999 655 1061 praesumant,
672 999 698 1046 et
713 991 747 1045 de
762 990 836 1045 illius
850 989 1011 1045 liberatione

209 1082 322 1137 minime
337 1078 470 1135 diffidant.
494 1078 657 1152 adjungens
682 1080 756 1151 quod
776 1078 835 1149 ipsa
859 1078 1010 1135 adversitas

210 1172 329 1228 ltotrece
349 1168 378 1223 in
400 1166 620 1239 prosperitatem,
644 1168 764 1224 lieberto
789 1183 856 1225 vero
870 1166 899 1222 in
925 1166 1010 1221 maxi-

210 1276 282 1315 mam
310 1265 524 1314 commutaretur
557 1256 732 1313 adrersitem.
758 1256 839 1326 Quod
861 1265 888 1313 et
907 1256 1009 1313 factum

211 1357 262 1404 est.
277 1349 346 1403 lt'am
366 1347 424 1402 sola
437 1346 509 1403 iltius
521 1344 638 1417 provida
651 1345 866 1417 dispensatione,
891 1344 937 1417 qui
960 1359 1008 1400 sa-

209 1438 315 1508 pientes
330 1436 406 1492 norit
424 1433 451 1491 iu
468 1450 519 1489 sua
533 1434 631 1490 astutia
653 1434 900 1505 comprehendere,
921 1433 1009 1489 breve

210 1524 278 1582 satis
293 1533 432 1581 transacto
447 1523 554 1579 dierum
570 1522 721 1589 curriculo,
732 1530 760 1576 nt
769 1522 813 1577 vir
824 1521 931 1579 Domini
939 1538 1009 1593 prae-

175 1636 178 1640 ⁷
210 1613 326 1681 dixerat,
342 1613 438 1671 consul
451 1610 523 1668 liber
536 1619 563 1668 et
577 1610 723 1667 incolumis
738 1610 833 1682 patriae
847 1610 1006 1679 restituitur,

1063 453 1209 511 historiam
1223 464 1315 514 texere
1329 456 1578 529 comprobabimur.
1588 458 1772 519 ¹Territorium
1784 460 1874 517 etiam

1065 543 1149 615 qnod,
1164 552 1194 601 ιιι
1216 546 1408 617 premisimus,
1435 546 1617 618 quorumdam
1638 547 1753 607 consilio
1781 550 1877 605 deee-

1065 640 1128 703 ptus
1157 636 1239 689 beato
1259 634 1320 691 viro
1341 634 1498 700 abstulerat,
1533 634 1652 692 reddidit
1671 638 1740 707 (tr),
1774 638 1877 711 ibique

1065 721 1240 795 quamplures
1254 726 1452 781 monachornm
1466 723 1550 789 illius,
1572 724 1679 781 idoneis
1702 726 1877 783 constructis

1063 810 1253 867 mansionibus
1267 820 1294 869 et
1321 812 1528 885 quamplurimis
1542 812 1679 883 deputatis
1706 815 1878 879 redditibus,

1063 900 1217 971 ampliavit.
1248 902 1415 973 Supradicta
1442 918 1507 959 vero
1535 900 1734 973 Beatrix,e‚ius
1758 905 1880 977 cognita

1064 988 1207 1045 sanctitate
1236 1000 1390 1047 castrorum
1420 1007 1533 1047 suorum
1561 992 1757 1049 habitationem
1789 994 1878 1049 dese-

1063 1093 1135 1145 rens,
1157 1078 1266 1151 Tyronii
1289 1078 1429 1137 aedificatis
1453 1079 1576 1146 aedibus,
1602 1081 1675 1153 quad
1691 1081 1767 1151 vixit,
1790 1082 1877 1138 dein-

1063 1181 1130 1238 ceps
1145 1166 1284 1234 habitarit,
1305 1168 1401 1241 ibique
1423 1168 1564 1242 ingentem
1587 1169 1745 1237 basilicam,
1777 1170 1876 1227 multis

1063 1255 1192 1326 expensis
1206 1256 1340 1327 pecuniis,
1355 1256 1521 1325 fabricarit;
1536 1258 1582 1313 eui
1597 1258 1631 1314 ab
1648 1259 1700 1316 hac
1714 1259 1770 1315 rita
1784 1260 1868 1316 deee-

1062 1344 1136 1400 denti
1150 1344 1255 1401 taliane
1268 1346 1326 1419 (ii)
1342 1346 1400 1416 ejus
1416 1345 1485 1414 filia,
1500 1354 1632 1405 materna
1647 1347 1794 1419 probitatis
1810 1348 1872 1405 hae-

1064 1450 1120 1502 res,
1139 1434 1275 1492 successit
1291 1453 1298 1489 :
1315 1451 1376 1508 qum
1386 1434 1511 1506 pluribus
1521 1434 1659 1493 distractis
1667 1437 1827 1508 sumptibus
1835 1438 1878 1493 oi·

1062 1520 1203 1581 boicarum
1217 1531 1374 1580 nostrarum
1389 1532 1494 1597 partem
1521 1540 1577 1581 non
1593 1525 1731 1583 modicam
1752 1525 1875 1599 diligen·

1062 1609 1165 1669 tissime
1178 1620 1275 1685 postea
1290 1613 1504 1670 consummavit.

210 1703 461 1771 etllobertusttitt),
476 1700 589 1772 idipsis
604 1716 667 1773 quae
682 1700 860 1771 prediximus
885 1699 1047 1793 vinculisB
1098 1712 1142 1767 aa,
1175 1712 1246 1766 Dum
1272 1710 1355 1785 iginus
1378 1711 1537 1767 nefandus
1559 1710 1756 1769 musterium
1787 1730 1870 1771 suum

205 1793 285 1861 jussu
299 1790 410 1846 Henrici
424 1788 547 1862 regiain
560 1787 1007 1862 Angliamtransportatus,usque
1061 1796 1208 1855 aedificaret
1230 1799 1257 1855 tn
1287 1799 1409 1867 tanneia,
1436 1800 1571 1857 nobisque
1595 1800 1789 1857 ,abreselensis
1807 1803 1868 1871 (ῃ)

209 1880 245 1935 ad
260 1880 333 1935 diem
347 1878 440 1936 mortis
455 1895 513 1933 suae
527 1886 659 1949 perpetuo
682 1893 795 1935 carcere
813 1877 954 1944 religatur.
984 1876 1008 1933 0

209 1968 297 2023 virum
312 1966 541 2024 excellentissimo
554 1966 697 2037 praeconio
710 1966 843 2039 dignum!
867 1966 944 2035 cujus
972 1964 1011 2021 Ia-

209 2058 310 2127 crymis¹
328 2057 386 2127 ipse
401 2056 462 2111 lons
477 2055 585 2126 pietatis
600 2064 803 2119 commoratum
819 2055 897 2124 cujus
921 2054 1011 2111 moni-

170 2145 176 2153 '
211 2144 246 2201 tis
261 2144 369 2201 viduata
380 2145 465 2217 patria
479 2144 641 2211 roboratum
656 2144 692 2201 ad
707 2144 783 2213 ctrjus
794 2142 949 2199 vaticinium
960 2159 1010 2199 ca-

208 2234 283 2305 ptiro
297 2234 418 2298 liberato,
431 2243 574 2305 tyrannus,
587 2233 653 2303 ipsis
665 2248 734 2305 quos
745 2231 895 2289 tetenderat
905 2231 1011 2305 laqueis

209 2324 342 2389 irretitas,
358 2322 456 2378 exsilio
471 2321 652 2392 mancipatur.

243 2449 288 2503 cl.
311 2447 414 2503 Consul
434 2446 527 2518 itaque
541 2444 637 2516 patriae
651 2460 682 2500 ar
697 2443 873 2515 prosperitati
882 2443 1012 2515 pristinae

208 2537 358 2604 restitutus,
373 2543 492 2593 castrum
505 2532 654 2589 belismum
668 2534 725 2604 (tia)
740 2548 793 2589 nec
805 2548 862 2589 non
886 2540 914 2587 et
937 2532 1012 2601 adja-

209 2633 297 2689 centia
311 2631 350 2688 illi
363 2630 503 2687 territoria
525 2646 588 2685 mox
611 2628 736 2697 obtinuit,
764 2636 846 2700 atque
875 2637 930 2683 tarn
958 2627 1011 2683 sibi

210 2738 293 2795 quam
307 2721 364 2777 sois
377 2719 531 2776 haeredibus
543 2718 673 2789 deinceps
688 2717 855 2789 possidenda
878 2716 1012 2790 subjuga-

1065 1904 1143 1943 suum
1171 1895 1361 1945 construxerat
1392 1888 1420 1944 in
1455 1889 1611 1961 Aquitania,
1647 1906 1746 1962 nempe
1773 1890 1867 1947 Fontis

1064 1976 1186 2045 Ebratdi,
1202 1976 1364 2049 hadulphus
1387 1977 1556 2033 Fusteienais
1569 1978 1596 2033 in
1606 1976 1754 2045 Britannia,
1777 1979 1874 2035 Vitatis

1065 2080 1130 2122 vero
1145 2066 1180 2121 de
1194 2066 1357 2123 llauritonio
1373 2082 1454 2122 suum
1479 2065 1632 2123 fabricabat
1654 2067 1682 2122 in
1704 2068 1872 2137 Northman-

1064 2153 1121 2221 nia,
1137 2170 1236 2225 nempe
1252 2154 1410 2227 Sarinejam
1424 2154 1453 2210 in
1468 2154 1581 2213 dioecesi
1596 2154 1767 2223 abrincensi,
1793 2158 1870 2229 qnod
1956 2220 1957 2229 ,

1065 2250 1161 2314 postea
1175 2242 1277 2301 domno
1292 2242 1432 2301 lhraardo
1447 2242 1530 2299 cessit
1544 2258 1607 2300 cum
1621 2243 1795 2301 monasteriis
1813 2246 1871 2317 (ιι)

1065 2330 1130 2387 inde
1146 2332 1329 2404 pendentibus
1345 2330 1412 2403 (75).
1429 2329 1504 2400 Quos
1520 2348 1657 2403 supernus
1670 2332 1772 2389 arbiter
1791 2334 1872 2406 longe
1957 2326 1958 2357 *

1065 2436 1081 2477 a
1096 2436 1126 2477 se
1142 2420 1255 2492 positos,
1272 2426 1299 2477 et
1313 2420 1470 2477 indicassis
1485 2419 1645 2495 regionibus
1659 2430 1802 2493 separatos
1817 2438 1870 2477 ma-

1066 2525 1130 2565 nere
1148 2508 1248 2577 voluit;
1265 2508 1329 2581 quia
1344 2512 1384 2565 tot
1398 2518 1425 2565 et
1443 2517 1520 2565 tanta
1547 2510 1733 2583 unusquisque
1762 2510 1869 2567 illerum

1064 2598 1232 2655 monasteria
1247 2598 1406 2666 construxit,
1423 2607 1452 2655 ut
1467 2614 1521 2654 una
1535 2614 1583 2655 eos
1603 2598 1678 2674 regio
1694 2598 1807 2655 minime
1821 2616 1870 2655 ca-
1958 2638 1959 2643 κ

1064 2694 1150 2760 peret,
1167 2704 1222 2743 una
1236 2686 1378 2759 provincia
1399 2686 1660 2759 congregationibus
1676 2688 1712 2743 ab
1730 2688 1785 2743 illis
1799 2690 1865 2744 adu·

208 2808 260 2863 vit·
280 2806 384 2861 Exhinc
399 2818 480 2877 qum
495 2802 578 2859 emus
590 2802 677 2873 pomp
700 2802 734 2856 ,d
756 2800 846 2857 virum
870 2800 920 2857 Dei
946 2801 1011 2856 Bes,
1063 2776 1135 2834 natis
1150 2776 1261 2833 minime
1277 2775 1429 2832 sufficeret.
1451 2778 1534 2832 Porro
1549 2774 1650 2831 Christi
1662 2775 1738 2832 miles
1752 2776 1867 2833 Bernar-

209 2895 336 2963 nardum,
352 2896 432 2961 cujus
446 2892 551 2947 meritis
564 2900 592 2947 et
604 2889 773 2947 orationibus
798 2890 930 2946 liberatus
951 2890 1011 2945 iue—
1063 2865 1125 2963 ‘¹9⁵²
1139 2872 1281 2937 imbuam
1296 2864 1414 2922 ⁰oe⁰⁰bii
1427 2865 1470 2920 ⁵¹¹³
1483 2864 1578 2921 ⁸²d⁰¹¹¹
1590 2863 1731 2922 ¹⁰⁰³V⁰ffl¹
1747 2864 1775 2921 5¹¹
1794 2882 1870 2937 ΡΜ·

209 2982 400 3055 mfflefvenjq
416 2999 424 3036 ς
440 2978 735 3053 gratesquasdebup'
752 2992 808 3035 „on
831 2986 887 3033 mm
914 2977 1010 3033 ,erbis
1060 2953 1115 3021 dio,
1133 2954 1207 3027 quod
1222 2954 1307 3025 ipsius
1322 2954 1438 3027 genitrix
1453 2954 1507 3010 sibi
1522 2970 1571 3025 per
1584 2970 1694 3009 manum
1718 2954 1869 3010 canonico-

210 3086 292 3142 qnam
306 3067 436 3139 lacrymis
457 3081 491 3122 ac
513 3063 742 3136 subseqnentibus
766 3062 887 3131 indiciis,
902 3063 1008 3121 retulit:
1026 3058 1124 3157 Cium
1139 3058 1250 3143 {mlum
1269 3042 1392 3143 dedeflb
1411 3042 1494 3143 'uuna‘
1518 3059 1580 3099 ²³¹⁰
1606 3042 1670 3100 inde
1693 3042 1795 3115 θῖΡῑῑῙῙῑ
1822 3059 1871 3101 ⁰⁸·
1960 3054 1961 3057 ’

210 3174 293 3231 quem
314 3164 391 3213 tante
415 3154 513 3212 affectu
530 3162 628 3225 postea
648 3152 752 3220 dilexit,
782 3161 811 3208 at
827 3152 853 3209 ei
866 3152 895 3208 in
919 3152 1013 3209 multis
1064 3131 1177 3200 lamma,
1192 3131 1267 3189 flunt
1281 3130 1612 3203 9⁰¹¹¹¹l1¹l¹⁰⁰d¹ffl⁰lel0
1626 3131 1866 3203 Pi⁰⁰0¹¹⁰⁸ae¹0ffl·

183 3219 187 3230 ι
211 3246 347 3313 obediret,
362 3262 378 3301 a
391 3244 495 3316 rapinis
509 3252 537 3299 et
550 3241 760 3299 crudelitatibus
774 3241 971 3312 ejusdoctrinis
982 3256 1014 3298 se
1066 3220 1179 3293 pestatis
1192 3218 1361 3286 ⁸dl0f⁵i¹f²⁵i
1378 3219 1442 3292 (luia
1458 3220 1566 3277 Chlisw
1584 3219 1742 3289 inhffifflb
1763 3220 1809 3293 <lli
1825 3230 1870 3278 ⁸⁵2

210 3342 385 3407 temperaret,
412 3335 494 3389 vitam
514 3346 593 3387 suam
616 3331 646 3385 in
669 3329 767 3385 melias
787 3328 945 3386 reformaret
960 3349 969 3399 ς
985 3337 1013 3385 et

135 3411 141 3421 ⁵
211 3442 247 3480 ne
267 3431 341 3479 tanto
365 3422 488 3493 ingratus
503 3417 639 3474 beneticio
653 3426 805 3489 appareret,
833 3418 950 3489 plurima
974 3418 1014 3473 illi

212 3510 327 3569 donaria
340 3509 464 3574 contulit,
481 3524 541 3580 quae
555 3506 732 3563 dinumerare
746 3506 959 3577 dissimulaturos,
979 3523 1015 3563 ne

212 3603 318 3659 devotis
333 3598 481 3658 lectoribus
496 3596 637 3652 fastidiam
649 3595 812 3651 inieramus.
828 3596 858 3652 Si
871 3596 944 3652 enim
954 3596 1014 3653 sin-

213 3690 278 3763 gula
293 3706 354 3762 quae
368 3688 395 3743 in
411 3684 578 3742 multimodis
593 3684 719 3741 ecclesia
729 3684 905 3753 ornamentis,
916 3701 977 3756 qma
988 3685 1015 3741 in

213 3774 340 3849 gemmis,
356 3786 418 3845 quae
434 3771 462 3825 in
476 3769 569 3827 aureis
583 3768 642 3823 sive
655 3768 795 3841 argenteis
811 3768 894 3837 rasis,
911 3786 973 3840 quae
987 3768 1016 3825 in

212 3874 347 3920 terrarum
358 3860 402 3917 vel
413 3855 646 3931 prrediorumsive
660 3856 791 3912 silvarum
800 3857 1014 3925 amoenitatibus,

214 3970 275 4028 quae
289 3953 316 4006 in
330 3958 489 4024 stagnorum
500 3946 544 4003 vel
565 3946 705 4001 vinearum
729 3954 775 4001 aut
796 3946 1016 4003 molendinorum

212 4033 1014 4106 dominationibus,indecimarumdirersarumredditibus,

213 4128 382 4187 monasterio
395 4135 489 4183 nostro
503 4122 615 4181 donarit
628 4123 697 4195 (79),
722 4123 863 4183 disserere
885 4124 1015 4193 velimus,

252 4350 311 4430 (aa).
324 4348 364 4404 De
374 4348 494 4432 lieberto
505 4345 605 4415 vineto,
617 4347 644 4403 in
654 4346 780 4431 Angliam
789 4346 918 4427 abducto,
931 4354 1017 4431 agunt

213 4418 838 4562 titillabit.tllthlht⁸ltl¹1¹⁰⁰⁸¹⁸'¹¹l·
852 4419 1014 4490 v⁰⁹⁸²⁵⁰⁵

249 4590 306 4661 (ab)
321 4588 559 4655 Gemmeticensis,
572 4588 627 4644 lib.
647 4605 708 4655 vm,
722 4603 785 4658 cap.
796 4590 831 4643 35
847 4605 853 4642 :
868 4587 1012 4644 rltobertc

213 4662 241 4716 in
256 4661 374 4717 uinculis
387 4660 487 4743 posito,
504 4660 531 4714 in
545 4661 646 4729 quibus
659 4669 687 4715 et
707 4658 818 4725 deiecit,
838 4675 887 4714 rex
913 4659 1013 4715 ilenri-

214 4749 263 4788 cua
276 4732 477 4789 nobilissimum
488 4731 618 4801 oppidum
632 4731 778 4786 Belismnm
792 4729 876 4801 cepit,
893 4736 921 4785 et
945 4730 1013 4787 illud

213 4804 333 4859 ltotroco
345 4804 438 4861 comiti
453 4802 603 4859 Perticeosi
616 4816 721 4874 genero
736 4816 786 4856 sao
800 4800 885 4857 dedit.

248 4900 306 4971 (tot
319 4900 436 4957 Consule
447 4898 623 4969 Souchetum,
640 4896 687 4971 qui
701 4896 830 4956 nonnullo
844 4913 878 4953 ex
893 4896 1012 4971 antiquus

212 4972 312 5029 chartis
326 4970 436 5027 donaria
450 4977 589 5027 recenset.

248 5070 305 5140 (il)
319 5070 349 5122 ln
366 5065 542 5138 supracitata
563 5066 692 5132 hrcissia,
717 5066 769 5122 sab
796 5064 917 5136 paroecia
943 5066 1013 5121 Bru·

212 5140 293 5207 nella,
310 5148 374 5194 tunc
388 5146 541 5195 exstructas
556 5138 605 5193 init
628 5140 766 5208 prioratus
794 5136 935 5193 monacbis
962 5137 1011 5191 Ti·

212 5211 394 5273 reniensibus,
409 5225 442 5265 ac
457 5212 619 5279 posmodum
639 5224 711 5263 anno
728 5212 796 5265 tran
822 5210 850 5262 in
873 5207 1013 5263 abbatiam

214 5291 323 5338 erectus
344 5297 360 5336 a
385 5279 531 5335 Gaillelmo
545 5279 676 5350 episcopo
692 5278 895 5335 Catalaunensi.
921 5278 1013 5333 Char-

212 5362 265 5409 tam
281 5352 437 5409 donationis
451 5352 553 5407 habent
566 5350 759 5406 Sanmarthani
774 5357 849 5404 tomo
863 5348 898 5403 tv
913 5348 1012 5404 Galliae

210 5426 386 5488 Christiana,
403 5439 471 5505 pag.
501 5426 547 5491 ιδ,
572 5430 670 5495 postea
697 5422 845 5493 diplomate
871 5418 1012 5491 pontificio

211 5496 365 5569 virgbribus
380 5502 474 5550 cessit.

247 5594 303 5662 (72)
317 5591 439 5649 llemiait
453 5588 612 5653 Ordericus,
628 5589 676 5644 lib.
693 5605 743 5644 vtu
758 5589 839 5659 hujus
856 5611 867 5637 ι
883 5587 1008 5653 tatiane.

212 5672 303 5740 nutritae
314 5662 471 5742 tiisleberto
486 5662 520 5716 de
535 5661 636 5732 Aquila
650 5660 760 5741 oppido.
779 5683 790 5708 ι
808 5676 869 5784 qum
891 5661 1011 5716 llotroco

214 5734 299 5786 tratre
314 5748 341 5787 tn
356 5732 487 5803 llrspama
501 5738 632 5799 morante,
656 5739 726 5787 rexit
750 5732 819 5788 l‘erc
830 5747 934 5789 tensam
962 5746 1010 5790 cc·

1065 3308 1216 3366 immobilis
1231 3308 1384 3365 stabilitatis
1399 3307 1477 3365 firma
1491 3308 1628 3367 soliditas.

1383 3423 1497 3481 CAPUT
1511 3424 1548 3481 X.

1068 3534 1210 3591 Ravatotlc
1224 3532 1257 3589 de
1271 3534 1365 3589 salute
1381 3535 1491 3588 caterno
1514 3532 1641 3589 srmtrtdo
1654 3534 1870 3593 monachornm.

1352 3604 1490 3661 ldiracutc
1503 3604 1576 3661 alin.

1104 3714 1150 3765 83.
1171 3708 1294 3779 Quadam
1308 3717 1398 3775 noete,
1413 3708 1478 3767 dum
1494 3708 1591 3769 iratres
1611 3710 1639 3766 in
1662 3711 1783 3769 oratorio
1811 3726 1864 3767 oo·

1069 3798 1198 3855 cturoalis
1212 3798 1322 3871 synaxis
1346 3796 1529 3869 psalmodiam
1553 3800 1740 3863 decanterent,
1757 3798 1873 3871 eondmt

1069 3896 1098 3943 ut
1112 3888 1224 3963 quidam
1238 3887 1323 3943 irater
1335 3887 1371 3943 ad
1387 3896 1511 3945 extrema
1532 3888 1701 3960 perveniret.
1726 3886 1771 3943 Ob
1791 3903 1873 3959 quam

1069 3992 1180 4034 oausam
1191 3977 1270 4046 juxta
1283 3976 1365 4031 ritum
1380 3990 1515 4045 percussa
1527 3976 1628 4041 tabula,
1646 3976 1744 4033 tratres
1762 3992 1866 4033 conre-

1069 4074 1182 4122 nerunt.
1210 4064 1262 4134 Qui
1284 4064 1349 4119 dum
1369 4062 1492 4121 defuncti
1512 4066 1570 4135 jam
1600 4064 1691 4121 iratris
1707 4064 1869 4138 obsequium

1070 4153 1222 4227 expeditius
1236 4152 1337 4212 vellent
1353 4168 1554 4223 consummare,
1571 4162 1598 4211 et
1612 4153 1824 4221 adoratorium,
1842 4162 1872 4209 ut

1069 4353 1206 4409 mitatem.

1104 4424 1163 4497 (ιι)
1187 4425 1227 4481 be
1239 4422 1283 4480 his
1294 4423 1350 4491 jam
1365 4422 1465 4494 saepius
1479 4430 1582 4479 actum.
1602 4423 1780 4495 Aquitaniam
1795 4422 1873 4494 Lige-

1068 4496 1135 4551 risa
1152 4496 1264 4552 Francia
1289 4494 1400 4565 proprie
1424 4504 1530 4549 sumta
1557 4493 1711 4577 distinguit.
1738 4492 1872 4565 Aquitani

1066 4566 1355 4623 vivebantsecundum
1372 4565 1449 4635 leges
1495 4564 1618 4621 beodosii
1642 4565 1817 4636 imperatoria
1845 4570 1873 4619 et

1067 4637 1182 4695 Romani
1204 4637 1397 4705 habebantur;
1422 4646 1450 4691 at
1477 4636 1582 4705 Franci,
1613 4634 1763 4691 seeundum
1791 4636 1869 4707 leges

1067 4710 1192 4767 Salinas:
1207 4708 1242 4764 ab
1257 4706 1299 4763 his
1314 4720 1381 4763 vero
1396 4707 1477 4763 etiam
1501 4715 1578 4763 erant
1598 4706 1718 4762 distincti
1740 4705 1872 4771 Britanni,

1066 4778 1258 4846 Northmanni,
1282 4777 1429 4849 burgundi,
1452 4778 1527 4851 quod
1550 4776 1602 4833 sub
1618 4777 1737 4849 propriis
1751 4776 1872 4834 ducibus

989 4896 995 4907 .
1066 4858 1113 4907 aut
1128 4848 1241 4922 regibus
1256 4850 1398 4923 degerent.

1102 4922 1159 4991 (ll)
1175 4921 1327 4977 souchetus
1342 4917 1491 4977 universim
1504 4926 1631 4976 numerat
1646 4918 1682 4975 58
1702 4920 1870 4977 monasteria

1066 5000 1185 5064 temper
1207 4992 1321 5057 Gallias,
1347 5006 1429 5063 quam
1456 4990 1625 5062 anglicanas
1650 4990 1779 5059 ditiones,
1807 5006 1869 5061 qnae

1067 5065 1197 5121 suberant
1224 5062 1381 5127 Saviniaoo,
1409 5062 1481 5133 qued
1510 5061 1705 5118 monasterium
1733 5061 1871 5131 quemodo

1066 5136 1117 5191 rub
1132 5142 1289 5207 quartoauo
1304 5133 1400 5189 abbate
1424 5132 1540 5189 Serlone
1562 5148 1625 5188 eum
1653 5131 1783 5187 omuibus
1813 5132 1870 5185 suis

1066 5204 1173 5261 filiabus
1189 5204 1334 5271 transierit,
1350 5203 1385 5259 ad
1400 5203 1523 5259 ordinem
1539 5202 1758 5267 Cisterciensem,
1786 5202 1871 5257 tradi·

1067 5286 1122 5331 tum
1137 5276 1164 5331 in
1178 5291 1275 5333 manus
1292 5276 1321 5331 S.
1336 5275 1478 5331 bernardii
1487 5274 1596 5329 abbatis
1608 5272 1790 5337 claraevallis,
1801 5272 1871 5327 diri·

1066 5364 1129 5403 mus
1144 5350 1177 5403 ll
1191 5346 1279 5403 Martii
1293 5346 1321 5401 in
1337 5344 1444 5419 proleg.
1461 5344 1496 5401 ad
1511 5348 1580 5401 Acta
1594 5344 1625 5399 S.
1646 5343 1764 5407 Patricii,
1782 5360 1864 5399 num.

1065 5422 1111 5475 at.
1132 5419 1207 5475 ldem
1229 5417 1379 5474 Souchetus
1403 5414 1569 5471 monasteria
1593 5416 1626 5471 63
1650 5422 1777 5471 recenset
1804 5431 1869 5487 quas

1065 5490 1233 5547 monasterio
1248 5496 1274 5545 et
1284 5486 1374 5543 ordini
1387 5484 1609 5542 Fontis-Ebraldi
1623 5485 1760 5541 suberant.

1102 5585 1160 5657 (75)
1183 5583 1342 5642 Addebatur
1364 5584 1391 5638 in
1414 5582 1557 5656 ecgraphis
1580 5580 1616 5639 dc
1641 5582 1726 5641 t'ttutt
1744 5586 1872 5653 pastro:

1066 5656 1139 5733 quod
1156 5674 1189 5716 ex
1203 5658 1330 5731 runt-qtae
1344 5656 1372 5715 ia
1386 5662 1491 5713 textum
1508 5654 1617 5717 videtur
1630 5652 1791 5729 irrepsisse.
