3942 6067
119 266 189 325 tart
633 266 713 325 utta
734 266 767 323 B.
791 263 978 323 BERNARDI
997 263 1233 323 TIRONIENSIS.
1708 274 1778 337 13111

120 390 195 457 sius,
211 386 331 447 coenobii
351 386 536 461 amplificandi
543 403 589 463 xac
611 388 715 445 ditandi
739 389 849 463 gratia,
873 404 924 461 pro
937 388 966 449 Α
979 388 1244 448 toremterribiliter
1256 390 1386 448 coercuit.
1401 387 1471 449 Nam
1487 391 1559 449 idem
1576 394 1780 455 infelicissimus
1825 444 1827 454 .

118 485 270 534 memorata
298 476 463 550 acquirenda
498 477 614 534 ecclesia
649 478 730 535 avide
758 478 921 541 insistebats
976 494 1060 534 sanus
1075 487 1109 545 ‚et
1130 480 1221 537 alacer
1241 496 1303 537 cuni
1327 480 1434 537 crateris
1459 482 1485 537 iii
1509 482 1626 543 claustro
1642 487 1778 557 residens,
1826 461 1828 470 ,

117 567 279 624 Bernardus
304 580 371 621 vero
394 564 550 622 nullatenus
573 566 726 639 acquievit,
749 565 922 622 animadver·
977 567 1119 624 subitanea
1136 576 1166 625 et
1176 569 1315 641 inopinata
1325 578 1414 627 morte
1424 571 1568 644 expiravit,
1585 574 1620 630 ad
1636 589 1692 633 suaa
1703 577 1780 633 dam·

120 663 182 712 tens
199 655 272 728 quod
287 651 448 711 Simoniaca
463 653 549 726 pestis
570 670 603 710 ex
626 654 712 711 latere
735 655 919 711 subintrabat.
978 656 1097 713 nationis
1112 658 1249 714 cumulum
1265 658 1343 714 datus
1357 659 1417 715 aliis
1432 659 1458 715 in
1475 662 1640 733 exemplum.
1658 664 1692 719 Et
1707 664 1779 738 quia,

122 743 202 800 Unde
229 744 329 801 factum
352 750 395 801 est
415 752 443 800 ut
463 743 536 799 idem
551 742 715 810 Gervasius,
731 751 874 817 postquam
894 758 925 800 se
979 740 1116 813 Sapientis
1143 742 1273 813 oraculo,
1306 743 1452 801 Pestilente
1481 745 1620 818 flagellato
1657 751 1780 820 prudeus

124 832 243 889 minime
257 832 434 905 praevaluisse
447 832 525 901 vidit,
546 832 697 905 atqueJam
711 832 811 889 dictam
838 831 926 889 ercle·
979 830 1141 902 prudentior
1162 832 1285 888 redditur
1309 834 1366 905 (15)
1392 837 1485 905 (Ρνου.
1502 850 1564 905 xix,
1581 838 1643 910 25),
1666 840 1779 912 reliqui,

122 921 214 989 ciffi,
229 921 264 977 ad
284 935 366 993 quam
388 918 549 976 anhelanter
571 920 735 993 suspirabat,
752 921 838 977 abbas
859 928 927 977 tuiic
980 922 1039 975 tam
1048 918 1169 976 districta
1178 921 1418 981 animadversione
1428 924 1563 991 exterriti,
1572 926 1714 984 adultiora
1723 944 1781 986 mo·

120 1008 256 1081 temporis
276 1009 310 1066 S.
332 1007 464 1081 Cypriani
486 1008 618 1077 obtinuit,
643 1008 852 1066 contravirum
875 1004 927 1065 Dei
981 1007 1077 1064 castici
1092 1008 1191 1079 rigoris
1206 1010 1335 1067 exercitia
1350 1012 1474 1083 protinus
1494 1013 1609 1071 viriliter
1628 1014 1782 1091 accingun-

120 1096 294 1153 Beraardum
319 1095 474 1154 vehementi
495 1096 682 1172 indignatione
702 1104 852 1169 permotus,
876 1112 927 1154 cu·
981 1104 1038 1153 tur.
1056 1096 1181 1171 Denique
1199 1096 1227 1153 iu
1251 1100 1418 1158 exteriorum
1434 1119 1523 1160 rerum
1546 1104 1782 1164 administratione

121 1202 182 1243 ram
195 1185 248 1241 sihi
263 1186 447 1243 commissam
458 1186 659 1243 contemnendo
671 1186 837 1259 postposuit,
846 1190 929 1260 atque
982 1184 1090 1241 idoneis
1103 1186 1326 1256 procuratoribus
1340 1188 1486 1261 deputatis,
1503 1191 1619 1247 orationi
1635 1200 1661 1249 et
1675 1192 1782 1251 silentio

123 1275 158 1332 de
172 1275 328 1347 sumptibus
344 1274 373 1333 S.
390 1272 487 1331 Savini
500 1275 571 1347 apud
587 1274 619 1331 S.
638 1273 805 1346 cyprianum
820 1275 929 1331 habita·
983 1287 1078 1329 servus
1107 1273 1158 1330 liei
1196 1274 1352 1332 Bernardus
1386 1276 1572 1352 irrefragabili
1608 1280 1782 1339 diuturnitate

122 1363 226 1421 tionem
240 1363 291 1419 sibi
306 1364 471 1431 mustrriiit,
489 1364 519 1419 in
538 1378 593 1436 qua
610 1363 742 1435 deinceps
763 1380 815 1436 per
839 1363 929 1436 pluri·
983 1362 1101 1431 deditus,
1119 1363 1152 1419 ad
1169 1372 1270 1420 tantam
1291 1365 1389 1422 mantis
1403 1368 1548 1438 puritatem
1562 1378 1735 1441 pervenerat,
1753 1378 1783 1428 ut

123 1468 199 1509 mam
213 1453 352 1525 temporis
365 1452 507 1509 habitarit.
520 1453 586 1509 llaec
598 1467 654 1508 non
669 1453 740 1509 aden
754 1453 927 1525 protulimus.
984 1452 1180 1525 quamplurima
1205 1455 1367 1526 prophetica
1390 1455 1567 1528 inspiratione
1590 1468 1781 1532 cognosceret,

132 1549 161 1599 ut
182 1542 336 1616 quibusque
356 1540 570 1614 simplicioribus
588 1541 729 1614 quodlibet
749 1542 930 1599 dissensionis
984 1558 1047 1615 que
1060 1542 1200 1598 homiuum
1215 1542 1335 1615 cognitio
1349 1544 1465 1601 necdum
1481 1546 1632 1605 habuisset.

129 1638 321 1732 {thummim
334 1646 542 1731 lffflp⁰¹¹⁸m¹¹⁸i
558 1630 609 1687 000
623 1632 751 1732 0011000οῙ
765 1632 792 1688 00
807 1647 930 1732 000000·
1022 1660 1065 1712 16.
1081 1660 1160 1715 duno
1175 1656 1268 1730 itaqua
1281 1657 1432 1715 Dominicae
1454 1660 1651 1719 lncaruationis
1671 1662 1785 1720 millesi-

128 1719 407 1823 ubusndeclsrahitur,
427 1720 578 1822 'metuenda
604 1720 653 1777 Dei
672 1721 779 1821 judicis
792 1720 928 1793 simulque
943 1749 971 1811 B
985 1760 1032 1801 mo
1060 1746 1241 1819 nonggesjmo
1266 1755 1342 1804 „xpo
1366 1748 1433 1820 (16)ἱ
1458 1748 1579 1821 pomis„
1601 1750 1784 1808 Romauofflm

126 1809 613 1910 00000Μο00008000οΡ00000000
624 1810 827 1910 000000000οω
839 1818 927 1867 0000·
984 1835 1113 1892 Urbanus
1130 1836 1185 1908 (17)
1199 1844 1310 1911 gentem
1334 1837 1550 1895 Christianorum
1573 1842 1784 1914 commonebat,

125 1898 259 1955 m¹¹¹⁰⁰d⁰
282 1898 473 1970 0000000000·
497 1898 627 1970 Pl“uiue
648 1907 749 1957 000000
771 1899 856 1955 000100
879 1915 926 1954 00·
982 1934 1119 1999 quatenus
1133 1926 1348 1999 Hierosolymam
1376 1937 1540 2000 pergerent,
1557 1938 1583 1984 at
1605 1944 1620 1985 a
1643 1930 1786 2001 gentilium

129 1986 238 2087 denfim
253 1986 363 2059 00800ον
380 1988 453 2060 0000
475 1995 500 2044 00
521 1986 591 2088 000οΓ
614 1988 691 2060 00000
710 1987 781 2088 00000
804 1988 840 2088 000
859 2001 928 2044 000·
983 2014 1110 2071 manibus
1133 2014 1273 2071 cii-itatem
1295 2014 1461 2084 liberarent,
1477 2016 1662 2091 templumque
1676 2018 1786 2075 Domini

126 2083 212 2132 tentio
226 2076 305 2147 (tac.
320 2092 393 2144 xxii,
410 2076 468 2149 tt),
487 2093 534 2149 qui
556 2084 624 2134 teste
638 2076 798 2149 Evangelio,
815 2076 929 2133 visibili·
984 2117 1016 2159 ,e
1044 2101 1200 2174 sepulcrum
1229 2102 1264 2158 ab
1292 2119 1385 2159 eorum
1413 2105 1551 2176 Spumiffis
1588 2107 1780 2165 emundarent·

126 2174 168 2223 000
182 2165 363 2266 0000000000
386 2165 492 2267 0030000
514 2166 692 2239 0008000000οῗ
708 2182 790 2239 qum
810 2166 882 2239 0000
902 2166 930 2221 00
984 2190 1074 2262 Quam
1088 2206 1167 2263 papae
1181 2192 1422 2249 commonitionem
1437 2193 1555 2265 populus
1571 2195 1785 2253 Christianorum

125 2255 930 2326 00000000000000100000000010000000000000000000·
984 2289 1059 2339 tanto
1074 2280 1172 2337 mentis
1187 2279 1287 2337 affectu
1310 2297 1343 2338 sc
1365 2282 1505 2339 desiderio
1519 2284 1654 2356 suscepit,
1669 2293 1698 2341 ut
1712 2300 1785 2343 noa·

128 2350 204 2401 imm
218 2348 284 2445 0100
295 2360 344 2401 000
358 2358 450 2443 cetam
472 2351 500 2401 0²
521 2360 622 2443 00000
635 2344 786 2444 0001Ᾱο0·
804 2360 844 2413 ¹⁸3
866 2346 927 2415 00)·
985 2370 1054 2427 nulli
1078 2370 1192 2427 abbates
1207 2376 1235 2425 at
1249 2370 1376 2427 monachi
1390 2386 1443 2429 nec
1456 2388 1511 2429 noa
1524 2372 1643 2430 eremitas
1657 2390 1708 2431 suo
1722 2390 1784 2432 mo·
1823 2385 1827 2393 ’

130 2432 187 2535 330
201 2446 331 2535 9000ξο00
346 2431 454 2533 000000
469 2433 626 2535 0000000000
650 2432 763 2534 000000
784 2441 932 2533 0000100000
986 2458 1105 2517 casteria
1118 2458 1283 2516 desererent
1297 2460 1365 2531 (is),
1379 2476 1411 2517 ac
1425 2461 1597 2518 Hierusalem
1612 2473 1784 2539 pergerent:

126 2522 347 2625 0110000000οᾏ
365 2528 393 2579 00
405 2521 593 2621 00000000οὼ
617 2530 848 2622 000800οΜ0000
866 2538 933 2595 000·
987 2564 1052 2607 cum
1065 2548 1165 2622 quibus
1179 2548 1332 2622 praedictus
1349 2548 1508 2617 Gervasiua,
1525 2550 1584 2606 siue
1599 2550 1786 2611 satisfactione

126 2620 235 2669 terim
248 2611 491 2680 mttmssublssi
506 2627 579 2669 ΜΘ
591 2626 762 2685 Manlium
776 2612 935 2669 ⁸⁸¹¹³f³⁰²¹⁰
987 2638 1091 2709 iniuriis
1105 2652 1185 2711 quem
1202 2634 1261 2693 viro
1275 2636 1327 2694 Dei
1340 2636 1481 2695 Bernardo
1496 2636 1631 2709 intulerat,
1647 2641 1699 2697 iter
1713 2642 1786 2698 arri-

126 2701 261 2775 cupimus,
278 2701 318 2759 ad
335 2699 523 2757 intermissum
544 2700 718 2773 propositum
737 2699 896 2770 redeamus,
917 2715 934 2756 a

127 2806 183 2863 quo
196 2790 336 2864 paululum
350 2787 469 2865 digressi
482 2805 589 2847 sumus.

986 2728 1055 2801 puit,
1065 2726 1284 2809 hierosolymam
1300 2726 1406 2798 iturus,
1424 2727 1472 2784 sed
1484 2727 1560 2803 (quia
1574 2744 1630 2785 non
1644 2739 1685 2786 est
1697 2730 1788 2789 homi·

988 2818 1031 2873 nis
1045 2816 1087 2873 via
1101 2815 1171 2887 ejus)
1186 2831 1236 2874 nec
1250 2815 1315 2873 illuc
1330 2820 1525 2888 perventurus,
1550 2833 1601 2875 nec
1624 2818 1714 2875 denuo
1738 2835 1786 2877 re·

161 2907 206 2963 15.
222 2906 378 2963 bernardus
393 2904 511 2963 interim
527 2904 669 2979 saepedicti
678 2904 803 2961 Garvasii
811 2903 936 2976 privatus
988 2906 1104 2963 diturus.
1123 2905 1201 2961 ldern
1224 2920 1342 2978 namque
1365 2914 1483 2978 coeptum
1505 2921 1623 2979 carpens
1646 2907 1708 2977 iter,
1732 2908 1787 2980 jam

127 2995 298 3067 patmcinio,
322 2994 371 3051 sed
395 2993 490 3051 divino
512 3010 568 3051 non
592 2992 738 3051 destitutus
757 2992 933 3061 adminiculo,

987 2994 1128 3068 prosperis
1138 2994 1201 3051 hinc
1211 2994 1422 3055 succedentibus
1436 3003 1494 3051 tam
1508 2994 1563 3051 sibi
1577 3012 1657 3069 quam
1674 3013 1725 3055 suo
1740 3012 1787 3057 co-

126 3097 206 3141 more
249 3082 359 3157 procidi
411 3082 620 3154 procuratoris·,
658 3083 739 3138 totius
774 3082 972 3159 monasteriic,
988 3084 1093 3141 mitatui
1115 3083 1306 3155 successibus,
1328 3092 1450 3157 optatum
1473 3084 1547 3141 littus
1569 3092 1691 3147 tenuerat
1707 3103 1714 3141 :
1728 3087 1786 3157 jam

129 3172 158 3229 S.
175 3170 270 3230 Savini
292 3187 366 3230 nunc
387 3172 569 3229 exterioribus
583 3187 656 3228 nuuc
670 3168 848 3227 interioribus
865 3185 932 3243 per-

128 3260 206 3336 vigili
221 3276 288 3318 eura
308 3260 439 3317 insistens
459 3260 636 3328 utilitatibus,
658 3266 734 3316 tauto
751 3260 841 3331 magis
862 3274 933 3331 ope-

129 3350 294 3413 iamdabat,
310 3358 413 3423 quanto
427 3350 515 3421 maius
528 3365 597 3406 uuus
612 3363 687 3406 curae
709 3364 767 3405 sure
787 3348 931 3404 incumbe·

128 3447 169 3497 ret
185 3457 191 3494 :
207 3438 324 3511 ideoque
338 3438 452 3511 nequid
467 3438 558 3495 minus
579 3438 726 3494 honesturn
750 3451 802 3493 sua
823 3436 931 3493 contiu-

128 3536 208 3600 geret
234 3527 360 3600 ignavia,
384 3526 519 3599 frequenti
546 3526 742 3583 retractatione
769 3524 926 3582 recolebat.

986 3174 1108 3231 omnium
1127 3188 1257 3240 suorum,
1275 3173 1504 3246 quemadmodum
1527 3172 1683 3245 videbatur,
1707 3190 1786 3233 com-

985 3279 1037 3336 pos
1052 3271 1176 3319 votorum
1191 3261 1226 3317 ad
1240 3260 1489 3333 hierosolymitana
1502 3263 1665 3334 campestria
1685 3279 1788 3336 perve-
1854 3300 1859 3313 .

988 3359 1078 3419 uerat,
1091 3368 1153 3409 aum
1167 3349 1256 3424 ipsius
1269 3350 1401 3407 nimirum
1416 3350 1606 3423 permissione,
1619 3352 1704 3425 cujus
1715 3352 1787 3423 judi-

985 3441 1040 3509 cis,
1056 3440 1120 3498 licet
1143 3454 1336 3512 nonnunquam
1358 3439 1413 3495 sint
1432 3440 1551 3511 occulta,
1577 3456 1719 3514 nunquam
1744 3450 1788 3497 ta·

985 3546 1051 3586 men
1072 3535 1137 3586 sunt
1155 3529 1264 3598 injusta,
1282 3527 1495 3585 immanissimus
1508 3528 1553 3585 leo
1568 3528 1602 3587 de
1617 3528 1674 3587 suia
1687 3530 1786 3588 cubili-

127 3617 230 3676 Verum
244 3616 308 3689 quia
322 3631 377 3672 nou
391 3622 482 3687 potest
496 3630 558 3670 esse
571 3614 645 3670 Abel
660 3628 743 3686 quem
759 3612 836 3669 Caini
852 3612 933 3687 mab·
988 3618 1041 3674 bus
1055 3616 1212 3689 prosiliens,
1229 3616 1328 3688 ipsum,
1346 3632 1407 3673 oum
1423 3616 1484 3689 ipso
1499 3617 1543 3675 cui
1557 3617 1695 3677 insidebat
1708 3619 1787 3677 asino

129 3706 168 3764 tia
181 3722 235 3762 non
251 3712 387 3773 exerceat,
403 3719 455 3759 uec
468 3718 534 3759 rosa
547 3701 600 3757 nisi
615 3703 686 3759 inter
700 3701 795 3773 spinas
817 3716 933 3758 vernare
987 3704 1159 3762 membratim
1184 3703 1368 3775 discerpendo
1383 3704 1531 3773 exstinxit,
1550 3711 1633 3776 atque
1647 3714 1703 3762 ram
1718 3707 1785 3766 hof.

128 3793 314 3871 prospicitur;
339 3810 353 3848 a
377 3792 542 3865 quibusdam
567 3789 764 3848 canonicarum
779 3790 932 3847 institutio·
985 3794 1072 3851 rendo
1100 3792 1257 3866 spectaculo
1280 3800 1404 3864 peracto,
1430 3792 1466 3849 ad
1487 3801 1631 3850 montanas
1654 3810 1786 3853 cavernas

129 3899 193 3939 num
215 3880 473 3955 impugnatoribus,
494 3880 523 3934 iii
545 3879 641 3935 eodem
663 3878 790 3936 coenobio
814 3893 932 3949 corpore
987 3883 1094 3955 sibique
1108 3881 1326 3953 coguitalustra,
1339 3881 1577 3951 caeterisintactis,
1590 3890 1785 3941 verumtamen

130 3979 233 4029 tautum
260 3968 512 4036 commorantibus,
535 3967 710 4039 perplurimis
740 3966 933 4022 exacerbatio-
988 3980 1043 4027 tam
1071 3970 1231 4043 prodigioso
1259 3968 1407 4025 admodum
1434 3968 1584 4027 infortunio
1621 3971 1785 4043 perterritis,

129 4061 210 4116 nibus
224 4057 338 4116 affectus
359 4066 385 4114 ct
408 4056 585 4115 creberrimis
599 4055 819 4112 infestationibus
841 4055 933 4111 laces·
986 4058 1101 4117 conatis
1114 4058 1256 4132 gressibus
1270 4058 1424 4129 repedavit.
1451 4056 1519 4127 Quae
1533 4056 1597 4115 dum
1611 4058 1640 4114 in
1655 4059 1786 4118 litoroso-

130 4149 199 4206 sitas
214 4149 382 4221 perhibetur.
392 4147 517 4211 Quorum
532 4161 612 4211 uuus,
625 4144 671 4216 qui
685 4144 794 4201 caeteris
805 4144 933 4214 pertina-
985 4148 1117 4221 lymitano
1138 4156 1287 4221 agerentur
1310 4146 1459 4214 territorio,
1485 4148 1640 4205 bernardus
1654 4149 1683 4204 in
1698 4149 1785 4223 dqni-

133 4238 192 4295 sior
206 4238 280 4295 etad
300 4235 458 4293 inferendas
481 4232 617 4307 quaslibet
638 4232 779 4288 molestias
799 4231 934 4288 audacior
987 4234 1060 4289 tanis
1073 4248 1129 4290 non
1142 4232 1225 4306 longe
1248 4247 1263 4287 a
1287 4248 1337 4288 suo
1359 4230 1526 4289 monasteria
1548 4232 1722 4302 constitutus,
1738 4250 1785 4291 eo·

132 4327 357 4401 dignoscebatur,
374 4326 439 4380 dum
453 4321 590 4396 frequenti
613 4320 758 4380 uerborum
779 4320 933 4378 invectione
986 4322 1050 4380 dem
1065 4322 1109 4379 die
1123 4320 1311 4395 perspiritum
1332 4318 1474 4395 cognorit,
1489 4326 1572 4393 atque
1586 4322 1639 4393 piae
1653 4322 1785 4380 recorda·

132 4416 250 4489 quadam
279 4414 324 4471 die
345 4412 549 4487 praecipitanter
563 4410 590 4466 in
605 4426 667 4467 cum
683 4412 846 4485 insurgeret,
862 4410 930 4466 lter-
989 4412 1070 4469 tionis
1085 4410 1357 4477 affectucommotus,
1369 4408 1515 4480 quemdam
1526 4412 1688 4469 monachum
1698 4410 1785 4483 ipsius

132 4504 237 4561 nardus
251 4503 364 4575 quidem
383 4499 502 4572 exempli
521 4500 610 4574 giutia
630 4499 669 4555 illi
690 4499 839 4556 vindictam
852 4513 932 4556 com·
987 4498 1127 4567 ecclesiae,
1142 4500 1221 4569 cuius
1235 4506 1298 4555 tunc
1313 4496 1461 4570 temporis,
1484 4507 1514 4555 ut
1536 4514 1610 4573 saepe
1630 4500 1689 4569 jam
1714 4500 1785 4556 dixi·

133 4594 255 4660 mittens,
270 4592 318 4662 qui
340 4590 393 4647 sibi
413 4588 556 4647 committit
579 4584 717 4655 admonet,
732 4588 828 4645 dicens
842 4605 850 4643 ι
866 4588 934 4645 iiiiii
987 4606 1064 4659 mus,
1081 4604 1177 4646 curam
1192 4588 1320 4661 gerebat,
1346 4587 1382 4645 ad
1406 4604 1436 4644 se
1456 4602 1628 4658 convocans,
1644 4588 1784 4645 innotuit:

138 4680 266 4737 uindicta
277 4683 306 4736 ct
319 4694 366 4750 eqo
381 4678 536 4735 retribuam
553 4676 642 4748 (Rom.
654 4692 702 4745 xii,
719 4678 780 4748 19);
795 4676 870 4733 illata
884 4677 934 4733 im·
988 4674 1080 4741 l'ade,
1103 4672 1243 4746 inquiens,
1269 4679 1296 4728 et
1318 4672 1363 4730 dic
1384 4672 1532 4730 Guillelmo
1551 4670 1686 4740 Samueli,
1710 4672 1785 4746 quod

136 4768 262 4842 properis
275 4767 464 4840 equanimiter
477 4764 607 4837 pertulit;
620 4764 671 4821 sed
684 4764 778 4822 divina
792 4764 859 4822 ultio
875 4765 935 4822 eri·
988 4761 1136 4818 Gervasius
1158 4761 1244 4818 abhas
1266 4770 1383 4835 patruus
1406 4761 1507 4834 ipsius,
1524 4769 1550 4819 et
1565 4760 1659 4818 asinus
1674 4760 1732 4829 eius
1753 4759 1782 4818 in

137 4857 212 4914 denti
225 4856 316 4913 statim
330 4871 364 4913 ao
383 4854 565 4913 celeberrimo
585 4854 690 4925 judicio
709 4854 797 4926 ipsius
818 4853 934 4912 infesta·
987 4846 1088 4904 Judaeae
1102 4846 1243 4919 provincia
1260 4861 1276 4906 ι
1297 4852 1377 4906 leone
1399 4845 1433 4903 sii
1456 4845 1574 4916 occisus,
1599 4843 1786 4937 fratribusque
1803 4865 1804 4871 ’

171 5140 331 5222 (ibliemio
341 5140 493 5203 communis
502 5139 769 5202 hahetzPeatiieotc
777 5139 931 5216 flagellato,
1017 5133 1073 5207 (ii)
1088 5128 1342 5217 Urbanusllsedit
1356 5128 1391 5185 ab
1406 5142 1480 5213 anno
1497 5131 1566 5212 titt
1582 5127 1617 5186 ad
1633 5130 1713 5185 1099.
1752 5196 1758 5212 .

136 5222 245 5279 stultos
259 5219 416 5293 sapientior
427 5219 498 5284 erit,
523 5223 571 5271 aut
592 5214 661 5271 sicut
683 5215 816 5271 Vatablus
837 5214 933 5281 hahet,
1023 5209 1081 5281 (18)
1095 5206 1237 5287 baldricus
1256 5218 1286 5283 in
1306 5204 1468 5282 armoricis,
1485 5215 1633 5285 episcopus
1647 5201 1785 5269 bolensis,

136 5294 252 5352 cautior
274 5288 384 5355 eraut,
405 5296 450 5345 aut
469 5288 543 5343 siout
556 5286 650 5353 LXX,
663 5286 798 5359 cogitabit
818 5300 935 5343 sensam
987 5278 1036 5337 lib.
1065 5296 1075 5335 i
1102 5279 1228 5334 Historia
1255 5272 1508 5355 hierosolymitana
1536 5280 1587 5326 ista
1615 5270 1785 5354 coufirmat:

137 5371 185 5421 sut
198 5363 307 5421 sicuts.
318 5358 475 5417 hemardm
488 5358 525 5414 ad
538 5358 621 5414 rerba
633 5355 718 5429 hujus
727 5356 936 5413 auctorishabet
987 5350 1074 5419 Multi,
1089 5347 1185 5421 inquit,
1201 5352 1320 5425 eremita
1334 5350 1361 5425 et
1374 5342 1477 5400 reclusi
1486 5343 1672 5425 'et-monachi,
1694 5342 1786 5399 domi·

137 5434 210 5491 libro
231 5433 273 5490 De
292 5431 348 5488 vita
368 5429 493 5486 solitaria
514 5428 550 5484 ad
572 5427 668 5484 fratres
690 5427 725 5485 de
744 5428 835 5483 blonte
857 5427 932 5484 Dei:
988 5423 1058 5481 ciliis
1072 5422 1129 5477 suis
1142 5433 1199 5474 uon
1212 5424 1278 5470 satis
1292 5421 1431 5487 sapienter
1445 5413 1560 5482 relictis,
1575 5428 1616 5469 ire
1632 5427 1703 5472 viam
1738 5430 1786 5471 er·

138 5505 295 5562 Pestilente
308 5502 461 5629 melloto,
477 5500 591 5573 sopiens
604 5494 763 5571 sapientior
776 5500 845 5555 citt.
988 5500 1127 5551 rexerunt.
1144 5486 1259 5559 Quidam
1274 5494 1365 5542 autem
1377 5484 1507 5541 orationis
1520 5484 1610 5557 gratia
1627 5484 1663 5539 ab
1681 5486 1716 5540 ab
1752 5482 1785 5541 ti·

173 5574 232 5645 (tt)
244 5572 298 5630 atti
367 5572 434 5628 itum
448 5570 526 5626 aiunt
538 5584 610 5626 sano
627 5570 696 5627 1⁰95
711 5568 756 5626 die
770 5568 802 5626 t't
815 5565 934 5627 Novem·
988 5566 1039 5622 bus
1054 5563 1111 5621 suis
1125 5564 1236 5630 accepta
1249 5558 1361 5615 licentia
1374 5556 1488 5630 profecti
1503 5563 1576 5627 sunt,
1587 5554 1681 5629 plures
1691 5568 1785 5623 eorum

139 5643 207 5711 biis,
216 5643 281 5701 hino
294 5658 355 5715 qua
364 5647 515 5715 sequuntur
530 5639 567 5698 da
579 5640 859 5713 profectisinterram
870 5656 934 5699 aaa·
988 5635 1120 5711 fugiendo
1133 5644 1164 5691 ae
1178 5626 1380 5709 subduxerunt.

140 5708 933 5789 aummungarmimaotoatquodhciucurtuxeudit.
988 5768 991 5776 ,
1337 5710 1341 5717 “
