3942 6067
122 272 171 327 tat

479 253 663 317 succubuit
682 249 873 309 ECCLESlAE.
892 277 928 289 -
945 246 995 305 DE
1016 248 1048 307 S.
1070 247 1205 311 JACOBO
1225 250 1424 310 apostolo.

1730 255 1783 315 982

122 393 236 458 Judnos
246 384 456 460 cumreliqiosis
469 383 537 442 viris
552 381 670 439 circuire
685 387 711 437 et
722 377 756 434 dc
771 376 828 435 suis
842 375 925 431 rebus
939 373 967 434 A
981 372 1047 430 nudi
1062 375 1260 445 erubescimus,
1282 378 1336 435 hou
1351 377 1471 435 obducta
1490 385 1568 437 veste
1593 379 1778 457 contegimus.

124 483 206 541 eisin
222 478 436 539 necessitatibus
451 472 603 532 deservire.
617 472 768 542 Postquam
783 481 848 521 vero
869 465 927 521 Du·

125 569 216 625 minus
231 568 268 624 ad
281 564 439 639 passionem
453 576 505 633 pro
519 557 607 615 salute
621 553 717 611 mundi
733 566 885 626 properans
900 549 928 603 in

126 659 209 715 durno
232 653 365 711 Pharisaei
387 650 466 723 cujus
486 663 570 721 supra
599 643 735 711 recubuit,
761 649 788 699 et
812 642 929 697 Lazarus

127 763 200 804 unus
219 746 253 805 da
274 740 513 802 discumbentibus
528 736 588 804 fuit,
604 733 691 790 liaris
704 732 861 806 preciosum
875 748 929 787 un-

127 843 258 908 guentum
282 849 367 904 super
388 832 470 901 caput
484 828 543 897 eiua
557 824 667 890 refudit,
684 821 837 893 designans
855 822 929 893 quod

126 924 255 983 Ecclesia
267 939 328 981 cutm
344 920 430 995 odore
445 919 574 974 uirtutum
589 914 623 971 ad
639 929 702 970 eum
712 912 826 978 veniret,
845 925 929 983 quam

128 1014 189 1087 ipsc
201 1022 342 1088 unguento
363 1007 449 1065 saneti
463 1006 580 1079 Spiritus
601 1011 718 1077 ungeret
736 1020 743 1068 ;
758 1002 866 1073 hucque
886 997 929 1054 fa-

126 1110 200 1159 cturn
220 1103 305 1159 ludas
326 1099 436 1174 quidem
451 1092 626 1167 improbavit,
648 1092 697 1149 sed
717 1091 849 1147 Dominus
868 1086 930 1144 lau-

127 1192 212 1259 davit,
237 1191 300 1265 quia
315 1204 401 1263 opera
414 1186 547 1244 Ecclesiae
572 1201 632 1258 qaae
648 1180 773 1254 reprobis
783 1188 846 1235 sunt
860 1180 929 1235 hor-

127 1282 228 1347 rihilia,
245 1282 304 1337 Deo
318 1286 414 1337 nostro
428 1287 491 1333 sunt
510 1272 702 1347 acceptabilia.
721 1269 839 1327 Domino
858 1284 930 1341 quo-

127 1387 182 1445 quo
203 1368 353 1444 pronubis
375 1368 405 1425 in
426 1380 512 1423 cruce
525 1364 664 1438 pendente
685 1370 712 1418 ct
733 1358 930 1430 discipulorum

127 1472 214 1529 praga
234 1462 387 1527 perempto,
412 1459 523 1525 pastore
542 1450 570 1505 in
585 1445 740 1519 diversa(f⁰
753 1449 806 1503 208
831 1444 869 1514 ιο)
885 1442 898 1497 f
915 1473 930 1483 -

125 1546 230 1616 giente,
246 1543 307 1616 ipsa
322 1541 505 1615 imperterrita
515 1538 623 1596 astabat
636 1546 720 1609 atque
733 1535 761 1590 in
782 1532 929 1605 sepulchre

127 1635 247 1707 positum
256 1650 317 1691 cum
332 1630 501 1687 aromatibus
515 1628 653 1685 visitabat.
672 1624 749 1682 Unde
763 1632 790 1680 et
800 1622 929 1697 angelum

984 464 1033 533 lta,
1050 464 1198 535 karissimi,
1216 465 1365 524 toeutturem
1379 466 1465 541 turpis
1481 467 1543 525 vitas
1563 476 1662 525 nostrae
1686 486 1703 527 a
1722 472 1782 531 Deo
1811 531 1814 541 ,

983 559 1011 607 et
1025 553 1060 609 ab
1075 554 1181 628 angelis
1191 556 1313 628 conspici
1327 556 1531 625 erubescamus,
1544 566 1569 613 et
1578 558 1649 615 hanc
1658 557 1784 617 lamentis

984 641 1149 712 peanitentiae
1163 652 1191 699 et
1207 643 1286 699 bonis
1300 644 1429 717 operibus
1440 652 1628 719 contegamus.
1646 647 1702 704 Pro
1713 664 1784 720 pec·

983 738 1043 787 cato
1058 738 1085 787 et
1098 731 1198 791 delicto
1227 732 1389 791 sucrificium
1409 736 1468 792 Deo
1483 735 1612 808 spiritum
1640 737 1784 795 contribu-

983 820 1068 875 latum
1082 828 1109 877 et
1130 836 1177 877 cor
1192 823 1337 880 contritum
1353 832 1379 883 et
1402 824 1570 882 humiliatum
1586 828 1675 897 (Psoi.
1696 827 1724 897 ι)
1738 826 1783 885 af-

982 907 1105 967 feramus
1120 920 1201 981 atquc
1216 912 1316 985 dignos
1338 914 1441 971 fructus
1453 914 1619 987 poeuitentim
1649 914 1782 975 faciamus

985 1000 1097 1071 (fluitis.
1115 1002 1169 1073 ru),
1184 1008 1213 1057 ut
1226 1002 1353 1059 videlicet
1369 1002 1474 1061 leviora
1487 1012 1600 1077 peccata
1614 1006 1785 1065 orationibus

984 1086 1132 1158 diluamus,
1149 1090 1276 1163 graviora
1286 1091 1405 1158 fletibus,
1416 1093 1537 1165 jejuniis,
1554 1094 1665 1167 vigiliis,
1677 1096 1786 1154 elemo-

983 1184 1052 1241 sinis
1075 1185 1098 1241 f¹
1124 1190 1189 1258 lto)
1217 1188 1370 1260 puniamus.
1402 1190 1454 1247 Par
1478 1190 1569 1261 legera
1592 1192 1666 1251 enirn
1699 1193 1787 1267 irnpe-

985 1280 1062 1329 ratur
1088 1292 1123 1332 nc
1151 1276 1247 1334 haedus
1262 1277 1290 1332 in
1318 1277 1387 1335 lacte
1406 1279 1502 1337 matris
1518 1289 1649 1353 coquatur
1676 1284 1782 1356 (laed.

985 1364 1082 1435 xxiii).
1103 1364 1215 1422 Haedum
1243 1366 1271 1423 iu
1286 1366 1355 1424 lacte
1369 1369 1466 1424 matris
1480 1384 1599 1443 coquere
1618 1379 1660 1428 eat
1672 1380 1785 1446 propter

984 1454 1082 1524 gravia
1091 1454 1266 1513 sceleracum
1278 1456 1406 1513 baedisad
1413 1457 1550 1515 sinistram
1561 1460 1719 1533 deputatum
1726 1462 1783 1519 leni

984 1542 1151 1613 paenitentiae
1168 1544 1287 1601 srrhdere
1301 1562 1308 1617 3
1325 1546 1375 1603 sed
1388 1546 1496 1604 limum
1506 1548 1714 1607 intactematris
1728 1567 1785 1609 uon

984 1634 1134 1704 coquimus
1144 1634 1168 1689 si
1180 1650 1230 1691 nos
1244 1635 1273 1690 in
1288 1636 1406 1709 flagiciis
1422 1636 1544 1709 perditos
1558 1638 1663 1711 asperis
1671 1648 1698 1697 et
1708 1640 1784 1699 duris

129 1723 225 1780 Videre
237 1721 530 1792 metullDffllssUilllfl
543 1732 694 1789 resurgens
705 1715 794 1785 primo
808 1711 929 1769 ⁰¹¹¹¹¹l¹¹¹¹¹
942 1740 968 1801 Β
984 1728 1075 1799 poeuis
1084 1728 1234 1799 uncinum
1246 1730 1273 1786 in
1288 1731 1424 1789 interitum
1438 1746 1556 1806 namque
1570 1735 1663 1791 caruis
1674 1736 1785 1795 Satanae

129 1812 156 1869 ei
171 1812 279 1884 publice
294 1809 430 1883 apparuit,
444 1824 561 1881 eumque
571 1802 861 1878 apostolamapostolis
872 1802 929 1857 suis

129 1902 215 1969 misit,
232 1909 261 1956 ut
276 1901 346 1957 sicut
365 1900 455 1972 prima
478 1896 705 1954 feminamortem
726 1892 786 1949 uiro
797 1892 928 1958 traderet,

136 1993 174 2048 ita
191 2007 263 2047 nuno
274 1990 375 2046 femina
397 1988 567 2060 perhennem
581 1985 664 2041 ritem
678 1982 749 2039 viris
777 1980 927 2037 nunciaret.

134 2081 174 2135 De
188 2095 222 2136 ea
237 2080 319 2136 etiarn
342 2078 426 2135 fertur
439 2078 513 2149 quod
537 2081 682 2147 postquam
698 2071 844 2128 Dominum
868 2086 931 2127 cum

129 2169 192 2226 aliis
202 2168 343 2241 discipulis
367 2170 463 2226 coelum
479 2166 629 2222 ascendere
652 2162 761 2229 viderit,
785 2160 931 2233 Spiritum-

129 2276 184 2332 que
200 2268 324 2315 sanctum
341 2274 402 2315 curn
414 2254 641 2327 aliisacceperit;
656 2253 715 2323 ejus
730 2266 826 2308 amore
835 2259 931 2322 postea

130 2348 221 2403 virum
237 2348 332 2404 videre
347 2345 474 2413 noluerit,
501 2344 550 2401 sed
565 2344 593 2399 in
605 2346 745 2399 heremum
763 2340 886 2407 veniens,
902 2339 930 2394 in

131 2438 263 2509 spelunca
277 2437 379 2511 aliquot
403 2435 483 2492 annis
499 2430 674 2489 habitaverit.
694 2432 736 2487 td
758 2446 850 2504 quam,
865 2429 930 2484 dum

131 2526 241 2599 quidarn
256 2526 404 2599 presbyter
418 2523 587 2581 errabundus
602 2521 732 2587 uenisset,
750 2529 776 2577 et
804 2534 931 2593 quaenam

984 1817 1056 1873 tradi
1080 1818 1208 1889 iubemur
1235 1828 1264 1877 ut
1288 1820 1385 1892 spiritu
1407 1822 1434 1877 in
1449 1823 1494 1879 die
1509 1824 1618 1880 Domini
1639 1824 1785 1885 salvemur.

985 1915 1074 1973 Porro
1089 1916 1205 1989 papulus
1220 1918 1307 1975 lsrael
1320 1917 1356 1975 de
1367 1919 1485 1993 AEgypto
1499 1936 1629 1995 agressus
1644 1922 1672 1978 iu
1683 1922 1787 1981 soloce

985 2020 1051 2076 vicit
1065 2018 1158 2079 hostes
1188 2040 1242 2097 quo
1255 2024 1332 2097 prius
1349 2032 1390 2081 est
1412 2025 1509 2091 uictus,
1540 2026 1603 2099 quia
1618 2044 1668 2085 nos
1683 2028 1718 2085 de
1733 2028 1788 2087 hoc

984 2119 1090 2175 mundo
1105 2121 1140 2176 ad
1155 2122 1271 2193 patriam
1293 2130 1460 2180 revertentes
1476 2124 1504 2179 in
1526 2124 1624 2181 eodem
1639 2126 1709 2184 vicio
1723 2128 1786 2185 dia-

984 2208 1079 2265 bolum
1095 2210 1206 2267 vincerc
1225 2228 1371 2282 possumus
1386 2228 1440 2285 quo
1455 2213 1532 2285 prius
1547 2214 1581 2269 ah
1598 2230 1630 2271 eo
1654 2216 1718 2273 victi
1734 2234 1785 2273 au·

984 2314 1045 2353 rnus
1061 2318 1068 2366 ;
1084 2316 1099 2353 a
1114 2315 1169 2372 quo
1180 2299 1252 2357 euim
1264 2300 1325 2373 quis
1340 2300 1466 2369 vincitur,
1482 2302 1556 2359 illius
1573 2311 1602 2361 et
1614 2320 1710 2362 servus
1725 2304 1782 2363 effi·

984 2396 1064 2454 citur.
1081 2398 1237 2455 Cauendum
1259 2399 1339 2456 nohis
1366 2407 1408 2457 est
1436 2416 1471 2457 ne
1485 2416 1537 2458 nos
1557 2418 1651 2461 servos
1678 2404 1783 2477 peccati

985 2486 1111 2543 diabolus
1125 2486 1246 2545 iuveniat
1261 2495 1288 2545 et
1316 2504 1368 2545 nos
1383 2490 1461 2562 quasi
1473 2490 1534 2559 jure
1545 2500 1676 2564 perpetuo
1694 2494 1786 2565 possi-

132 2625 207 2673 esset
234 2616 405 2690 inquisisset,
420 2614 531 2671 hieriam
561 2611 740 2684 peccatricem
754 2625 784 2665 se
799 2624 861 2665 esse
885 2624 931 2664 re·
984 2584 1060 2641 dell·
1076 2586 1106 2639 ¹¹¹
1122 2584 1184 2657 ¹⁰3⁰
1194 2586 1295 2658 ‘lull‘l‘e
1314 2590 1375 2642 emt
1388 2595 1556 2660 mellum
1579 2597 1609 2645 ¹¹²
1622 2589 1646 2645 εἰ
1660 2590 1723 2663 Ψὼ
1741 2606 1786 2649 ¹¹0⁸

130 2707 241 2778 spondit
255 2722 373 2778 eumque
387 2704 422 2760 ad
437 2702 624 2776 sepeliendum
634 2716 738 2775 corpus
747 2699 806 2769 ejus
817 2698 929 2755 missum
985 2675 1115 2731 cessitate
1130 2675 1287 2747 compulsus
1311 2692 1342 2732 se
1352 2674 1399 2732 alii
1414 2676 1553 2745 venderet,
1570 2680 1619 2734 Vll
1633 2694 1706 2737 anno
1716 2680 1786 2739 liber

129 2796 232 2853 retulit.
250 2794 385 2852 liisdictis
400 2792 542 2859 mundum,
554 2808 634 2865 quem
653 2790 699 2847 diu
712 2788 856 2855 inhorruit,
867 2786 931 2860 glo·
987 2776 1074 2833 θΧῑΓθῑ
1089 2796 1097 2845 ;
1113 2777 1136 2833 ὓῑ
1151 2786 1243 2834 autem
1258 2795 1273 2833 ³
1288 2778 1407 2836 θθῑνῐθῑθ
1426 2778 1503 2837 ibim
1518 2790 1668 2850 Γθῦΰῦθῑθῖ,
1699 2783 1785 2840 dumi-

130 2884 265 2941 riabunda
278 2885 375 2942 obiens
403 2882 532 2950 deseruit,
562 2888 589 2939 et
604 2879 711 2955 angelis
724 2892 835 2952 ymnum
863 2892 931 2933 con·
986 2894 1039 2934 nus
1054 2893 1120 2935 suus
1134 2879 1228 2936 subula
1243 2896 1336 2937 aurem
1357 2881 1417 2952 ejus
1433 2882 1597 2954 perforaret,
1615 2890 1642 2939 et
1666 2882 1708 2941 sic
1720 2901 1784 2942 eum

130 2974 288 3032 uiuentibus
303 2974 339 3031 ad
354 2972 502 3031 Dominum
525 2970 645 3044 perrexit
659 2984 742 3042 quem
765 2964 931 3023 multumdi-
983 2965 1192 3041 jureperpetuo
1208 2985 1318 3026 servum
1329 2972 1483 3043 possideret
1498 2972 1601 3042 (Exod.
1621 2974 1697 3047 ιιι).
1715 2975 1784 3030 Cum
1823 3002 1828 3011 ·

130 3064 197 3120 lesit
212 3064 313 3137 quique
327 3063 353 3120 ei
378 3062 492 3119 multum
511 3060 615 3117 dimisit
629 3067 657 3115 et
670 3058 698 3113 in
713 3060 794 3114 horto
818 3070 929 3113 aroma·
985 3056 1088 3113 devicti
1117 3060 1346 3132 concupiscentiis
1367 3060 1553 3118 sucumbimus
1579 3062 1657 3135 qnasi
1687 3079 1784 3121 neces-

128 3161 185 3209 tum
199 3154 254 3208 lilia
265 3152 395 3226 colligere
411 3168 475 3209 curn
489 3148 643 3207 candidulis
658 3148 808 3221 virginibus
821 3144 926 3219 permi-
983 3145 1063 3203 sitatc
1078 3148 1164 3205 coacti
1177 3165 1227 3205 uos
1242 3149 1286 3205 alii
1298 3150 1453 3221 vendimus,
1470 3166 1533 3207 cnm
1547 3167 1597 3207 nos
1612 3169 1783 3227 servospac-

129 3244 177 3299 sqq·
982 3236 1034 3291 cati
1050 3234 1174 3294 facimus.
1201 3239 1300 3295 Omnis
1314 3240 1387 3295 enim
1402 3240 1448 3312 qui
1464 3240 1528 3297 facit
1555 3248 1708 3314 peccatum,
1726 3260 1784 3300 aar·

983 3333 1083 3383 rusest
1098 3328 1204 3399 peccati
1218 3331 1311 3400 (ioan.
1328 3328 1400 3401 vrit),
1416 3328 1465 3386 sed
1476 3330 1523 3386 vn
1532 3344 1605 3387 anno
1619 3330 1700 3387 liberi
1711 3332 1784 3391 exire

164 3426 243 3483 Nunc
258 3428 293 3482 ad
308 3426 502 3499 nosmetipsos,
518 3423 663 3491 karissimi,
676 3421 927 3495 redeamusetquid
982 3415 1145 3485 valebimus,
1175 3417 1238 3490 quia
1263 3434 1314 3491 per
1337 3417 1409 3475 dona
1437 3418 1605 3490 septiformis
1629 3418 1746 3493 Spiritus
1769 3438 1785 3479 a

129 3516 164 3571 de
178 3516 281 3572 „omis
296 3516 461 3573 criminibus
475 3514 615 3590 mudum
638 3514 673 3569 εἰ)
688 3513 838 3570 videamus,
856 3512 926 3567 pm.
980 3503 1104 3563 dominio
1118 3506 1336 3565 diaholiabsolri
1359 3508 1524 3581 poterimus.
1541 3508 1594 3579 Qui
1608 3519 1699 3567 autern
1713 3511 1785 3569 liher

128 3612 188 3677 pter
200 3606 253 3661 hoc
267 3606 341 3661 enim
355 3604 448 3677 scripti
471 3604 637 3675 suntlapsus
661 3610 817 3659 sanctorum
827 3608 855 3657 et
869 3616 927 3674 poe·
981 3602 1043 3661 fieri
1065 3613 1186 3672 recusat,
1202 3606 1275 3662 hunc
1290 3606 1417 3663 dominus
1448 3624 1514 3663 suus
1530 3608 1627 3665 subula
1649 3608 1781 3684 perforat,

128 3694 239 3751 nitentia
268 3695 398 3767 ipsorum,
430 3694 517 3767 utqui
543 3708 639 3749 nasum
653 3689 807 3764 fragilitatis
831 3705 927 3745 eorum
980 3702 1107 3777 quiaqui
1122 3704 1295 3760 venundatus
1324 3705 1504 3778 subpecheo
1520 3722 1569 3778 per
1595 3708 1782 3781 paenitentiam

129 3784 225 3840 lffllltll
244 3800 339 3840 ⁵⁰¹¹¹¹¹⁸
364 3784 392 3839 51¹
406 3783 507 3838 malum
526 3782 692 3855 Pl⁰s⁰⁸⁰d⁰=
722 3795 817 3837 ⁰⁰f¹¹m
844 3779 927 3835 ellam
980 3803 1050 3859 liber
1077 3801 1111 3858 ab
1134 3804 1187 3859 boc
1215 3803 1331 3862 servicio
1359 3804 1494 3861 adDeum
1516 3821 1572 3861 noa
1594 3806 1688 3878 exibit,
1708 3809 1782 3865 hunc

130 3874 254 3946 ⁸¹0¹¹¹P¹⁰
282 3873 533 3947 pelloeflllffllllm
561 3872 707 3928 “dmum
736 3878 927 3927 mmmmm
981 3900 1106 3958 diabolus
1122 3900 1218 3959 aculeo
1233 3902 1330 3959 mortis
1344 3902 1505 3975 perforabit,
1523 3920 1641 3978 eumque
1669 3921 1781 3963 servum

129 3970 232 4028 malum
247 3972 413 4028 deserendo.
425 3972 490 4039 Sed,
505 3970 578 4027 heul
595 3986 646 4027 nos
661 3970 754 4027 miseri
768 3968 927 4043 inpeccatis
978 3992 1042 4062 jum
1056 4000 1188 4065 pemmo
1212 3991 1368 4064 possidens,
1385 3992 1496 4049 ,eternis
1509 3994 1653 4050 tormentis
1675 3994 1781 4053 (gructa.

128 4078 177 4118 eos
191 4062 290 4118 imitari
305 4061 504 4129 desideramus,
519 4060 548 4115 in
563 4060 645 4116 honis
664 4076 928 4119 reroeorumerem-
982 4090 1037 4145 bn·
1051 4089 1146 4162 mim,
1163 4089 1308 4155 karissimi,

128 4159 175 4231 pla
192 4162 269 4234 sequi
284 4176 460 4218 recusamus.
484 4160 519 4216 Et
534 4159 557 4215 si
567 4161 709 4227 hacteuus,
737 4158 883 4227 karissimi,
899 4158 926 4213 in

128 4248 209 4306 malis
224 4249 365 4317 sudamus,
381 4249 480 4307 saltem
493 4248 575 4306 hodie
586 4249 711 4320 exemplo
734 4249 817 4323 huius
833 4247 928 4305 mulie·

129 4337 167 4393 ris
189 4346 324 4395 transacta
339 4337 419 4393 honis
432 4338 608 4410 sequentibus
636 4336 797 4410 contingere
819 4345 928 4411 sataga-

130 4539 222 4589 tuntur
236 4540 264 4590 et
277 4549 396 4606 quorum
409 4539 522 4605 peccata
537 4534 816 4607 contegunturffsct.
825 4534 924 4606 xxxi).

133 4630 183 4687 l’er
198 4630 332 4705 baptisma
359 4631 534 4688 remittuntur
548 4630 703 4705 originalia,
719 4647 769 4704 per
786 4632 926 4703 peaniten-

131 4727 196 4785 tiam
211 4744 277 4787 raro
289 4736 473 4805 conteguntur
486 4737 599 4804 peccata
614 4728 738 4787 actualia.
761 4728 841 4799 Quod
856 4730 928 4788 enim

1325 4090 1431 4147 beatam
1446 4090 1560 4147 llariam
1582 4091 1779 4168 lfaqdalenam

982 4188 1122 4245 imitantes
1131 4189 1229 4245 durum
1240 4190 1338 4261 jugum
1355 4188 1499 4247 diabolicae
1513 4190 1653 4249 servitutis
1668 4208 1684 4249 a
1699 4192 1780 4253 nohis

982 4286 1161 4360 proiciamus,
1175 4295 1202 4343 et
1216 4288 1409 4362 suarejuqum
1424 4287 1532 4345 Domini
1547 4304 1619 4347 verae
1648 4288 1781 4348 libertatis

286 4435 291 4445 .
343 4434 350 4446 .
411 4434 416 4445 .
665 4433 700 4445 ..
743 4434 749 4445 .
892 4435 897 4444 .
982 4386 1164 4457 suscipiamus
1180 4403 1187 4450 ;
1205 4392 1234 4442 et
1250 4386 1294 4443 cui
1309 4386 1413 4443 servire
1436 4402 1554 4461 regnare
1569 4388 1658 4457 est,in
1682 4389 1782 4447 sencti-

130 4450 200 4489 mus.
216 4434 293 4491 Beata
307 4451 379 4489 enam
390 4434 516 4490 dicuntur
529 4450 649 4508 quornm
664 4442 821 4506 rnrqurtates
831 4443 926 4491 remrt-
944 4463 970 4527 D

984 4490 1039 4539 tate
1054 4484 1201 4554 etiusticia
1224 4484 1376 4543 serviamus
1400 4494 1428 4541 ut
1451 4486 1485 4542 ah
1499 4486 1559 4559 ipso
1577 4484 1605 4543 ia
1630 4487 1783 4545 libertatern

982 4581 1076 4655 gloriae
1088 4582 1202 4640 filiorum
1214 4584 1265 4641 Dei
1279 4583 1422 4641 transferri
1437 4584 1588 4655 valeamus,
1608 4582 1696 4657 Quam
1715 4602 1784 4645 oca-

988 4678 1031 4737 lus
1046 4696 1100 4737 non
1114 4679 1180 4738 uidit
1190 4680 1214 4753 (t
1229 4682 1289 4740 Gor.
1306 4682 1348 4755 n),
1364 4690 1391 4739 et
1406 4690 1516 4744 uetera.

542 5090 612 5165 DE
642 5091 852 5168 SANCTO
879 5089 1081 5168 JACOBO
1108 5088 1408 5167 APOSTOLO.

168 5296 236 5355 Grati
250 5299 391 5355 enarrant
400 5299 523 5371 pieriam
528 5299 588 5368 lici,
598 5300 934 5371 etopcremenaamejas

132 5388 297 5445 annunciet
305 5388 522 5457 firmamentum
532 5389 621 5460 (Patri.
632 5389 724 5457 ιιιιιιι).
736 5387 860 5459 Apostoli
867 5386 934 5445 coeli

132 5475 306 5547 appellantur
330 5475 478 5550 inquibus
498 5477 591 5533 divina
618 5484 723 5534 secreta
743 5475 877 5541 celantur,
900 5493 934 5532 err

136 5563 234 5637 quihus
248 5564 370 5637 fulgebat
397 5574 427 5620 nt
448 5566 490 5622 sol
507 5566 668 5638 sapientiam
686 5565 849 5637 splendebat
871 5564 934 5620 luna

136 5652 301 5726 eloquentiae
328 5654 476 5712 rutilabant
496 5654 529 5725 (f⁰
541 5660 595 5713 tto
615 5656 658 5726 sa)
681 5654 768 5711 etettae
794 5654 933 5723 virtutum,

134 5753 314 5810 coruscabant
350 5752 460 5827 fulgura
492 5754 695 5823 miraculorum,
732 5754 935 5827 concrepabant

991 5295 1114 5353 tonitrua
1125 5293 1358 5367 predicationum,
1373 5294 1493 5351 tluehant
1507 5294 1608 5367 pluries
1631 5293 1791 5366 Scriptura-

990 5402 1063 5441 ram.
1084 5383 1130 5439 llii
1144 5382 1207 5439 eecli
1222 5382 1339 5454 gloriam
1357 5383 1408 5441 Dei
1418 5385 1584 5441 enarrabant
1597 5400 1659 5441 cum
1674 5382 1792 5456 apostoli

991 5474 1129 5531 Christum
1145 5472 1172 5527 in
1195 5472 1368 5530 totomundo
1395 5472 1598 5545 personabant.
1626 5475 1659 5531 la
1681 5488 1793 5534 curnem

992 5563 1092 5637 quippe
1108 5569 1207 5619 terram
1221 5560 1304 5619 exivit
1326 5578 1410 5619 sunus
1425 5578 1524 5619 eurum
1538 5570 1565 5621 et
1589 5563 1617 5621 in
1630 5562 1698 5621 fines
1712 5564 1790 5621 orbis

992 5660 1073 5711 terrra
1103 5651 1189 5707 verba
1204 5666 1301 5710 eoram
1328 5652 1424 5722 (ibid.)
1447 5651 1571 5711 Ecclesia
1585 5668 1650 5711 vero
1677 5658 1794 5725 eocatqr

989 5751 1189 5809 firmamentum
1204 5748 1266 5822 quia
1282 5748 1378 5809 frdeles
1388 5752 1423 5808 ah
1435 5750 1592 5811 infidelibus
1606 5760 1636 5810 ut
1648 5766 1789 5827 aquaapro
