3942 6067
196 324 230 381 63
361 400 363 407 Ι
459 324 609 385 MONORII
633 324 885 385 AUGUSTODUN.
905 320 972 377 OPP
1010 315 1096 373 PARS
1120 315 1141 370 l.
1158 310 1347 370 -nmaso
1372 309 1418 367 ΕΤ
1441 307 1580 367 utsroa.
1815 308 1851 365 ot

195 448 320 507 ellectum
336 449 436 506 dicitur
450 450 574 523 lrIgldus,
592 452 641 515 etsi
657 453 685 507 in
703 468 734 509 se
759 453 788 508 Iit
807 450 931 509 calidus,
945 443 1035 503 seda
1050 441 1160 515 qnando
1174 447 1237 512 post
1251 454 1312 495 eum
1328 438 1357 493 in
1370 452 1487 508 vespere
1502 406 1620 492 videtur.
1637 433 1716 493 Unde
1730 442 1852 507 estquae·

196 547 300 613 quaeret
325 538 418 595 forsan
439 540 558 612 aliquis:
580 542 607 597 Si
628 558 743 613 corpora
763 542 902 597 stellarum
914 536 997 609 ignea

197 636 279 694 sunt,
295 628 367 684 unde
382 630 515 701 contingit
530 630 602 701 quod
616 632 742 701 quaedam
758 630 875 687 efficInnt
888 626 997 699 frigus?

195 716 297 773 Omnes
313 716 385 772 enirn
406 718 434 771 in
455 718 581 774 omnibus
607 735 689 790 posse
713 719 830 777 inveniri
845 717 994 782 rationem,

196 806 293 862 sedin
317 806 480 879 quibusdam
503 809 702 865 recurrendum
735 808 771 864 ad
803 806 994 865 creationem:

196 893 318 968 quamvis
346 909 491 966 possumus
511 897 583 954 bano
615 898 748 955 rationem
780 898 843 953 inde
865 896 993 964 reddere,

196 986 268 1057 quod
285 984 393 1041 diversa
415 984 507 1059 Ignea,
526 1002 558 1041 ex
574 988 777 1059 propinquitate
791 996 817 1043 et
832 984 995 1051 remoIIone,

195 1074 282 1145 magis
301 1080 328 1128 et
350 1074 440 1129 minus
461 1074 639 1131 calefaciunt.
676 1077 754 1132 Unde
787 1076 917 1131 Saturnus
931 1074 996 1147 quia

195 1162 327 1219 remotior
342 1178 355 1216 a
371 1163 450 1217 nobis
461 1171 513 1231 est,
530 1180 584 1219 nou
598 1164 721 1221 calefacit
732 1173 853 1229 terram3
873 1164 915 1221 rol
931 1178 997 1219 vero

195 1251 257 1324 quia
276 1251 458 1323 propinquius
481 1258 563 1308 terrai
580 1261 636 1321 est,
656 1255 746 1328 magis
766 1254 885 1310 incendit
913 1268 994 1325 eam3

193 1340 239 1397 vel
254 1340 378 1397 dIcumus
393 1342 465 1411 quod
480 1342 603 1413 quamvis
621 1342 713 1415 ailqua
736 1343 815 1399 stella
840 1343 931 1399 calida
947 1343 993 1409 sit,

195 1438 256 1485 sunt
279 1428 307 1483 in
333 1444 366 1483 ea
384 1429 445 1484 aliae
462 1430 604 1502 qualitates
627 1432 708 1487 nobis
731 1432 849 1505 ignotae,
865 1432 995 1505 aquibus

194 1516 269 1573 calor
289 1533 345 1573 non
369 1527 459 1589 potest
483 1518 663 1576 descendere.
692 1520 745 1576 Sed
773 1520 836 1593 quia
854 1522 882 1575 in
904 1520 995 1576 medio

193 1606 386 1677 proposuimus
411 1608 590 1679 qumstionem
618 1610 703 1666 :Non
727 1610 823 1665 omnio
846 1626 995 1682 poscuntur

194 1710 302 1761 omncs,
319 1694 354 1749 sit
368 1695 470 1767 ingenii
486 1698 616 1769 cujusque
631 1697 776 1770 inquirere,
787 1698 851 1770 quid
866 1714 916 1769 pro
936 1699 996 1754 sol-

1051 531 1104 587 stio
1120 547 1128 583 t
1143 533 1186 585 Mn
1200 529 1227 585 in
1243 528 1340 583 eodem
1354 534 1478 597 tempore
1493 524 1557 579 anni
1569 522 1656 595 possit
1670 538 1733 579 esse
1742 522 1852 581 Lucifer
1950 591 1951 608 Χ

1051 628 1078 677 ει
1097 617 1257 689 Hesperus?
1282 616 1379 672 Dicunt
1395 614 1504 687 qnidam
1520 614 1573 669 hoc
1592 630 1654 671 esse
1676 631 1731 673 non
1751 630 1846 686 posse.

1051 710 1119 765 Cum
1133 708 1206 763 enim
1221 706 1256 762 sit
1268 706 1343 778 paris
1366 702 1518 761 velocitatis
1541 719 1604 760 curn
1625 702 1693 771 sole,
1709 711 1736 759 et
1750 702 1807 759 lere
1823 704 1851 757 In
1951 747 1952 770 ,

1050 798 1147 855 eodem
1170 795 1257 869 spatio
1286 808 1396 851 cursum
1419 808 1500 849 auum
1522 789 1686 864 perficiens.
1710 792 1851 865 quomodo

1050 886 1077 943 in
1089 902 1143 941 una
1158 894 1184 943 et
1198 884 1294 940 eadem
1309 892 1400 949 nocte,
1417 881 1446 937 in
1460 897 1576 953 vespere
1587 888 1750 954 sequeretur
1764 880 1852 937 solem
1952 903 1953 918 ι

1051 985 1079 1033 ει
1093 976 1121 1029 in
1134 990 1216 1030 mane
1230 972 1409 1045 praecederel.
1435 972 1464 1026 In
1486 985 1540 1025 uno
1562 986 1631 1044 ergo
1649 970 1713 1025 anni
1727 978 1851 1042 tempore

1050 1063 1180 1139 praeeedit
1195 1062 1291 1131 solem,
1307 1069 1334 1117 et
1351 1067 1415 1117 tnnc
1430 1067 1471 1116 est
1486 1060 1604 1131 Lucifer
1621 1076 1627 1115 :
1644 1058 1671 1113 in
1682 1058 1735 1115 alio
1750 1058 1852 1115 subse-

1051 1152 1153 1225 quitur,
1168 1158 1196 1207 ει
1210 1159 1274 1205 tunc
1289 1157 1330 1205 est
1344 1150 1492 1221 Hesperus.
1509 1146 1561 1201 alii
1584 1147 1679 1203 dicunt
1692 1147 1719 1201 in
1734 1163 1788 1203 uuo
1799 1163 1850 1203 eo-

1049 1242 1167 1314 demque
1181 1248 1302 1311 tempore
1317 1238 1390 1309 anni,
1400 1237 1474 1293 illam
1489 1245 1550 1292 ante
1566 1244 1655 1292 ortum
1671 1235 1738 1293 solis
1749 1235 1847 1307 viderI,

1049 1340 1076 1387 ει
1089 1338 1152 1402 post
1166 1344 1296 1385 occasum
1316 1327 1441 1397 ejusdcm
1461 1342 1515 1383 uon
1539 1333 1629 1382 tamen
1650 1327 1808 1398 praecedere
1823 1333 1850 1381 et

1050 1419 1188 1491 subsequi,
1205 1420 1257 1473 boc
1271 1432 1390 1489 namque
1404 1414 1573 1487 impossibile
1587 1422 1641 1470 est.
1662 1414 1762 1471 Dicunt
1776 1414 1849 1470 enim

1050 1507 1158 1567 stellam
1174 1507 1248 1563 illam
1266 1506 1392 1563 altiorem
1407 1521 1470 1561 esse
1485 1503 1553 1572 sole,
1570 1503 1640 1559 unde
1655 1502 1755 1558 diutins
1770 1502 1849 1559 ride-

1049 1606 1092 1653 tur
1105 1598 1132 1651 in
1147 1612 1272 1667 vespere,
1289 1594 1466 1651 etiamsinon
1481 1593 1665 1665 subsequatur
1688 1591 1789 1658 solem,
1805 1592 1847 1649 ci·

1049 1686 1101 1741 tIus
1123 1686 1152 1740 in
1173 1701 1253 1741 mane
1268 1683 1374 1740 etiamsi
1397 1682 1473 1737 illurn
1495 1698 1551 1737 non
1575 1681 1729 1738 antecedat.
1745 1680 1850 1736 Dicitur

194 1782 281 1839 venda
305 1784 357 1839 bac
381 1783 534 1855 questione
553 1786 639 1857 possit
657 1786 789 1841 iuvenire.
815 1786 880 1843 Ilaec
898 1788 995 1843 eadem
1015 1774 1164 1850 fllucfler
1179 1779 1206 1830 el
1220 1776 1367 1847 Hesperus,
1393 1772 1421 1826 in
1442 1770 1539 1828 eodem
1560 1777 1681 1842 tempore
1703 1768 1776 1837 anni,
1792 1786 1848 1826 non

195 1870 275 1925 stella
286 1888 318 1926 ea
335 1871 484 1945 frigiditate
493 1874 592 1929 dicitur
602 1877 707 1943 nociva,
718 1882 743 1931 et
758 1875 874 1931 maxime
887 1877 995 1947 quando

193 1968 235 2013 est
252 1961 412 2032 retrograda
429 1979 436 2016 r
452 1963 523 2017 unde
538 1963 564 2017 in
580 1962 679 2019 fabuIIs
695 1963 797 2019 dicitur
821 1964 918 2019 falcem
942 1965 994 2019 de-

194 2047 278 2103 ferre.
299 2049 433 2105 Delercus
448 2050 520 2107 enirn
536 2051 632 2107 falcem
646 2052 707 2124 plus
728 2060 808 2108 nocet
827 2054 992 2120 recedendo,

193 2152 275 2209 quam
291 2140 458 2195 accelendo.

406 2246 472 2301 Cae.
488 2246 588 2302 XVIII.
604 2280 635 2289 -
650 2248 688 2305 Dc
703 2250 777 2305 Ioue.

228 2332 292 2389 Post
307 2332 453 2389 Saturnum
476 2343 518 2391 est
537 2338 657 2409 dapifer,
683 2336 710 2393 in
732 2336 925 2409 peragratione
943 2351 992 2393 ao·

192 2418 263 2477 diaci
279 2421 423 2479 duodecim
438 2440 525 2479 annos
540 2441 714 2481 consumens.
732 2428 795 2481 IIaec
811 2426 890 2481 stella
905 2426 992 2483 bene-

192 2509 255 2565 vola
269 2518 320 2579 est,
337 2513 438 2583 quippe
453 2513 487 2568 ita
503 2522 654 2586 temperata
678 2516 706 2570 in
731 2514 788 2570 suis
803 2514 991 2588 qualitatibus,

192 2600 265 2670 quod
286 2602 574 2671 perconjunctionem
601 2606 659 2673 ejvs
687 2619 749 2660 cum
768 2604 827 2660 sole
846 2604 992 2675 probatum

192 2696 245 2743 εει.
268 2688 322 2745 Sed
342 2692 451 2763 quando
466 2692 556 2748 media
571 2699 612 2748 est
627 2694 699 2749 inter
716 2692 861 2749 Saturnum
878 2701 903 2749 tt
918 2696 992 2750 Mar-

191 2784 256 2843 tem,
268 2778 289 2833 si
305 2778 403 2835 existat
413 2782 442 2834 In
457 2782 600 2853 superiore
611 2782 707 2837 abside
722 2783 764 2837 sui
779 2783 883 2849 circuli,
896 2782 940 2839 vel
963 2783 991 2837 in

191 2866 323 2933 inferiori,
340 2874 506 2938 temperatur
521 2886 616 2925 eorum
631 2872 764 2926 nocivitas
788 2874 846 2939 ejus
868 2872 991 2927 benevo-

130 2968 133 2975 “
191 2955 282 3011 lentia.
297 2954 363 3011 lude
379 2960 507 3029 estquod
523 2958 549 3013 iu
566 2958 664 3015 fabulis
678 2960 778 3015 dicitur
795 2976 801 3015 :
820 2960 923 3031 Iupiter
938 2976 990 3031 pa-

1051 1864 1114 1937 quia
1131 1862 1266 1934 pracedat
1281 1870 1308 1917 et
1322 1862 1513 1935 subsequatur,
1531 1860 1580 1915 sed
1594 1859 1659 1931 quia
1671 1871 1734 1915 ante
1749 1866 1848 1931 etpost

1051 1968 1083 2009 ex
1098 1952 1140 2007 sui
1159 1952 1302 2007 altitudine
1318 1951 1437 2006 ridetur.
1456 1949 1540 2005 Tertii
1554 1949 1648 2005 dicunt
1667 1950 1802 2004 Venerem
1821 1956 1849 2004 et

1049 2040 1215 2097 Mercurium
1233 2055 1295 2096 ease
1310 2039 1368 2095 lere
1383 2038 1506 2106 ejusdem
1521 2037 1620 2093 coloris
1635 2045 1662 2092 et
1680 2036 1847 2110 quantitatis,

1049 2146 1211 2201 semperque
1227 2130 1313 2184 solem
1328 2126 1468 2195 comitari;
1485 2142 1544 2182 cum
1560 2140 1627 2198 ergo
1651 2125 1691 2180 sic
1710 2124 1848 2181 comitan-

1049 2229 1092 2274 tnr
1105 2218 1203 2285 illum,
1229 2218 1303 2289 quod
1325 2234 1379 2271 uua
1402 2214 1550 2287 praecedit,
1567 2214 1619 2269 alla
1647 2213 1846 2285 subsequitur:

1048 2307 1208 2380 praecedens
1225 2306 1252 2361 in
1268 2321 1392 2376 vespere,
1402 2312 1512 2375 propter
1526 2301 1702 2374 splendorem
1717 2301 1783 2359 solia
1792 2318 1849 2358 non

1049 2396 1165 2463 videtur,
1181 2396 1230 2451 sed
1245 2394 1416 2465 subsequens
1431 2401 1492 2464 post
1504 2407 1633 2448 occasum
1649 2392 1707 2461 ejus
1720 2398 1847 2464 apparet.

1049 2485 1147 2541 Contra
1164 2492 1254 2539 autem
1269 2492 1310 2539 est
1330 2484 1463 2548 inmane,
1481 2481 1642 2553 praecedens
1658 2495 1756 2553 nempe
1770 2480 1849 2536 ride-

1047 2593 1102 2651 tur,
1119 2597 1237 2654 scquens
1260 2596 1326 2635 vero
1350 2578 1499 2652 splendore
1523 2578 1576 2634 dici
1595 2578 1755 2634 occultetur.
1780 2577 1847 2644 Sed,

1048 2673 1110 2747 quia
1125 2670 1205 2726 unius
1219 2677 1282 2724 aunt
1296 2666 1407 2737 coloris,
1424 2676 1451 2723 et
1465 2666 1629 2741 quantitatis,
1644 2682 1699 2723 una
1713 2674 1739 2723 et
1749 2666 1849 2723 eadem

1048 2762 1127 2819 stella
1143 2767 1270 2831 reputatae
1286 2766 1357 2814 sunt.

1224 2868 1293 2924 Cae.
1313 2866 1405 2923 XXII.
1418 2892 1453 2907 ·-
1468 2866 1506 2920 Dc
1521 2866 1665 2923 Mercurio.

1083 2973 1199 3044 Quintus
1232 2981 1274 3031 est
1304 2974 1477 3039 Mercurius,
1498 2969 1554 3027 fere
1580 2970 1609 3026 iu
1641 2985 1713 3027 anno
1737 2986 1848 3028 cursum

191 3050 260 3098 ‘fem
277 3044 421 3100 Siluinum
437 3062 452 3101 θ
469 3064 554 3119 ¹⁸0300
575 3048 727 3118 expllisses
741 3048 803 3119 (1⁰5³
819 3049 936 3104 5³¹⁰¹¹¹¹⁰
951 3048 991 3104 Vi·
1047 3080 1125 3119 suurn
1140 3063 1264 3119 similiter
1283 3078 1436 3135 peragens,
1464 3076 1526 3117 cum
1548 3076 1603 3132 quo
1627 3060 1719 3115 Venus
1745 3059 1848 3132 legitur

190 3130 279 3187 clnior
295 3132 391 3201 lactus,
408 3136 558 3191 naturalem
583 3138 756 3193 nocivitatem
782 3138 806 3193 ei
830 3138 926 3194 aufert.
942 3137 992 3193 Di·
1009 3138 1199 3209 Gadulqemra
1212 3170 1274 3209 esse
1292 3151 1374 3224 :quiq
1388 3150 1498 3223 quando
1514 3157 1556 3204 εει
1568 3149 1597 3204 in
1610 3147 1848 3205 InlerIoreabside

190 3220 262 3277 citur
281 3222 362 3277 etiem
390 3223 569 3281 adulterando
601 3226 727 3280 diversos
760 3227 907 3299 genuisse,
929 3226 992 3297 qula
1047 3242 1089 3297 sui
1104 3241 1199 3298 circuti
1214 3240 1385 3313 qualitatihus
1399 3239 1473 3295 illius
1491 3255 1521 3295 se
1542 3238 1648 3294 miscet.

189 3310 382 3384 conjungendo
398 3329 428 3367 se
442 3314 590 3384 praedietis,
601 3313 629 3367 in
644 3314 759 3369 terrenis
773 3315 881 3370 diversa
897 3314 990 3371 efficit.

405 3419 469 3473 Ctt’·
487 3420 563 3476 XIX·
577 3452 611 3462 -
625 3422 664 3477 De
678 3422 776 3477 Malle·
1083 3440 1181 3490 tarum
1203 3436 1372 3499 stellarum,
1388 3437 1417 3489 cl
1429 3432 1503 3505 qaod
1517 3449 1615 3487 aarum
1630 3433 1771 3488 sifacem
1787 3448 1848 3489 csse

225 3512 333 3569 Tertius
345 3523 387 3569 ost
401 3518 472 3573 Mors
489 3518 579 3583 stella,
600 3518 703 3573 scilicet
721 3516 808 3573 calida
825 3528 851 3573 et
864 3518 945 3585 sicca,
965 3527 992 3575 et
1081 3506 1132 3563 iub
1148 3508 1281 3562 Mmml)
1296 3510 1324 3562 et
1343 3506 1453 3571 Velm&
1471 3506 1500 3559 ef
1520 3503 1554 3559 dl
1575 3504 1693 3559 “mlii
1707 3505 1847 3575 iimmm-

189 3602 253 3658 inde
269 3602 373 3667 nociva,
387 3604 413 3658 in
428 3606 537 3661 bIennIo
554 3622 706 3679 peragrans
717 3607 873 3675 zodiacum
886 3609 992 3679 sedpo-
1082 3631 1181 3686 smus
1195 3635 1237 3685 ρει
1256 3630 1308 3685 302,
1323 3627 1378 3683 seq
1393 3634 1457 3683 anre
1475 3626 1511 3681 oe
1539 3632 1612 3681 statu
1626 3634 1653 3683 ει
1667 3626 1847 3700 retrograda-

191 3692 258 3747 aitus
274 3692 448 3748 interlnvem
459 3706 483 3749 et
500 3696 716 3767 Veneremque
730 3704 794 3751 sunt
810 3696 896 3753 stellae
911 3697 993 3753 bene·
1047 3721 1120 3777 ,jone
1133 3718 1273 3774 stellarum
1289 3716 1480 3788 ppaedjcqarum
1500 3716 1665 3785 doceamus,
1683 3715 1783 3771 deinde
1795 3730 1848 3771 pm·

190 3779 270 3847 volae,
286 3780 425 3837 vicinitate
441 3784 534 3838 minuit
553 3800 630 3839 suam
646 3784 828 3851 nocivitatem,
841 3794 868 3841 ει
882 3786 992 3841 illorum
1047 3808 1175 3875 chapdaejv
1192 3816 1219 3863 e,
1233 3822 1328 3863 ,opum
1348 3820 1482 3877 sequace,
1496 3804 1626 3871 dixerim,
1641 3804 1729 3861 501„ss
1742 3820 1805 3861 ωε
1818 3804 1848 3860 in

190 3868 420 3927 benevolentiam.
438 3870 467 3926 In
484 3872 572 3943 praelis
587 3872 685 3929 dicitur
700 3873 843 3939 dominari,
859 3874 924 3945 quia
942 3890 993 3929 ca·
1046 3898 1138 3953 medio
1163 3896 1349 3967 planetarum,
1366 3895 1599 3966 superponerem
1624 3900 1651 3949 Β(
1671 3893 1847 3949 Memmium,

190 3956 276 4015 iorem
292 3959 399 4015 confert
416 3968 442 4015 et
463 3960 621 4029 siccitatem,
639 3978 671 4016 ex
688 3962 786 4035 quibus
802 3970 842 4018 est
860 3962 991 4019 animosi·
1045 3985 1167 4059 AEgvppj
1183 4001 1253 4057 quos
1268 3991 1376 4040 ,empus
1398 3995 1440 4041 es,
1458 3983 1555 4053 pppo9
1580 3983 1709 4039 eumdem
1733 3981 1847 4038 smum

189 4052 239 4102 ²³⁵·
256 4047 343 4103 calidi
358 4048 430 4104 enim
444 4058 469 4105 0¹
485 4050 550 4106 ”5⁰⁰1
566 4050 682 4107 animffii
703 4059 777 4105 ⁵⁰¹¹*
1046 4045 1189 4136 dixerunt,
1213 4082 1240 4130 et
1262 4074 1468 4144 superpositum
1484 4072 1616 4130 Mercurio
1630 4079 1658 4128 ει
1673 4071 1780 4127 Veneri.
1796 4072 1850 4126 bi-

390 4156 458 4211 Car.
478 4158 545 4213 XX.
570 4186 604 4198 -
620 4159 658 4213 Ilo
679 4160 790 4215 Vertere.
1046 4171 1110 4217 eunt
1138 4162 1267 4235 quidam,
1292 4161 1367 4232 quod
1390 4170 1433 4217 est
1464 4161 1589 4232 quedam
1613 4176 1676 4231 pars
1700 4159 1729 4215 in
1741 4159 1847 4216 circulo

231 4241 348 4311 Quartus
363 4244 468 4299 seilicet
481 4245 634 4316 platonicos
653 4244 813 4318 [secundum
829 4245 992 4319 platonicos}
1045 4252 1272 4321 uniuscujusque,
1288 4249 1420 4320 adquam
1436 4265 1605 4321 unaquaeque
1618 4246 1787 4321 pervenerit.
1800 4248 1848 4305 Sol

195 4332 284 4389 Venas
299 4332 389 4387 calida
403 4341 430 4387 et
444 4332 553 4389 humida
568 4335 656 4400 stella,
672 4334 744 4391 vinde
760 4344 801 4391 ost
816 4336 950 4404 benivola,
964 4335 993 4389 in
1046 4339 1182 4396 faciteam
1197 4347 1271 4395 stare
1285 4337 1328 4393 vel
1343 4345 1417 4392 retro
1433 4338 1484 4407 ire,
1500 4337 1551 4393 sed
1565 4353 1621 4393 non
1634 4337 1728 4395 dicunt
1744 4352 1843 4410 quare.

190 4435 262 4475 anuo
278 4420 335 4476 lere
346 4420 486 4478 zodiacum
497 4422 755 4480 clrcuiens.Dicitur
766 4426 918 4481 adulterata
929 4440 992 4480 curn
1045 4430 1103 4484 Nos
1117 4427 1234 4485 dicImus
1249 4442 1298 4483 eas
1312 4442 1455 4499 nunquam
1478 4425 1565 4483 videri
1581 4435 1672 4493 stare,
1688 4427 1763 4499 qula,
1783 4442 1847 4483 cum

190 4510 287 4573 Marte,
305 4509 367 4581 quia
383 4511 504 4567 existens
518 4510 545 4567 iu
560 4512 694 4583 superiori
711 4514 807 4570 circuli
823 4514 863 4569 sui
884 4513 991 4579 abside,
1008 4491 1031 4546 D
1047 4516 1101 4573 sint
1115 4518 1204 4587 lgneae
1218 4524 1339 4586 naturas,
1356 4523 1398 4571 est
1412 4515 1486 4589 quod
1500 4532 1609 4588 semper
1630 4514 1685 4571 sint
1707 4515 1736 4571 in
1758 4524 1846 4583 motu,

189 4598 262 4655 facta
276 4598 363 4653 vicina
379 4600 456 4655 Marti
472 4609 514 4655 est
538 4601 627 4657 minus
648 4602 784 4659 beniuole.
806 4602 862 4657 Dea
880 4601 993 4657 luxuriae
1046 4615 1173 4670 videntur
1186 4622 1278 4670 rumen
1293 4614 1440 4687 aliquando
1453 4620 1537 4679 stare,
1553 4628 1587 4668 ex
1600 4603 1676 4686 apsa
1689 4621 1716 4669 et
1729 4604 1807 4679 Mssa,
1817 4614 1848 4671 id

1046 3364 1113 3419 Car.
1125 3362 1229 3417 XXIII.
1237 3364 1314 3419 -Ilc
1328 3366 1409 3417 elatu
1423 3366 1453 3417 ct
1465 3361 1711 3433 retrogradatione
1716 3360 1849 3486 fredic-

192 4688 291 4745 dicitur
305 4704 377 4755 esse,
394 4689 457 4761 quia
474 4689 580 4745 confert
592 4690 709 4747 calorem
726 4699 752 4746 et
765 4691 916 4753 humorem,
929 4697 953 4744 et
964 4689 992 4743 in

189 4777 993 4851 calidisetbumitlisvigetluxuria.UtenimpropterVene·

190 4882 249 4923 rem
277 4866 390 4921 brevius
407 4867 540 4933 dicamne,
560 4868 634 4939 quod
653 4866 783 4939 prolixius
799 4866 941 4939 loquentes
957 4868 991 4923 de

189 4954 300 5013 homine
314 4970 483 5027 exponemus
496 4954 596 5011 :calidi
611 4964 637 5011 et
652 4956 717 5011 sicci
733 4954 844 5011 multum
860 4962 992 5027 appetunt

191 5060 223 5101 ax
238 5045 330 5101 calore
346 5044 490 5111 luxuriam,
513 5045 563 5100 sed
584 5060 616 5099 ex
636 5044 758 5101 siccitate
778 5060 831 5099 non
851 5043 992 5099 sustinent

190 5131 321 5201 effectum¹
342 5140 369 5189 et
383 5134 406 5189 si
421 5132 523 5189 faciunt
538 5132 654 5188 marimo
675 5132 715 5187 eis
740 5141 829 5188 uocet.
847 5132 949 5204 frigidi
964 5141 991 5188 et

189 5222 293 5277 humidi
308 5238 323 5277 e
338 5222 476 5277 contrario
496 5222 568 5277 male
593 5228 739 5293 appetunt,
761 5221 809 5277 sed
825 5220 959 5277 sustiueut
980 5236 986 5275 :

189 5310 239 5367 sed
254 5310 343 5384 frigidi
359 5310 459 5367 etsicci
472 5325 522 5365 noc
532 5318 671 5381 appetunt,
685 5308 987 5380 nechabeuteffeetum,

189 5398 305 5455 maxime
320 5400 426 5471 corpori
443 5414 537 5455 eornm
553 5398 665 5471 prodest
678 5396 791 5455 effectus
811 5414 916 5456 eorum.

189 5516 254 5572 Car.
270 5516 388 5573 XXI·
402 5517 540 5585 Quomodo
551 5516 742 5573 ecdemrtcllc
752 5516 865 5573 dr'cotur
874 5518 990 5589 Lucifer

492 5592 522 5645 ct
538 5588 685 5662 Hesperos.

226 5682 334 5741 Lucifer
367 5686 476 5757 quando
509 5694 570 5745 ante
602 5688 689 5749 solem
713 5686 828 5759 videtur,
850 5688 991 5761 Hesperus

1046 4712 1088 4759 est
1113 4704 1268 4760 elevatione
1287 4711 1314 4759 et
1338 4703 1526 4774 depressione.
1545 4702 1658 4760 Constat
1679 4704 1752 4759 enim
1773 4704 1846 4760 iuter

1046 4808 1143 4849 omnes
1170 4792 1327 4865 astrologos
1354 4807 1576 4865 unumquemque
1594 4793 1630 4849 da
1650 4792 1768 4849 Plauetis
1795 4792 1848 4848 ali·

1046 4882 1156 4952 quando
1170 4880 1233 4952 plus
1247 4880 1327 4937 solito
1342 4880 1477 4935 removeri
1491 4895 1508 4935 a
1523 4888 1603 4949 terra,
1620 4889 1649 4937 et
1662 4890 1727 4938 tunc
1748 4881 1847 4938 eleva-

1045 4978 1098 5034 tur,
1114 4969 1263 5042 aliquando
1278 4969 1341 5039 plus
1359 4970 1531 5026 descendere
1546 4985 1643 5027 versus
1657 4978 1754 5039 terras,
1769 4970 1846 5042 quod

1045 5060 1166 5131 deprimi
1182 5058 1307 5113 dicimus.
1322 5059 1389 5113 Cum
1403 5075 1471 5131 ergo
1481 5059 1624 5115 elevantur
1634 5059 1678 5115 vel
1687 5058 1846 5130 deprimun-

1044 5155 1099 5215 tur,
1116 5148 1140 5202 si
1154 5155 1229 5205 recto
1243 5146 1326 5205 modo
1351 5148 1404 5204 boc
1425 5146 1470 5214 iit,
1495 5149 1546 5203 aab
1566 5150 1662 5206 eadem
1678 5156 1755 5219 parte
1769 5147 1846 5220 signi

1043 5235 1179 5303 videntur,
1195 5244 1222 5293 et
1237 5244 1310 5291 stare
1325 5236 1482 5293 creduntur.
1508 5236 1555 5291 Sin
1578 5246 1668 5295 autem
1682 5245 1755 5293 retro
1769 5236 1844 5293 obli-

1044 5334 1147 5399 quent,
1166 5326 1207 5381 ire
1231 5332 1306 5381 retro
1325 5324 1463 5381 videntur.
1486 5326 1573 5395 Hujus
1600 5343 1668 5401 ergo
1682 5326 1844 5383 elevationis

1044 5416 1087 5473 veI
1100 5416 1179 5486 depr.
1189 5414 1289 5471 saionis
1308 5428 1395 5472 causa
1417 5422 1460 5471 est
1485 5415 1537 5470 sol.
1561 5415 1630 5471 Cam
1644 5414 1717 5471 euim
1730 5414 1766 5470 sit
1780 5414 1844 5471 fons

1043 5504 1126 5561 collus
1140 5503 1252 5569 caloris,
1268 5504 1417 5576 aliquando
1439 5504 1502 5576 plus
1521 5503 1645 5561 desiccat
1658 5501 1801 5574 superiora
1815 5511 1844 5558 et

1043 5594 1186 5651 inferiora.
1206 5594 1283 5650 Unde
1293 5594 1430 5651 desiccata
1439 5609 1558 5666 corpora
1569 5593 1708 5651 stellarum
1723 5591 1784 5663 plus
1798 5607 1845 5647 so·

1043 5684 1092 5743 lito
1114 5683 1187 5741 levia
1207 5684 1369 5742 ascendunt.
1395 5684 1426 5741 Si
1440 5683 1507 5745 item
1529 5682 1781 5748 adnutrimectum
1800 5681 1845 5739 sui
