3942 6067
114 294 183 360 tttb

510 304 515 313 =
571 273 776 393 annotatos
803 272 852 341 nn.
879 270 1116 341 sacaannnro
1145 268 1304 339 tartara.

1703 262 1772 333 tati
1808 300 1819 316 ·

112 407 678 501 sumptrehnmonitatis:utcunentesin
693 406 1104 483 odor·enugnen·Apopulum
1134 425 1141 463 :
1171 407 1206 463 ad
1233 405 1446 465 memorandum
1476 405 1551 482 quod
1574 405 1653 463 toties
1677 406 1773 464 n0mr.

114 530 206 574 torum
222 530 344 580 suorum,
359 508 507 567 eliciamus
522 508 547 563 'ei
563 508 672 563 odorem
689 506 822 560 bonomm
848 515 917 571 ope-

114 621 190 658 rnm.
209 602 288 656 Dona
303 597 445 659 sacranda,
463 594 567 651 scilicet
589 591 670 665 panis
695 598 722 644 et
740 587 848 652 riuum,
866 586 919 639 hoc

115 688 214 743 ordina
238 684 329 740 oblata
354 682 387 735 ad
413 680 499 736 altare
520 675 694 749 perveniunt.
714 671 919 728 hstthdiacono

118 777 251 831 diaeonus
275 771 383 843 accipit,
402 777 427 824 et
443 766 524 826 offert
548 765 676 820 manibus
699 759 860 823 sacerdotis,
875 756 919 811 rel

117 863 263 936 aliquoties
279 877 359 917 cansa
375 875 448 915 cnrae
462 854 647 929 diligentioris
661 850 790 907 sacerdos
806 852 918 918 composs

118 954 159 1009 nit
183 955 209 1007 in
233 952 346 1009 dextera
372 948 478 1003 altaris.
504 946 588 1014 Catius
612 942 652 997 rei
677 938 837 1013 mysterium
853 944 920 992 est:

117 1042 192 1117 quod
205 1042 249 1096 ιειι
266 1055 314 1110 per
330 1038 526 1093 subdiaconem
551 1030 702 1106 significata
728 1030 755 1083 in
778 1023 922 1082 sacrillciis

120 1131 177 1186 suis
202 1126 366 1185 sacrificium
390 1132 492 1181 nostrae
514 1117 610 1177 salutis
628 1116 777 1192 figurarit;
794 1113 922 1171 doctrina

117 1218 287 1291 Euangeliou
302 1216 380 1286 cujus
396 1215 529 1271 diaconus
543 1210 669 1265 minister
684 1214 743 1273 est,
759 1203 921 1261 manifesta-

117 1310 157 1365 vit
172 1316 197 1364 et
213 1304 371 1363 solemniter
386 1302 527 1360 celebrare
541 1298 668 1355 instituit.
697 1298 776 1368 Aqrra
790 1294 853 1348 rino
867 1290 922 1345 mi-

119 1405 222 1463 scetur,
240 1403 269 1451 nt
284 1394 354 1449 unda
377 1406 546 1465 regenerans
561 1390 599 1443 ita
614 1384 740 1459 sanguini
754 1382 855 1440 Christi
871 1378 922 1437 ad-

115 1478 211 1559 juncta
235 1481 413 1555 intelligatur.
442 1480 516 1543 Quia
537 1494 591 1550 per
614 1477 728 1531 alterum
752 1472 810 1527 siue
837 1470 922 1524 altero

119 1591 202 1631 uerno
236 1574 350 1628 salutern
384 1575 579 1641 consequatur,
604 1583 655 1638 per
676 1565 729 1619 hoc
754 1560 835 1617 etiarn
858 1558 923 1614 uuio

119 1664 221 1721 Christi
235 1670 262 1718 et
277 1660 408 1717 Ecclesiae
424 1657 596 1730 designatur.
620 1654 769 1723 Utrumque
787 1650 821 1704 d'e
837 1648 922 1703 latere

120 1744 223 1809 Cirristi
238 1748 396 1806 emanarit:
413 1748 486 1821 qrrod
502 1762 556 1801 nou
570 1743 620 1799 luit
634 1742 693 1797 sine
709 1740 812 1795 ratione
823 1744 922 1808 myste-
938 1764 965 1827 B

119 1842 168 1898 rii.
189 1842 375 1912 Praparantur
395 1836 475 1908 panis
501 1843 528 1890 et
548 1832 643 1888 vinnm
668 1830 702 1885 ad
722 1827 922 1885 conficiendum

121 1939 334 1993 sacramentum,
354 1934 383 1982 ut
406 1925 506 1998 quibus
521 1920 551 1978 tn
569 1921 682 1979 relectio
702 1916 861 1989 corporalis,
878 1912 925 1972 tut

122 2022 224 2077 animae
238 2019 315 2075 cibus
331 2025 358 2073 et
372 2021 452 2088 potus
467 2012 608 2069 salutaris.
628 2010 706 2066 Sicut
721 2006 795 2063 enim¹
807 2004 851 2060 illa
865 2019 925 2060 cor·

122 2128 176 2182 pus
199 2107 317 2163 hominis
342 2102 494 2160 sustentent
520 2108 544 2157 et
565 2100 689 2173 spiritum
707 2095 847 2153 laetificant
863 2108 869 2149 :
887 2092 925 2147 ito

123 2216 168 2254 res
184 2195 367 2261 sacramenti,
386 2211 446 2262 utrm
465 2198 507 2246 est
530 2188 653 2245 Christus
673 2185 807 2243 Dominus
831 2188 925 2238 noster

122 2288 173 2343 Dei
190 2286 284 2353 Filius,
299 2291 341 2340 est
353 2283 446 2339 laetitia
461 2279 601 2335 hominnm
616 2284 643 2334 et
656 2275 818 2348 angelorum
833 2271 883 2326 sibi
899 2277 924 2327 et

122 2376 238 2450 augelus
261 2382 288 2431 et
311 2372 439 2428 homines
455 2367 649 2426 reconcilians.
667 2365 746 2421 Unde
760 2363 819 2434 ipsa
835 2358 925 2432 quiin

124 2472 294 2521 sacramento
310 2462 426 2517 sumitur
440 2459 476 2513 ait
493 2476 499 2513 ε
518 2459 658 2514 chronna
670 2469 732 2510 nere
747 2451 885 2513 calcibus,
895 2451 923 2504 rt

123 2556 242 2626 sononia
257 2569 335 2608 reeens
359 2566 422 2605 nere
443 2552 487 2604 ert
506 2551 588 2619 potos
604 2546 701 2613 ⁴biorn.
717 2542 767 2612 nr).
786 2538 865 2595 l'auis
878 2536 925 2593 itte

123 2644 207 2699 debet
221 2659 285 2697 esse
302 2639 435 2701 triticeus,
452 2635 516 2708 qttia
532 2635 664 2691 Dominus
687 2644 776 2704 grano
799 2627 880 2682 tritici
895 2641 925 2680 se

124 2731 292 2802 compararit
302 2729 397 2785 dicens
409 2745 416 2782 :
429 2728 489 2783 titst
502 2740 624 2797 orantem
632 2718 885 2793 frumcnticudens
894 2715 926 2769 in

125 2827 234 2877 terrum
249 2822 394 2875 mortuum
408 2801 713 2885 mercimoniorum
727 2801 924 2875 annuetiloun.

124 2911 188 2981 xit).
213 2908 303 2967 Unum
324 2920 441 2977 granum
456 2902 507 2957 tun
523 2909 550 2957 et
565 2901 651 2956 solum
666 2907 729 2953 ante
745 2891 927 2951 resurrectio-

124 3016 190 3055 nem
202 3016 208 3055 :
220 2997 282 3069 post
296 2992 468 3051 lruotilicarit
483 2999 510 3047 et
525 2988 730 3060 multiplicatum
743 2992 784 3039 est
799 3000 850 3055 per
864 2979 929 3036 fidei

972 512 1024 551 nus
1051 497 1098 552 die
1128 494 1337 551 resurrectionis
1364 496 1492 567 apparuit
1519 496 1688 551 consolando
1720 512 1771 569 pro

972 587 1099 659 passione
1128 602 1178 641 sua
1204 584 1324 658 gemitus
1352 585 1550 641 desolatorum.
1571 589 1691 656 Accepto
1716 584 1775 655 spi-

973 675 1026 730 ritu
1051 674 1223 745 humilitatis,
1251 674 1381 730 sacerdos
1406 691 1461 731 non
1487 690 1655 747 praesumens
1680 676 1713 727 du
1730 691 1769 739 se,

975 764 1055 819 seda
1078 764 1152 821 clero
1177 772 1201 819 et
1226 781 1241 818 a
1269 764 1369 835 populo
1383 762 1526 834 postulans
1551 780 1648 819 maturis
1672 764 1775 819 oratio-

975 870 1049 921 num,
1066 860 1093 907 ut
1109 870 1157 923 pro
1172 870 1201 909 se
1217 862 1242 909 et
1257 867 1307 925 pro
1322 852 1365 907 his
1389 851 1474 907 Deum
1500 851 1676 922 interpellans
1692 865 1777 906 enan-

975 942 1074 1005 diatnr,
1091 942 1157 997 dicit
1180 942 1316 998 orationes
1338 958 1398 1015 quae
1424 949 1536 997 secrete
1557 940 1777 1007 marcomannis

975 1038 1082 1086 secreta
1096 1028 1122 1084 et
1142 1030 1235 1087 humili
1259 1046 1327 1085 roae
1350 1026 1537 1101 proteruntur.
1557 1030 1588 1097 in
1604 1030 1655 1083 hoc
1670 1026 1777 1090 silentio

976 1126 1018 1174 est
1029 1118 1163 1175 memoria
1174 1117 1323 1173 Dominieaa
1334 1116 1472 1189 passionis
1488 1132 1548 1189 qnae
1561 1117 1588 1171 in
1604 1115 1780 1171 hebdomada

976 1206 1160 1279 antepaschali
1175 1204 1346 1263 cessantibus
1369 1205 1478 1277 hymnis
1502 1212 1528 1261 et
1551 1204 1691 1271 laudibus,
1708 1203 1778 1259 solet

976 1296 1122 1355 celebrari.
1148 1294 1374 1352 Dominns'etiam
1392 1294 1549 1349 imminente
1564 1293 1701 1364 passione,
1718 1292 1779 1347 ante

977 1386 1154 1457 suspendium
1172 1385 1261 1441 crocis
1283 1391 1390 1439 secreto
1413 1382 1500 1438 oravit
1516 1382 1610 1439 dicens
1623 1398 1629 1437 τ
1644 1386 1738 1440 Pater.
1754 1382 1780 1438 si

976 1477 1044 1548 fieri
1060 1478 1162 1550 potest,
1182 1476 1311 1530 trusirent
1329 1488 1404 1528 autc
1421 1472 1502 1529 coliae·
1514 1473 1569 1527 ista
1580 1470 1780 1541 (ttatttaxxv).

977 1564 1077 1621 Oronte
1086 1563 1228 1621 sacerdote
1237 1562 1449 1633 superoblatam
1460 1562 1486 1615 in
1499 1560 1605 1615 silentio
1616 1558 1643 1614 ιιι
1654 1560 1780 1632 quoednm

977 1654 1012 1709 ad
1036 1662 1156 1709 sanctum
1183 1648 1344 1707 sacrificinm
1369 1650 1542 1721 praeparatio.
1568 1648 1780 1719 liupr-esemona

979 1743 1050 1815 quod
1067 1758 1127 1797 cnm
1139 1740 1271 1796 Dominus
1287 1754 1317 1794 se
1331 1738 1524 1802 absconderet,
1537 1752 1588 1792 uec
1599 1728 1690 1806 palam
1705 1736 1778 1807 apud

978 1831 1092 1887 ludaeos
1107 1830 1267 1895 ambularet,
1286 1827 1446 1883 abscondita
1460 1826 1663 1895 dispensatione
1672 1838 1778 1895 praepa-

978 1918 1154 1976 montuosis
1174 1917 1341 1973 salutiferum
1367 1934 1422 1971 snae
1444 1914 1580 1985 ,iussionis
1604 1913 1777 1984 mysterium.

977 2007 1043 2064 Post
1058 2006 1219 2067 miraculum
1235 2002 1326 2061 dilecti
1342 2002 1383 2058 sni
1399 2020 1414 2057 a
1430 2010 1517 2058 morte
1531 2002 1663 2068 suscitati,
1681 2016 1714 2057 eo
1731 2014 1780 2072 pa-

978 2098 1034 2153 lam
1056 2094 1228 2160 ambulante,
1252 2092 1382 2149 sacerdos
1406 2092 1504 2162 rumpit
1526 2090 1663 2145 silentium
1689 2090 1781 2146 excla-

978 2202 1057 2241 mans
1075 2203 1082 2239 :
1098 2188 1152 2241 Per·
1167 2184 1263 2242 omnio
1278 2182 1382 2238 scottia
1398 2182 1576 2249 sectatorum,
1596 2186 1623 2234 et
1638 2187 1714 2250 rogat
1732 2178 1784 2233 Do-

978 2276 1082 2330 minum
1097 2290 1159 2331 esse
1175 2288 1236 2330 cum
1249 2272 1306 2326 illis
1323 2289 1329 2327 :
1347 2274 1373 2325 et
1387 2271 1487 2325 chorus
1511 2278 1569 2325 orat
1591 2268 1650 2335 cius
1676 2266 1784 2339 spiritui

979 2362 1126 2421 Dominum
1152 2360 1236 2417 uniri.
1264 2360 1354 2415 Monet
1377 2358 1456 2413 etiam
1482 2364 1508 2413 ut
1532 2358 1648 2413 lrabeant
1675 2370 1782 2411 sursum

979 2454 1065 2511 corda
1088 2452 1124 2508 ad
1144 2449 1300 2514 Dominum,
1326 2446 1413 2519 ipsius
1437 2446 1596 2505 sublevante
1617 2446 1710 2518 gratia
1727 2456 1735 2501 :¹
1752 2448 1782 2499 nt

978 2550 1085 2597 mentes
1110 2552 1203 2597 eorum
1220 2538 1273 2599 siut
1288 2538 1314 2592 in
1328 2536 1486 2593 caelestibus
1501 2544 1525 2590 et
1543 2535 1661 2599 aeternis,
1678 2548 1732 2588 uon
1753 2534 1781 2588 in

980 2630 1096 2686 terrenis
1117 2633 1144 2684 et
1163 2626 1339 2683 transitoriis.
1361 2624 1547 2699 desponsione
1567 2624 1642 2680 chori
1667 2622 1781 2678 audiens

981 2725 1077 2780 eorum
1098 2726 1205 2775 mentes
1220 2714 1254 2773 ad
1270 2716 1415 2771 Dominum
1440 2722 1558 2778 erectas,
1574 2708 1718 2768 confitetur
1737 2709 1781 2764 di·
1872 2768 1876 2777 ¹

982 2822 1066 2883 gnum
1090 2822 1151 2863 esse
1167 2814 1193 2862 et
1204 2808 1307 2875 justum
1330 2805 1354 2859 ei
1373 2818 1456 2877 agere
1476 2802 1590 2875 gratias,
1614 2800 1659 2872 qui
1673 2806 1783 2855 terrena

983 2898 1073 2954 eierat
1087 2896 1122 2951 ati
1138 2894 1271 2961 eoelestia,
1281 2900 1308 2949 et
1322 2892 1394 2965 quod
1404 2906 1490 2965 grave
1500 2894 1543 2946 est
1559 2898 1585 2945 et
1597 2888 1782 2961 ponderosum

982 2990 1048 3047 iacit
1063 2990 1146 3045 liner'e
1163 2992 1281 3043 sursum.
1300 2981 1383 3043 Recte
1402 2986 1460 3041 Deo
1476 2983 1578 3056 gratias
1592 2981 1656 3053 agit,
1674 2980 1719 3053 qui
1736 2996 1785 3051 por

126 3086 317 3160 pt'ottegissem·
343 3082 414 3152 Quoi
432 3080 536 3140 fideles·
551 3085 590 3132 ¹⁰1
605 3082 668 3130 Silii
690 3089 777 3146 grana
790 3071 830 3127 iffi
843 3084 929 3147 &³¹¹0
945 3098 970 3164 0
985 3078 1055 3135 bona
1065 3094 1148 3150 opera
1158 3094 1188 3132 se
1196 3076 1220 3132 ei
1229 3074 1421 3146 acceptabilem
1433 3072 1530 3129 reddit.
1544 3068 1693 3143 Utdiguea
1705 3068 1786 3127 nobis

126 3172 225 3231 deliaco
250 3172 344 3239 unita,
368 3169 521 3242 exquibus
545 3163 686 3223 conficitur
709 3178 792 3217 noum
816 3175 930 3232 corpus,

128 3262 201 3337 quod
216 3270 258 3318 est
268 3260 391 3319 Christus
407 3268 433 3314 et
443 3257 578 3314 Ecclesia.
591 3255 710 3325 Azpmus
725 3258 777 3317 est,
788 3256 818 3306 ut
835 3265 932 3305 secun·

127 3351 192 3408 dum
203 3350 363 3424 Apostolum
377 3367 384 3404 :
396 3343 456 3405 lt’ou
470 3347 502 3401 iu
518 3347 660 3417 sermerato
676 3340 776 3411 veteri,
791 3338 881 3412 nequa
899 3337 931 3392 in

127 3439 436 3515 {arietentoanolitioect
446 3435 592 3508 nequitiae,
604 3432 652 3488 sed
661 3432 690 3487 ιἰι
698 3432 805 3503 asymis
816 3426 932 3483 nuceti-

129 3531 199 3588 tutia
217 3535 245 3586 et
260 3528 392 3584 ueritatis
403 3527 429 3596 (ι
443 3524 504 3581 Cor.
526 3523 568 3593 v).
588 3520 637 3575 llis
651 3529 743 3575 autem
758 3514 930 3587 compositis.

128 3620 226 3675 silente
252 3618 352 3682 choro,
377 3611 507 3669 sacerdos
532 3609 627 3681 incipit
651 3623 733 3662 orare
754 3605 781 3660 in
802 3603 932 3669 silentio;

128 3707 193 3762 illud
212 3702 372 3778 significans
397 3705 503 3772 tempus
527 3715 581 3771 quo
605 3696 738 3752 Dominus
760 3699 854 3749 noster
874 3692 932 3760 jam

128 3811 184 3851 non
199 3794 288 3866 palam
303 3790 462 3849 ambulabat
476 3788 549 3860 apud
562 3787 682 3849 ludaeos,
700 3798 762 3839 cnm
778 3780 932 3853 cogitarent

130 3897 191 3941 enm
206 3881 369 3946 interficere,
387 3879 435 3935 sed
450 3878 516 3933 uitia
529 3876 557 3931 in
572 3874 713 3942 regionem
734 3874 814 3941 jnnta
833 3869 931 3924 descr-

129 3980 200 4039 tum,
214 3972 242 4027 in
257 3970 395 4027 ciuitatem
411 3984 472 4041 quae
488 3966 586 4023 dicitur
600 3964 732 4035 Ephrem,
749 3967 777 4017 ει
789 3959 828 4014 ibi
843 3972 934 4013 mora·

128 4073 214 4127 batur
232 4086 294 4127 curn
307 4066 448 4138 discipulis
463 4065 533 4121 suis.
553 4064 588 4118 Et
602 4061 737 4117 inclinans
751 4074 781 4113 se
796 4064 858 4113 ante
871 4071 933 4110 ma-

131 4168 206 4224 dium
226 4167 332 4233 altaris,
347 4163 512 4236 supplicatu
530 4162 585 4216 Deo
601 4161 682 4214 Patre
697 4156 748 4211 sibi
764 4154 825 4210 dari
848 4152 932 4224 spiri-

130 4275 188 4321 tum
203 4264 373 4329 humititatis,
390 4269 419 4316 nt
434 4260 462 4314 in
476 4257 608 4314 memoria
622 4254 772 4311 Dominicis
786 4252 876 4307 ualeat
889 4261 935 4304 so-

131 4366 262 4423 crihcinm
276 4362 376 4419 afferre
392 4360 449 4415 Deo
463 4354 692 4429 compunctionis,
704 4351 844 4407 humilitas
858 4349 933 4405 cuim

984 3168 1082 3224 landes
1098 3166 1253 3223 reiciantur
1263 3166 1332 3228 Deo,
1344 3170 1450 3233 oportet
1464 3178 1515 3217 nos
1528 3162 1600 3219 beo'e
1615 3158 1786 3216 virendoas-

985 3255 1101 3315 similari
1117 3254 1247 3312 coelorum
1259 3250 1401 3309 virtutibus
1412 3270 1418 3307 :
1431 3256 1565 3323 quatenus
1577 3250 1604 3304 in
1619 3247 1786 3305 exhibitione

985 3346 1139 3421 gratiarum
1158 3360 1213 3403 una
1227 3343 1262 3399 sit
1277 3352 1328 3399 ror
1345 3342 1484 3397 hominum
1506 3348 1533 3395 et
1552 3334 1726 3410 angelorum.
1747 3334 1787 3390 lili

985 3437 1158 3492 incessanter
1176 3433 1286 3489 laudant
1305 3431 1331 3486 in
1354 3430 1453 3505 gloria,
1469 3445 1520 3485 nos
1535 3435 1665 3504 qrrantum
1686 3438 1786 3495 possu-

985 3544 1047 3582 mus
1079 3522 1221 3584 iaudemus
1252 3538 1305 3593 pro
1331 3519 1516 3577 misericordia
1549 3517 1628 3573 nobis
1649 3512 1783 3571 enlribita.

987 3608 1115 3675 Orandus
1136 3620 1179 3669 est
1194 3612 1272 3668 Pater
1290 3618 1319 3666 ut
1342 3610 1475 3666 concedat
1493 3608 1573 3663 nobis
1589 3602 1720 3675 justitiam
1738 3622 1745 3657 ε
1762 3610 1788 3658 ει

986 3703 1179 3775 interpellante
1207 3700 1293 3766 Filio,
1316 3706 1343 3754 ει
1361 3696 1594 3753 intercedentibus
1627 3692 1788 3767 augelorum

988 3790 1140 3865 sullragiis,
1156 3789 1301 3863 pervenire
1323 3788 1359 3843 ad
1381 3802 1473 3843 eorum
1497 3783 1626 3857 gloriam,
1645 3799 1694 3853 per
1709 3798 1790 3854 quem

987 3884 1046 3939 Deo
1061 3878 1239 3953 omnipotenti
1255 3876 1359 3951 gratias
1374 3874 1527 3942 scierimus,
1537 3871 1619 3929 corde
1633 3870 1788 3939 credentes,

988 3979 1013 4026 et
1028 3987 1076 4027 ore
1099 3966 1279 4035 coufitentes3
1295 3982 1349 4037 qno
1364 3958 1521 4035 pertesum
1539 3960 1677 4017 Christum
1694 3955 1790 4013 Filium

989 4076 1068 4117 sunm
1083 4057 1250 4117 eternaliter
1267 4054 1406 4127 ¹genitum,
1422 4050 1613 4123 temporaliter
1636 4052 1739 4113 nalum,
1756 4046 1789 4099 ab

988 4147 1064 4205 omui
1078 4155 1204 4205 creature
1220 4147 1346 4207 hnmana,
1363 4150 1389 4197 et
1405 4140 1529 4214 angelico
1545 4136 1677 4200 landatur,
1694 4134 1791 4191 adora·

989 4248 1043 4306 tur,
1060 4244 1086 4293 et
1100 4242 1257 4295 reverenter
1278 4232 1437 4287 honoratur.
1459 4226 1509 4285 l'er
1523 4228 1611 4299 ipsum
1633 4225 1704 4281 enirn
1727 4222 1791 4280 ιιιιι-

988 4352 1068 4393 rersa
1083 4333 1211 4399 risibilia,
1229 4340 1256 4387 et
1267 4329 1415 4387 invisibilia
1430 4333 1514 4396 areat,
1530 4316 1662 4389 viviticat,
1679 4330 1706 4379 ct
1721 4328 1790 4379 con·

132 4464 219 4520 virtus
233 4470 275 4518 eat
289 4460 348 4517 sine
363 4474 417 4531 qna
431 4454 503 4511 nulia
518 4453 618 4516 oratio,
632 4450 707 4507 nulla
721 4447 863 4505 meditatio
877 4461 931 4503 nee
947 4462 976 4524 D
991 4442 1092 4491 seruat.
1112 4427 1351 4501 Quodruaniieste
1370 4423 1524 4483 declaravit
1552 4422 1648 4481 beatus
1669 4422 1792 4479 loannes

133 4559 256 4632 operatio
270 4564 382 4627 accepta
397 4561 438 4610 est
453 4553 521 4619 Deo,
538 4550 584 4623 qui
598 4564 649 4604 nos
664 4546 793 4604 erudiens
808 4542 845 4599 ait
860 4560 867 4596 ι
882 4541 933 4597 Di-

133 4663 203 4720 scite
217 4679 234 4718 o
247 4676 293 4715 ma
308 4659 375 4732 quio
387 4657 468 4712 mitis
482 4670 544 4709 sum
560 4657 587 4709 ει
603 4650 720 4708 humilia
729 4648 812 4704 corde
821 4645 934 4709 (ιιιιιιιι.

133 4761 189 4828 ιιι).
204 4756 361 4829 Virginitas
375 4753 447 4809 enirn
462 4752 550 4807 beatae
556 4748 653 4803 blaciae
667 4745 769 4818 placuit
783 4760 816 4798 ex
832 4738 937 4795 humiti-

135 4864 202 4920 tate,
218 4854 278 4923 ipsa
293 4856 457 4907 attestante:
471 4849 603 4921 Respexit
615 4844 810 4901 humilitatem
820 4839 938 4895 turcilioe

136 4966 197 5007 aare
217 4948 297 5019 (boc.
323 4948 367 5017 ιι).
383 4945 512 5017 &quitur
537 4940 676 4998 invocatio
696 4937 859 4994 Trinitatis:
877 4947 939 5007 quea

135 5023 261 5103 ¹acienda
274 5052 317 5100 cst
332 5042 466 5115 principio
481 5042 616 5110 cujusque
630 5036 766 5094 sennonis
775 5034 819 5091 rel
834 5032 936 5105 operis.

136 5144 209 5227 Dicit
220 5144 304 5211 enim,
318 5142 447 5211 suscipe,
464 5138 710 5203 annotati-initus,
721 5134 779 5190 sine
790 5128 936 5202 cujustide

137 5234 309 5316 ¹mpossibile
335 5246 376 5294 est
397 5235 499 5309 aliquid
524 5234 633 5307 plaeere
657 5236 730 5290 Deo.
757 5230 864 5287 Deinde
878 5232 939 5284 orat

138 5340 259 5397 omnium
281 5335 427 5393 astantium
450 5332 580 5404 precibus
603 5329 740 5402 adjurari.
765 5328 939 5383 convertens

139 5454 170 5492 se
184 5436 218 5492 ad
231 5434 361 5508 pupulum
376 5428 442 5486 dicit
457 5446 464 5482 z
482 5429 576 5486 Orate.
592 5428 627 5482 Et
640 5427 740 5482 chorus
753 5428 814 5479 orat
828 5436 880 5494 pro
894 5435 938 5484 eo,

140 5537 235 5593 dicens
245 5549 251 5587 :
260 5535 359 5589 'litttot
375 5529 426 5585 tibi
437 5528 571 5584 Dominus
578 5526 724 5581 auxilium
740 5520 941 5586 conseminat

142 5632 256 5691 aaaron
278 5634 393 5687 tuantur
406 5632 446 5685 tc.
476 5624 623 5683 Sciendum
637 5630 677 5679 est
692 5620 756 5695 qnia
768 5619 796 5673 in
810 5617 939 5676 celebra-

143 5731 216 5787 tione
237 5728 343 5798 missns,
369 5723 544 5800 quinaria‘ilt
566 5720 713 5781 conversio
734 5716 889 5776 sacerdotis
904 5716 939 5770 ad

991 4532 1087 4587 dicans
1097 4546 1104 4585 ι
1116 4531 1148 4585 ln
1159 4528 1303 4600 peiemipto
1315 4532 1376 4584 artat
1389 4520 1626 4581 circumornata
1636 4536 1688 4593 per
1697 4519 1792 4591 ipsum

992 4631 1073 4700 ionic
1086 4630 1165 4692 meat,
1181 4634 1208 4681 ει
1226 4625 1289 4681 aine
1304 4624 1365 4692 ipso
1377 4624 1488 4693 sactum
1502 4622 1545 4677 eat
1559 4617 1635 4675 attii
1649 4616 1742 4683 (loun.
1751 4614 1789 4682 ι).

992 4726 1162 4797 antenorem
1179 4720 1264 4777 Patris
1274 4736 1326 4793 >par
1338 4718 1440 4773 trition
1465 4716 1576 4772 laudant
1590 4712 1681 4785 angeli
1698 4712 1724 4767 in
1738 4711 1792 4766 mi-

992 4822 1115 4880 nisterio.
1139 4821 1264 4877 theram
1285 4816 1498 4882 dominationes,
1522 4812 1651 4868 inclinato
1671 4808 1792 4865 scabello

994 4920 1094 4995 padum
1119 4918 1178 4989 ejus
1202 4914 1335 4974 dominio.
1357 4912 1507 4968 l'otestates
1530 4914 1689 4965 reverentur
1706 4922 1713 4962 :
1730 4904 1794 4976 quia

994 5018 1086 5076 omnio
1103 5025 1207 5091 potest,
1233 5022 1259 5071 et
1279 5011 1368 5069 omnis
1390 5016 1511 5081 potestas
1539 5006 1574 5061 ab
1598 5006 1671 5075 ipso.
1692 5002 1794 5059 Omnes

994 5118 1076 5175 etiam
1091 5112 1201 5189 spirans
1215 5112 1341 5171 amicales
1356 5106 1452 5163 landes
1468 5107 1526 5175 ejtrs
1541 5102 1672 5159 ineffabili
1688 5099 1793 5157 exulta-

994 5217 1069 5273 tione
1084 5212 1288 5277 concelebrant,
1304 5210 1435 5280 hymnum
1450 5204 1509 5258 sine
1528 5198 1581 5257 line
1601 5198 1790 5257 concinentes.

994 5309 1217 5374 lindesocerdos
1232 5306 1357 5363 laudibus
1372 5300 1531 5377 angelornm
1543 5304 1670 5371 precatur
1681 5294 1795 5368 adjungi

995 5428 1077 5470 uoces
1101 5408 1241 5467 hominnm
1261 5424 1267 5459 z
1288 5420 1338 5476 por
1363 5404 1456 5459 lesum
1484 5398 1620 5457 Christum
1649 5392 1793 5451 bornicum

996 5518 1135 5578 nostrum,
1157 5507 1201 5579 qui
1222 5508 1354 5574 utrosque
1374 5498 1438 5557 iacit
1455 5496 1605 5570 participes
1630 5501 1795 5550 atomorum

996 5608 1171 5682 gaudiorum.
1202 5601 1268 5656 ludo
1287 5593 1482 5669 chorusnuasi
1502 5610 1563 5652 cum
1588 5592 1669 5647 rantis
1689 5590 1796 5661 pitilian-

996 5722 1058 5763 rnm
1078 5704 1101 5759 ei
1122 5714 1241 5773 pergens
1262 5696 1379 5763 oinium,
1391 5710 1413 5752 a
1427 5692 1556 5751 Deileonta
1573 5690 1734 5749 venienti-iu
1747 5691 1794 5749 ic-
