3942 6067
155 204 208 260 'tta

494 193 643 255 HONOIIII
661 194 915 257 AUGUSTODIJN.
935 196 1015 257 OPP.
1039 200 1130 261 PARS
1147 200 1195 259 III.
1218 234 1252 247 -
1271 154 1472 267 elecebrae.

1761 216 1817 274 nte

160 326 237 385 color
251 324 399 389 humilitas,
428 322 506 380 albus
534 321 654 388 castitas,
680 322 788 393 griseus
817 322 955 393 discretio,
973 324 1097 394 Ahujns
1111 328 1204 384 mundi
1220 349 1226 397 ;
1244 339 1270 385 et
1283 348 1333 403 per
1353 332 1520 407 fragiliorem
1548 351 1655 404 sexana,
1683 336 1818 399 infirmio-

159 432 274 473 eroceus
296 414 441 485 sapientia,
473 410 570 467 viridis
599 408 678 475 fides,
707 410 891 481 aedusspes,
918 428 962 467 rn-

160 505 229 561 bens
257 503 386 559 charitas.
407 501 529 557 Diversae
545 498 646 562 herbae,
673 498 790 555 diversae
819 499 961 555 sententiae

161 592 364 663 scripturarum
381 596 478 660 ;pctra
493 587 625 653 Christus,
643 587 782 659 languida
797 587 894 644 besliae
909 588 961 644 ho-

162 682 249 737 mines
264 678 385 753 peccatis
407 677 488 749 regri.
511 674 589 745 Quos
616 677 748 731 sacerdos
763 684 851 743 sanat,
881 675 904 733 si
920 677 961 732 eis

158 770 308 827 sententias
323 768 357 823 de
374 766 522 836 Scripturis
538 764 669 836 proferet.
687 764 837 839 Presbyter
850 765 914 820 dnm
932 781 962 821 se

159 866 306 929 praeparat,
321 856 398 927 quasi
413 854 535 909 duellum
556 869 619 909 curn
632 852 744 909 diabolo
757 869 808 925 pro
837 852 963 909 Ecclesia

159 948 277 1005 inchoat.
297 943 444 999 Humerale
459 941 537 1014 ponit
552 941 578 996 in
595 940 696 1013 capite,
714 940 742 995 id
760 950 802 996 est
822 956 898 1011 spem
915 956 966 1014 pro

161 1036 241 1109 galea
257 1034 377 1103 ;albam,
394 1033 421 1087 id
449 1040 490 1086 est
501 1030 583 1085 iidem
610 1047 660 1101 pro
685 1029 789 1096 lorica;
806 1031 960 1103 cingulum,

159 1122 187 1177 id
203 1130 244 1177 est
260 1123 423 1184 castitatem,
441 1136 491 1190 pro
505 1119 614 1174 baltheo
630 1137 637 1183 ;
655 1118 858 1191 subcingulum,
879 1119 905 1173 id
921 1127 963 1174 εει

160 1210 316 1267 testimonia
329 1210 527 1279 Scripturarum
543 1208 723 1278 autcxemple
734 1215 890 1263 sanctorum
899 1221 963 1279 pro-

159 1297 289 1371 pharetra
303 1308 330 1354 et
344 1298 451 1369 sagittis
469 1315 476 1361 ;
491 1297 600 1361 stolam,
618 1296 644 1350 id
660 1303 703 1350 est
716 1296 903 1351 obedientiam
919 1294 964 1351 vel

156 1388 289 1457 justitiam
313 1402 361 1458 pro
391 1386 483 1441 lancea
495 1384 537 1441 vel
556 1384 661 1449 lunda3
683 1383 811 1439 lenonem
826 1384 853 1437 in
869 1400 960 1451 mann,

161 1476 189 1532 id
217 1485 258 1531 est
286 1474 473 1546 operationem
502 1488 553 1544 pro
579 1472 657 1528 olava
674 1492 681 1539 ;
700 1473 832 1540 casulam,
862 1473 890 1527 id
920 1480 961 1527 est

160 1565 322 1621 charitatem
351 1579 401 1635 pro
430 1570 507 1619 scuto
524 1581 531 1629 ;
548 1561 693 1632 Evangelii
719 1562 831 1629 librum,
861 1562 889 1617 id
919 1566 962 1618 ast

159 1654 275 1709 verbnm
290 1652 341 1707 Dei
357 1668 406 1723 pro
428 1651 521 1723 gladio
538 1669 545 1715 ;
561 1650 695 1718 sandalia,
711 1650 740 1705 id
754 1658 796 1706 εει
823 1650 1003 1743 praedica-B

160 1741 261 1799 donem
276 1756 326 1813 pro
340 1740 534 1799 calceamentis
549 1739 693 1811 pugillum.

333 1864 401 1919 car.
416 1862 506 1919 XXX.
523 1892 558 1904 -
573 1865 611 1919 De
625 1864 782 1934 cnrnpnrris.

194 1993 224 2047 Io
240 1991 301 2065 lege
316 1991 398 2056 tubis,
426 1990 496 2061 apud
512 2004 562 2045 nos
572 1989 714 2060 campanis
726 1988 843 2060 populus
857 2004 958 2045 convo-

158 2088 246 2139 catur.
262 2080 398 2150 Campana
427 2077 453 2134 lit
468 2096 500 2133 cx
516 2078 624 2134 metallo
653 2077 727 2145 aerie,
745 2078 875 2149 qnodest
904 2078 958 2132 du-

157 2169 243 2225 rabile
258 2176 284 2223 ει
313 2184 452 2235 sonorum,
478 2168 582 2223 habens
610 2165 725 2221 interius
740 2166 871 2236 plectrum
900 2165 957 2221 ier-

156 2274 232 2315 reum
249 2275 255 2320 ;
272 2272 411 2329 campanea
438 2265 501 2312 sttnt
516 2272 566 2313 ora
580 2254 789 2326 predicatorum
817 2253 888 2311 Novi
902 2253 957 2309 Te·

156 2346 291 2411 stamenti,
310 2361 369 2417 quar
382 2345 443 2417 plus
456 2345 563 2410 durant,
581 2360 662 2416 quam
691 2344 764 2399 tnbae
780 2342 889 2399 Veteris
906 2343 957 2397 Τε-

157 2435 292 2501 stamenti,
308 2443 389 2507 atque
416 2434 495 2489 altius
511 2441 650 2489 resonant.
667 2430 723 2489 Ora
745 2432 957 2503 predicatorum

157 2523 298 2579 durabunt
313 2539 399 2594 usque
427 2522 461 2578 ad
476 2517 558 2577 linem
574 2530 600 2577 ει
618 2520 746 2577 audietur
760 2519 842 2592 longe
872 2536 956 2577 sonus

155 2628 251 2669 eorum
280 2612 407 2685 usquein
424 2612 494 2667 llnes
522 2620 613 2667 terrae.
645 2610 758 2666 Ferrum
773 2609 887 2665 interius
916 2616 957 2664 est

154 2700 250 2775 liogua
264 2716 369 2765 eorum,
396 2700 467 2755 lunis
483 2706 525 2754 est
548 2713 677 2754 mensura
692 2698 754 2754 vitae
771 2707 868 2753 nostrae
886 2714 892 2754 :
910 2696 957 2769 qui

157 2790 229 2845 lunis
253 2788 336 2843 habel
364 2788 469 2842 initium
496 2804 512 2841 a
540 2787 627 2855 ligno,
654 2786 821 2856 Scriptorum
850 2802 955 2841 sacram

156 2876 229 2949 quod
257 2875 395 2948 signifieat
422 2876 492 2931 Novi
519 2874 684 2931 Testamenti
712 2874 956 2931 descendentema

70 3004 71 3009 .
156 2966 232 3037 ligno
249 2964 399 3019 Dominicae
413 2964 512 3020 crucis.
530 2962 608 3033 Quod
630 2962 733 3036 lignum
744 2978 760 3017 a
771 2962 956 3031 superioribus
1010 2992 1133 3047 ,mitur
1147 2990 1268 3048 officium

156 3052 321 3117 continetur,
338 3052 401 3125 qnia
423 3052 565 3107 [lominica
581 3067 668 3107 crura
684 3052 824 3121 prophetis
840 3059 865 3105 et
879 3050 954 3105 anti·
971 3039 995 3102 C
1010 3038 1075 3132 lite:

156 3144 217 3214 qula
233 3142 353 3211 patribus
369 3141 510 3196 retinetur.
529 3139 582 3210 Qui
599 3138 669 3194 iunia
686 3156 772 3211 usque
796 3140 829 3193 ad
845 3155 956 3194 manum

155 3226 307 3283 sacerdotis
321 3226 475 3297 pertransit,
492 3224 519 3280 id
534 3231 576 3279 est
605 3224 743 3295 Scriptura
763 3224 797 3279 ad
811 3240 895 3295 opera
910 3240 957 3278 sa-

155 3316 296 3373 cerdotum
311 3316 393 3368 debet
407 3313 533 3369 transire.
552 3312 698 3383 Presbyter
713 3320 820 3367 moveat
835 3312 956 3383 signum,

154 3409 183 3455 nt
198 3398 266 3455 sciat
293 3414 323 3453 se
350 3397 500 3471 significari
529 3414 577 3468 per
600 3398 703 3468 ipsum.
728 3397 842 3467 Quando
866 3396 959 3453 sunem

156 3484 279 3555 sequitur
294 3498 411 3545 sursum,
436 3483 568 3555 recogitet
587 3490 718 3554 quantum
734 3482 768 3536 ab
792 3482 862 3535 bona
877 3497 961 3552 opera

156 3587 185 3626 se
214 3571 303 3642 erigat
334 3588 341 3635 ;
371 3571 482 3643 quando
511 3570 593 3625 trahit
614 3570 755 3637 deorsum,
793 3570 960 3638 consideret,

155 3666 287 3731 qnantum
317 3657 448 3715 adhucIn
476 3658 570 3729 pravis
592 3658 689 3726 jaceat.
721 3658 874 3721 Vinculum,
906 3672 961 3730 qno

155 3749 290 3819 plectrum
304 3747 417 3821 ligatur,
437 3748 563 3820 qnaedam
580 3755 621 3800 est
637 3746 800 3812 moderatio,
831 3762 890 3819 quta
906 3747 958 3802 scit

155 3838 189 3893 ed
206 3846 313 3907 tempus
342 3854 453 3893 movere
483 3836 615 3907 plectrum
646 3836 759 3906 linguas,
777 3835 895 3890 ullabia
923 3836 963 3891 le-

155 3926 272 3981 rIantur.
293 3924 439 3981 Vinculum
453 3933 598 3981 attractum
614 3925 686 3979 leals
700 3924 833 3994 plectrum
858 3929 963 3979 movet.

155 4014 271 4084 Quando
287 4014 421 4069 modestia
436 4015 470 4069 ad
495 4016 682 4070 auctoritatem
699 4028 788 4067 sacrm
812 4012 966 4083 Scripturas

155 4103 277 4175 linguam
292 4103 480 4175 praedicatoris
497 4110 604 4157 movet.

334 4244 398 4298 Car.
423 4242 526 4299 XXXI.
543 4274 576 4283 -
592 4246 632 4300 De
650 4245 782 4301 erelese'o.

1016 428 1062 469 res
1077 414 1105 469 in
1119 416 1221 488 aptiori
1231 417 1303 475 loeo.

1131 544 1199 600 Car.
1217 546 1334 601 XXXII.
1351 578 1386 590 -
1400 550 1437 605 De
1453 550 1514 607 uelo
1524 553 1695 609 molieram.

1052 668 1134 723 Linus
1150 685 1221 743 papa
1235 685 1268 726 er
1291 680 1427 743 praeeepto
1442 672 1515 728 beati
1531 674 1603 729 I‘etri
1631 674 1772 730 constituit
1787 683 1818 731 ut

1016 751 1116 806 mulier
1142 754 1232 809 velato
1261 756 1349 825 capite
1364 754 1392 811 in
1421 756 1567 813 ecclesiam
1582 758 1674 825 intrat,
1705 768 1819 831 propter

1016 839 1200 897 reverentiam
1215 844 1370 899 sacerdotis
1386 864 1393 911 ;
1409 854 1440 899 ut
1453 844 1532 917 qnasi
1546 854 1608 902 ante
1619 846 1751 916 jndicem,
1776 848 1818 902 sie

1016 936 1077 984 ante
1093 931 1277 999 sacerdotem,
1295 934 1340 1005 qui
1355 932 1474 989 vicarius
1489 942 1531 989 est
1555 936 1675 1002 Domini,
1704 944 1820 1008 propter

1017 1026 1106 1072 reatus
1133 1019 1269 1090 originem
1297 1022 1420 1091 subiecta
1449 1023 1530 1078 debet
1550 1024 1639 1080 videri
1655 1040 1662 1081 ε
1677 1031 1705 1080 ει
1719 1042 1752 1081 ne
1765 1024 1818 1083 viri

1017 1105 1166 1163 incitentur
1179 1108 1217 1163 ad
1231 1108 1387 1165 libidinem.

1191 1223 1261 1279 Car.
1280 1224 1414 1281 XXXIII.
1429 1256 1464 1267 -
1486 1228 1528 1284 De
1542 1229 1639 1285 choro.

1053 1346 1161 1403 Chorus
1175 1358 1217 1404 εει
1243 1350 1389 1407 consensio
1418 1352 1583 1409 metantium
1600 1370 1607 1407 ι
1622 1352 1725 1411 dicitur
1751 1357 1818 1411 eho-

1016 1451 1065 1491 rus
1079 1437 1153 1508 quod
1168 1438 1247 1494 Initio
1260 1438 1289 1494 in
1304 1439 1414 1495 modum
1429 1456 1540 1498 coronae
1553 1442 1654 1498 circum
1669 1458 1731 1498 aras
1760 1453 1815 1499 sta·

1017 1533 1079 1579 rent
1092 1533 1119 1581 et
1134 1527 1294 1597 psallerent.
1318 1528 1450 1586 Centoras
1465 1538 1527 1586 sont
1543 1529 1593 1586 Dei
1615 1531 1776 1588 laudatores
1791 1542 1819 1589 et

1017 1613 1051 1667 ad
1080 1612 1189 1671 laudem
1216 1624 1332 1673 caeteros
1358 1618 1516 1675 excitantes.
1547 1620 1645 1675 Vestes
1669 1626 1819 1677 cantorum

1019 1709 1082 1756 sunt
1098 1701 1186 1770 linere,
1201 1705 1364 1763 candidaret
1378 1706 1471 1779 longa
1487 1722 1493 1761 :
1512 1706 1691 1763 linemutsint
1701 1708 1819 1765 subtiles

1012 1793 1125 1862 ingenio
1142 1811 1149 1858 ;
1166 1793 1304 1858 candidae,
1329 1803 1361 1851 ol
1374 1794 1428 1851 sint
1442 1796 1547 1865 mnndI,
1564 1804 1592 1851 et
1605 1796 1675 1852 casti
1691 1816 1700 1864 ς
1716 1795 1817 1871 longas,

1012 1887 1042 1935 ul
1059 1880 1114 1935 sint
1140 1891 1349 1953 perseverantes
1364 1884 1478 1940 inbono
1494 1900 1581 1956 usqne
1593 1885 1623 1941 ln
1638 1884 1734 1942 linem.
1763 1887 1816 1941 La-

1011 1970 1085 2023 xitas
1111 1984 1262 2041 capparum
1287 1979 1329 2029 est
1354 1971 1473 2029 latitudo
1499 1972 1657 2057 charitatis,
1700 1973 1821 2031 fimbriae

1022 2058 1097 2114 bona
1110 2074 1207 2130 opera.

1013 2183 1080 2240 Car.
1097 2184 1232 2240 XXXIV.
1244 2186 1328 2241 -De
1343 2189 1521 2244 ceremoniis
1537 2190 1568 2244 in
1581 2191 1672 2246 micro
1684 2192 1819 2263 episcopi.

1049 2282 1132 2336 hlissa
1147 2282 1212 2337 olim
1227 2299 1242 2337 a
1260 2282 1390 2340 Lectione
1405 2292 1431 2339 et
1449 2284 1603 2356 Evangelio
1625 2286 1819 2354 Inchoabatur,

1013 2370 1061 2443 qui
1078 2386 1143 2426 mos
1157 2371 1185 2426 in
1198 2371 1291 2445 vigilia
1315 2380 1341 2428 et
1358 2374 1469 2430 Pascha
1484 2381 1511 2429 et
1526 2375 1703 2432 pentecostes
1730 2376 1821 2432 adbuc

1011 2458 1154 2515 reticetur.
1185 2460 1331 2516 Introitum
1360 2477 1427 2517 vcro
1454 2468 1482 2518 et
1510 2462 1663 2519 orationem
1703 2462 1821 2519 instituit

1012 2548 1174 2604 Coelrstiuus
1188 2565 1272 2621 papa.
1291 2550 1422 2605 Introitus
1446 2551 1567 2622 episcopi
1583 2552 1756 2619 admissam,
1773 2551 1821 2626 qui

1013 2636 1130 2692 vicarius
1145 2647 1186 2692 est
1201 2637 1310 2705 Christi,
1331 2636 1468 2710 significat
1496 2639 1643 2696 adventura
1660 2640 1764 2695 Christi
1792 2641 1820 2695 in

1008 2726 1150 2792 mundum,
1167 2735 1193 2781 et
1216 2726 1310 2798 populi
1325 2728 1520 2784 adunationem
1547 2730 1583 2785 ad
1597 2745 1660 2786 curn
1690 2730 1749 2785 sive
1765 2745 1817 2800 per

1007 2830 1086 2870 suam
1113 2815 1339 2886 praedicationem
1365 2834 1414 2872 seu
1443 2833 1556 2872 suorum
1595 2818 1818 2889 praedicatorum.

1008 2904 1138 2959 Introitus
1152 2904 1276 2975 episcopi
1303 2905 1471 2972 celebratur,
1501 2906 1536 2962 ad
1553 2907 1707 2961 sessionem
1735 2920 1818 2961 snam

1292 3010 1325 3048 cx
1339 3001 1428 3065 perte,
1445 2994 1517 3067 quod
1532 2995 1655 3050 Christus
1684 3009 1816 3065 corpora-

1085 3078 1171 3151 gessit
1198 3078 1226 3132 in
1240 3085 1321 3143 terra,
1339 3079 1397 3133 sive
1425 3078 1553 3149 discipuli
1574 3082 1633 3148 eius
1650 3097 1657 3135 :
1672 3094 1820 3150 usquequo

1009 3166 1133 3221 ascendit
1147 3167 1181 3220 ad
1198 3176 1339 3237 paternam
1354 3166 1459 3222 sedem.
1475 3167 1553 3223 Unde
1569 3184 1628 3223 mos
1643 3167 1765 3233 inolevit,
1783 3175 1817 3221 ut

1012 3270 1066 3310 non
1082 3255 1211 3310 sedeatur
1225 3256 1253 3309 In
1268 3256 1403 3321 Ecclesia,
1421 3256 1542 3328 quandiu
1558 3272 1681 3327 praesens
1695 3253 1820 3312 officium

1013 3344 1121 3417 agitur:
1138 3345 1200 3418 quia
1215 3344 1302 3400 labori
1322 3345 1424 3401 Christi
1438 3346 1613 3416 deputentnr,
1630 3346 1677 3418 qui
1705 3344 1741 3401 ad
1756 3344 1819 3401 cul·

1014 3442 1072 3488 tum
1089 3433 1138 3488 Dei
1154 3442 1299 3489 vocantur.

1051 3518 1225 3573 preconibus
1239 3516 1421 3589 psallentibus
1452 3517 1578 3574 Christus
1606 3534 1717 3575 currum
1740 3534 1822 3573 snum

1015 3607 1149 3668 ascendit,
1165 3616 1191 3661 et
1206 3606 1234 3660 in
1255 3606 1387 3660 mundum
1402 3606 1475 3662 venit
1490 3624 1497 3670 ;
1515 3608 1589 3663 unde
1606 3606 1706 3664 dicitur
1722 3626 1729 3661 ι
1747 3606 1821 3663 Cur-

1015 3714 1065 3753 ras
1082 3697 1135 3753 Dei
1148 3697 1244 3753 decem
1264 3697 1393 3752 millibus
1409 3696 1575 3770 multiplex.
1592 3694 1696 3752 Curras
1723 3696 1819 3752 decem

1015 3786 1140 3851 millium,
1166 3785 1311 3840 multitudo
1325 3793 1366 3840 est
1394 3793 1552 3840 sanctorum
1564 3784 1590 3839 in
1606 3784 1749 3850 ordinibus
1764 3785 1822 3841 Ec-

1016 3874 1233 3951 clesiasticornm
1261 3882 1288 3928 ει
1318 3874 1345 3928 In
1371 3872 1542 3928 auditoribus
1571 3890 1679 3929 eorum.
1708 3872 1822 3943 Septem

1016 3964 1118 4037 gradus
1134 3972 1197 4019 sunt
1215 3964 1406 4018 ordinatorum
1423 3980 1429 4015 :
1446 3963 1561 4030 aethrii
1578 3961 1705 4028 lectores,
1736 3977 1821 4017 exor-

1016 4054 1101 4119 cister,
1132 4052 1261 4123 acolythi,
1289 4050 1465 4117 subdiaconi,
1488 4052 1608 4117 diaconi,
1647 4050 1816 4125 presbyteri.

1018 4141 1137 4197 Octavus
1167 4141 1337 4207 auditorum,
1369 4156 1458 4195 nonus
1486 4140 1822 4207 etdccimnscantorum,

1019 4232 1143 4286 virorum
1158 4239 1185 4286 et
1200 4229 1342 4285 mulierum
1359 4248 1366 4297 ;
1385 4229 1500 4284 millium
1515 4228 1625 4283 additur
1636 4237 1748 4299 propter
1758 4243 1823 4299 per-

1020 4315 1177 4373 lectionem.
1207 4314 1340 4368 Veniente
1352 4314 1479 4377 Domin0,
1497 4313 1570 4368 duait
1595 4327 1688 4368 secum
1702 4311 1823 4383 prophe-

191 4386 316 4443 ECVVSV
346 4394 388 4441 est
412 4394 578 4443 ⁶⁰¹¹I⁰Vi¹¹¹⁵
604 4389 721 4461 ΡΟΡῑῑῙῑ]8
747 4404 798 4459 per
822 4386 961 4443 miniSVOS
975 4398 1002 4459 D
1019 4416 1071 4470 tas,
1086 4403 1227 4473 sepientes
1242 4410 1267 4458 et
1283 4401 1394 4459 Scribas
1410 4420 1417 4467 ;
1433 4401 1541 4458 diaconi
1557 4409 1618 4455 sunt
1632 4400 1660 4455 in
1674 4400 1735 4455 Ioco
1754 4415 1823 4471 pro-

157 4483 288 4541 Eeclrsiaa
305 4502 311 4547 ς
327 4485 388 4555 ipsa
403 4484 483 4539 etiarn
505 4486 602 4541 domus
616 4494 729 4543 vocatur
752 4484 877 4541 Ecclesia
896 4483 960 4557 quia

154 4583 275 4639 continet
290 4581 460 4639 Ecclesiam.
481 4584 628 4656 synagoga
643 4583 747 4639 dicitur
767 4581 959 4656 congregatio,

155 4680 229 4753 quad
243 4682 360 4752 pertinet
378 4683 413 4736 ad
430 4698 540 4753 pecora,
571 4698 631 4755 quae
647 4683 682 4737 ad
707 4690 815 4754 pastum
843 4695 962 4753 congre·

154 4790 253 4851 gantur
268 4796 275 4849 ;
292 4760 335 4836 vel
351 4782 474 4837 Ecclesia
493 4780 591 4837 dicitur
605 4780 775 4847 convocatio,
802 4780 877 4851 quod
900 4794 960 4850 per·

155 4876 268 4933 tinetad
284 4878 465 4933 rationabilia.
497 4880 557 4948 Ipsa
581 4886 694 4933 vocatur
722 4878 830 4949 Kynon,
851 4876 879 4930 id
907 4882 958 4940 est,

155 4973 328 5030 dominicalis
345 4992 351 5029 τ
368 4978 464 5045 IIprios
492 4974 597 5038 Graece,
614 4974 709 5028 Latine
724 4974 860 5028 Domitius
875 4990 882 5037 ;
899 4970 960 5039 ipsa

156 5071 226 5126 eiam
250 5072 406 5143 appellatur
435 5071 558 5135 basillae,
588 5071 614 5124 id
639 5079 692 5127 est.
718 5070 821 5141 regalis
837 5069 958 5125 domus:

156 5170 278 5225 Durileor
308 5168 478 5231 rexdiciter,
509 5167 586 5239 qnasi
616 5167 745 5231 basileus,
771 5167 798 5221 id
815 5174 857 5221 εει
886 5166 960 5222 loris

155 5266 262 5337 papali,
278 5268 329 5321 hoc
344 5274 385 5321 est
399 5266 459 5321 laus
487 5265 592 5335 populi.
608 5265 650 5319 hd
672 5280 753 5335 quarn
782 5262 958 5327 conveniunt,

157 5362 422 5433 claudientjudicia
450 5362 510 5425 Dei,
541 5371 567 5417 et
597 5362 760 5417 manducent
781 5376 883 5431 corpus
901 5361 959 5415 Do-

157 5458 234 5513 mini.
246 5460 357 5513 ‚lIaseuli
372 5467 444 5513 stant
458 5460 484 5513 in
502 5466 576 5529 par-tc
591 5457 712 5521 australi,
730 5466 756 5512 et
785 5457 892 5512 laminae
916 5457 959 5511 in-

160 5555 326 5609 borcalitut
353 5558 514 5611 ostendatur
543 5573 590 5627 per
617 5556 757 5610 fortiorem
784 5570 887 5617 sexum,
913 5554 957 5608 tir·

160 5649 262 5705 mlores
277 5660 386 5707 sanctos
400 5653 527 5709 constitui
543 5652 569 5709 in
592 5652 746 5725 majoribus
767 5652 960 5709 tardationibus

1013 4497 1170 4567 phalarum,
1187 4490 1234 4563 qui
1247 4492 1408 4546 annuntiant
1423 4508 1456 4546 ex
1471 4488 1623 4563 Evangelio
1651 4489 1733 4543 vitam
1757 4487 1824 4542 Intu-

1015 4598 1072 4639 ram
1103 4601 1110 4647 ;
1141 4579 1303 4635 subdiaconi
1331 4588 1394 4634 sunt
1424 4579 1450 4634 in
1487 4577 1547 4635 loco
1576 4577 1747 4649 sapientium,
1775 4575 1824 4647 qni

1015 4671 1103 4726 sciunt
1117 4685 1183 4724 vasa
1197 4669 1355 4739 disponere,
1384 4676 1411 4723 et
1430 4684 1500 4722 nova
1515 4676 1542 4722 ει
1556 4676 1650 4721 vetera
1677 4665 1816 4737 proferre.

1015 4758 1141 4827 acolythi
1164 4758 1192 4812 in
1211 4757 1271 4813 loco
1298 4758 1461 4822 scribarum,
1478 4756 1525 4827 qui
1554 4755 1707 4811 accendunt
1734 4755 1821 4809 cerda

1014 4846 1139 4903 fidelium
1156 4862 1195 4902 ex
1210 4862 1290 4902 saera
1306 4846 1459 4916 Scriptura.

1050 4934 1182 4991 Praeeentr
1197 4935 1225 4989 in
1252 4935 1388 4989 thuribulo
1409 4934 1567 5006 tbymiama,
1583 4932 1656 5004 qnod
1685 4929 1822 5003 significat

1014 5040 1116 5095 corpus
1131 5023 1233 5079 Christi
1261 5022 1371 5093 plenum
1385 5024 1471 5081 odore
1487 5023 1559 5078 bono
1575 5040 1581 5076 :
1598 5022 1670 5094 quod
1700 5021 1819 5091 primum

1015 5113 1095 5169 debet
1109 5111 1254 5184 praedicavi
1280 5112 1307 5165 in
1320 5112 1447 5166 omnibns
1461 5112 1603 5183 gentibus.
1632 5110 1737 5165 Deinde
1752 5125 1819 5164 can-

1014 5202 1127 5257 delabra
1142 5199 1274 5265 ferantur,
1298 5209 1327 5255 ut
1341 5216 1423 5271 super
1437 5200 1644 5256 laudamentum
1668 5200 1727 5268 jam
1741 5198 1818 5268 posi-

1015 5299 1071 5345 tnnr
1100 5289 1188 5346 luccat
1217 5288 1263 5344 lux
1293 5289 1505 5361 praedicatorum
1529 5305 1618 5344 cetram
1645 5287 1816 5343 hominibus.

1014 5380 1073 5432 Iam
1087 5378 1255 5433 illuminatos
1269 5378 1426 5433 subdiaconi
1451 5385 1610 5448 sequantur,
1626 5377 1690 5447 quia
1709 5374 1821 5445 sapien-

1016 5476 1052 5530 tie
1067 5477 1149 5531 debet
1164 5477 1237 5547 loqui
1252 5476 1323 5529 inter
1338 5474 1485 5544 periectos.
1500 5473 1683 5543 Evangelium
1698 5472 1821 5538 illisjun·

1015 5574 1106 5637 gatar,
1124 5565 1151 5619 in
1166 5582 1221 5635 qno
1243 5565 1382 5619 declarata
1397 5574 1439 5619 est
1454 5563 1596 5634 perfectio.
1626 5562 1779 5632 Episcopus
1791 5568 1819 5613 et

1015 5652 1068 5708 sibi
1093 5653 1181 5723 iuneti
1204 5653 1385 5725 Evangelium
1411 5660 1572 5723 sequantur,
1601 5658 1629 5706 ut
1650 5649 1772 5707 dicitnr:
1789 5648 1820 5704 Si
