<?xml version="1.0" encoding="UTF-8"?>
<!DOCTYPE html PUBLIC "-//W3C//DTD XHTML 1.0 Transitional//EN"
    "http://www.w3.org/TR/xhtml1/DTD/xhtml1-transitional.dtd">
<html xmlns="http://www.w3.org/1999/xhtml" xml:lang="en" lang="en">
 <head>
  <title>
</title>
<meta http-equiv="Content-Type" content="text/html;charset=utf-8" />
  <meta name='ocr-system' content='tesseract 3.04.00' />
  <meta name='ocr-capabilities' content='ocr_page ocr_carea ocr_par ocr_line ocrx_word'/>
</head>
<body>
  <div class='ocr_page' id='page_1' title='image "./patrologiaecurs120unkngoog_0631.png"; bbox 0 0 3942 6067; ppageno 0'>
   <div class='ocr_carea' id='block_1_1' title="bbox 115 222 184 278">
    <p class='ocr_par' dir='ltr' id='par_1_1' title="bbox 115 222 184 278">
     <span class='ocr_line' id='line_1_1' title="bbox 115 222 184 278; baseline 0 -1"><span class='ocrx_word' id='word_1_1' title='bbox 115 222 184 278; x_wconf 70' lang='lat'>{253</span> 
     </span>
    </p>
   </div>
   <div class='ocr_carea' id='block_1_2' title="bbox 797 204 1072 273">
    <p class='ocr_par' dir='ltr' id='par_1_2' title="bbox 797 204 1072 273">
     <span class='ocr_line' id='line_1_2' title="bbox 797 204 1072 273; baseline -0.022 0"><span class='ocrx_word' id='word_1_2' title='bbox 797 204 1072 273; x_wconf 76' lang='lat' dir='ltr'>Eucnlhlsttou.</span> 
     </span>
    </p>
   </div>
   <div class='ocr_carea' id='block_1_3' title="bbox 1706 221 1774 278">
    <p class='ocr_par' dir='ltr' id='par_1_3' title="bbox 1706 221 1774 278">
     <span class='ocr_line' id='line_1_3' title="bbox 1706 221 1774 278; baseline 0.029 -3"><span class='ocrx_word' id='word_1_3' title='bbox 1706 221 1774 278; x_wconf 69' lang='grc' dir='ltr'>ΙΙΙΙ</span> 
     </span>
    </p>
   </div>
   <div class='ocr_carea' id='block_1_4' title="bbox 115 330 1775 417">
    <p class='ocr_par' dir='ltr' id='par_1_4' title="bbox 115 330 1775 417">
     <span class='ocr_line' id='line_1_4' title="bbox 115 330 1775 417; baseline -0.001 -18"><span class='ocrx_word' id='word_1_4' title='bbox 115 343 199 416; x_wconf 90' lang='lat' dir='ltr'>alind,</span> <span class='ocrx_word' id='word_1_5' title='bbox 217 342 345 416; x_wconf 85' lang='lat' dir='ltr'>quamvis</span> <span class='ocrx_word' id='word_1_6' title='bbox 360 358 393 399; x_wconf 85' lang='lat' dir='ltr'>ex</span> <span class='ocrx_word' id='word_1_7' title='bbox 408 342 463 399; x_wconf 92' lang='lat' dir='ltr'>alio</span> <span class='ocrx_word' id='word_1_8' title='bbox 476 358 548 416; x_wconf 88' lang='lat' dir='ltr'>pane</span> <span class='ocrx_word' id='word_1_9' title='bbox 563 346 731 411; x_wconf 89' lang='lat' dir='ltr'>conlectum,</span> <span class='ocrx_word' id='word_1_10' title='bbox 747 339 870 417; x_wconf 89' lang='lat' dir='ltr'>populus</span> <span class='ocrx_word' id='word_1_11' title='bbox 884 336 919 393; x_wconf 88' lang='lat' dir='ltr'>li-</span> <span class='ocrx_word' id='word_1_12' title='bbox 931 330 960 393; x_wconf 77' lang='grc' dir='ltr'>Α</span> <span class='ocrx_word' id='word_1_13' title='bbox 974 334 1000 391; x_wconf 85' lang='lat' dir='ltr'>ei</span> <span class='ocrx_word' id='word_1_14' title='bbox 1016 338 1260 412; x_wconf 87' lang='lat' dir='ltr'>subministrando,</span> <span class='ocrx_word' id='word_1_15' title='bbox 1283 340 1398 416; x_wconf 76' lang='lat' dir='ltr'>ipseque</span> <span class='ocrx_word' id='word_1_16' title='bbox 1418 342 1447 397; x_wconf 91' lang='lat' dir='ltr'>in</span> <span class='ocrx_word' id='word_1_17' title='bbox 1470 343 1529 399; x_wconf 88' lang='lat' dir='ltr'>Dee</span> <span class='ocrx_word' id='word_1_18' title='bbox 1549 350 1650 411; x_wconf 87' lang='lat' dir='ltr'>manet,</span> <span class='ocrx_word' id='word_1_19' title='bbox 1677 340 1731 399; x_wconf 87' lang='lat' dir='ltr'>lide</span> <span class='ocrx_word' id='word_1_20' title='bbox 1746 342 1775 399; x_wconf 89' lang='lat' dir='ltr'>ln</span> 
     </span>
    </p>
   </div>
   <div class='ocr_carea' id='block_1_5' title="bbox 116 431 930 1663">
    <p class='ocr_par' dir='ltr' id='par_1_5' title="bbox 116 431 930 1663">
     <span class='ocr_line' id='line_1_5' title="bbox 116 431 916 506; baseline -0.006 -16"><span class='ocrx_word' id='word_1_21' title='bbox 116 434 219 490; x_wconf 89' lang='lat' dir='ltr'>delium</span> <span class='ocrx_word' id='word_1_22' title='bbox 240 432 321 489; x_wconf 89' lang='lat' dir='ltr'>hodie</span> <span class='ocrx_word' id='word_1_23' title='bbox 347 431 453 503; x_wconf 80' lang='lat' dir='ltr'>accipit,</span> <span class='ocrx_word' id='word_1_24' title='bbox 481 434 554 506; x_wconf 90' lang='lat' dir='ltr'>quod</span> <span class='ocrx_word' id='word_1_25' title='bbox 582 444 610 493; x_wconf 90' lang='lat' dir='ltr'>et</span> <span class='ocrx_word' id='word_1_26' title='bbox 638 434 761 491; x_wconf 89' lang='lat' dir='ltr'>Christus</span> <span class='ocrx_word' id='word_1_27' title='bbox 789 432 916 488; x_wconf 88' lang='lat' dir='ltr'>manibus</span> 
     </span>
     <span class='ocr_line' id='line_1_6' title="bbox 116 519 918 595; baseline -0.005 -16"><span class='ocrx_word' id='word_1_28' title='bbox 116 522 177 579; x_wconf 88' lang='lat' dir='ltr'>suis</span> <span class='ocrx_word' id='word_1_29' title='bbox 190 520 313 577; x_wconf 76' lang='lat' dir='ltr'>tradidit.</span> <span class='ocrx_word' id='word_1_30' title='bbox 331 521 376 587; x_wconf 80' lang='lat' dir='ltr'>Et,</span> <span class='ocrx_word' id='word_1_31' title='bbox 402 520 465 578; x_wconf 88' lang='lat' dir='ltr'>lieet</span> <span class='ocrx_word' id='word_1_32' title='bbox 488 522 589 595; x_wconf 78' lang='lat' dir='ltr'>singuli</span> <span class='ocrx_word' id='word_1_33' title='bbox 612 524 773 581; x_wconf 74' lang='lat' dir='ltr'>sacerdotes</span> <span class='ocrx_word' id='word_1_34' title='bbox 791 519 918 595; x_wconf 78' lang='lat' dir='ltr'>singulas</span> 
     </span>
     <span class='ocr_line' id='line_1_7' title="bbox 118 607 918 687; baseline -0.003 -21"><span class='ocrx_word' id='word_1_35' title='bbox 118 610 224 667; x_wconf 90' lang='lat' dir='ltr'>hostias</span> <span class='ocrx_word' id='word_1_36' title='bbox 238 607 372 680; x_wconf 86' lang='lat' dir='ltr'>oliemnt;</span> <span class='ocrx_word' id='word_1_37' title='bbox 387 625 442 665; x_wconf 92' lang='lat' dir='ltr'>non</span> <span class='ocrx_word' id='word_1_38' title='bbox 457 618 549 667; x_wconf 73' lang='lat' dir='ltr'>mmen</span> <span class='ocrx_word' id='word_1_39' title='bbox 563 612 716 687; x_wconf 65' lang='lat' dir='ltr'>singularia</span> <span class='ocrx_word' id='word_1_40' title='bbox 731 625 857 681; x_wconf 86' lang='lat' dir='ltr'>corpora,</span> <span class='ocrx_word' id='word_1_41' title='bbox 869 607 918 665; x_wconf 86' lang='lat' dir='ltr'>sed</span> 
     </span>
     <span class='ocr_line' id='line_1_8' title="bbox 119 698 914 774; baseline -0.005 -18"><span class='ocrx_word' id='word_1_42' title='bbox 119 715 217 757; x_wconf 84' lang='lat' dir='ltr'>ornnes</span> <span class='ocrx_word' id='word_1_43' title='bbox 232 716 327 765; x_wconf 92' lang='lat' dir='ltr'>unum,</span> <span class='ocrx_word' id='word_1_44' title='bbox 342 699 467 771; x_wconf 83' lang='lat' dir='ltr'>quamvis</span> <span class='ocrx_word' id='word_1_45' title='bbox 483 700 593 757; x_wconf 87' lang='lat' dir='ltr'>diverso</span> <span class='ocrx_word' id='word_1_46' title='bbox 614 711 737 774; x_wconf 88' lang='lat' dir='ltr'>ternpore</span> <span class='ocrx_word' id='word_1_47' title='bbox 757 698 914 757; x_wconf 82' lang='lat' dir='ltr'>conficiant.</span> 
     </span>
     <span class='ocr_line' id='line_1_9' title="bbox 119 788 920 861; baseline -0.006 -15"><span class='ocrx_word' id='word_1_48' title='bbox 119 790 164 857; x_wconf 80' lang='lat' dir='ltr'>tu,</span> <span class='ocrx_word' id='word_1_49' title='bbox 180 788 245 845; x_wconf 88' lang='lat' dir='ltr'>lieet</span> <span class='ocrx_word' id='word_1_50' title='bbox 259 788 365 845; x_wconf 86' lang='lat' dir='ltr'>oblatas</span> <span class='ocrx_word' id='word_1_51' title='bbox 387 788 415 843; x_wconf 87' lang='lat' dir='ltr'>in</span> <span class='ocrx_word' id='word_1_52' title='bbox 444 789 563 861; x_wconf 88' lang='lat' dir='ltr'>plurime</span> <span class='ocrx_word' id='word_1_53' title='bbox 589 789 676 847; x_wconf 88' lang='lat' dir='ltr'>irusta</span> <span class='ocrx_word' id='word_1_54' title='bbox 703 790 836 855; x_wconf 80' lang='lat' dir='ltr'>dividant,</span> <span class='ocrx_word' id='word_1_55' title='bbox 865 802 920 845; x_wconf 85' lang='lat' dir='ltr'>non</span> 
     </span>
     <span class='ocr_line' id='line_1_10' title="bbox 120 878 921 953; baseline -0.004 -18"><span class='ocrx_word' id='word_1_56' title='bbox 120 886 214 935; x_wconf 88' lang='lat' dir='ltr'>tamen</span> <span class='ocrx_word' id='word_1_57' title='bbox 233 884 334 949; x_wconf 85' lang='lat' dir='ltr'>partes,</span> <span class='ocrx_word' id='word_1_58' title='bbox 351 878 401 933; x_wconf 89' lang='lat' dir='ltr'>sed</span> <span class='ocrx_word' id='word_1_59' title='bbox 415 878 517 953; x_wconf 69' lang='lat' dir='ltr'>singuli</span> <span class='ocrx_word' id='word_1_60' title='bbox 531 888 616 937; x_wconf 84' lang='lat' dir='ltr'>totum</span> <span class='ocrx_word' id='word_1_61' title='bbox 630 880 778 951; x_wconf 88' lang='lat' dir='ltr'>accipiunt.</span> <span class='ocrx_word' id='word_1_62' title='bbox 794 878 921 951; x_wconf 76' lang='lat' dir='ltr'>Alioquin</span> 
     </span>
     <span class='ocr_line' id='line_1_11' title="bbox 121 966 921 1042; baseline -0.003 -19"><span class='ocrx_word' id='word_1_63' title='bbox 121 966 146 1023; x_wconf 91' lang='lat' dir='ltr'>si</span> <span class='ocrx_word' id='word_1_64' title='bbox 161 967 282 1023; x_wconf 88' lang='lat' dir='ltr'>Christus</span> <span class='ocrx_word' id='word_1_65' title='bbox 302 966 389 1022; x_wconf 87' lang='lat' dir='ltr'>semel</span> <span class='ocrx_word' id='word_1_66' title='bbox 409 966 518 1023; x_wconf 80' lang='lat' dir='ltr'>divisus</span> <span class='ocrx_word' id='word_1_67' title='bbox 544 984 563 1024; x_wconf 89' lang='lat' dir='ltr'>a</span> <span class='ocrx_word' id='word_1_68' title='bbox 590 969 690 1042; x_wconf 91' lang='lat' dir='ltr'>popule</span> <span class='ocrx_word' id='word_1_69' title='bbox 718 968 921 1031; x_wconf 87' lang='lat' dir='ltr'>comederetur,</span> 
     </span>
     <span class='ocr_line' id='line_1_12' title="bbox 121 1054 925 1128; baseline 0 -17"><span class='ocrx_word' id='word_1_70' title='bbox 121 1071 177 1112; x_wconf 92' lang='lat' dir='ltr'>non</span> <span class='ocrx_word' id='word_1_71' title='bbox 199 1062 282 1121; x_wconf 87' lang='lat' dir='ltr'>esset,</span> <span class='ocrx_word' id='word_1_72' title='bbox 307 1054 379 1127; x_wconf 82' lang='lat' dir='ltr'>qnod</span> <span class='ocrx_word' id='word_1_73' title='bbox 401 1054 493 1113; x_wconf 88' lang='lat' dir='ltr'>denuo</span> <span class='ocrx_word' id='word_1_74' title='bbox 515 1057 644 1115; x_wconf 75' lang='lat' dir='ltr'>esurienti</span> <span class='ocrx_word' id='word_1_75' title='bbox 667 1058 799 1128; x_wconf 87' lang='lat' dir='ltr'>daretur;</span> <span class='ocrx_word' id='word_1_76' title='bbox 817 1066 863 1112; x_wconf 89' lang='lat' dir='ltr'>eut</span> <span class='ocrx_word' id='word_1_77' title='bbox 883 1062 925 1112; x_wconf 89' lang='lat' dir='ltr'>tot</span> 
     </span>
     <span class='ocr_line' id='line_1_13' title="bbox 121 1144 919 1219; baseline -0.001 -18"><span class='ocrx_word' id='word_1_78' title='bbox 121 1152 215 1201; x_wconf 83' lang='lat' dir='ltr'>essent</span> <span class='ocrx_word' id='word_1_79' title='bbox 229 1144 331 1200; x_wconf 88' lang='lat' dir='ltr'>Christi</span> <span class='ocrx_word' id='word_1_80' title='bbox 345 1159 471 1217; x_wconf 87' lang='lat' dir='ltr'>corpora,</span> <span class='ocrx_word' id='word_1_81' title='bbox 487 1155 555 1219; x_wconf 84' lang='lat' dir='ltr'>quot</span> <span class='ocrx_word' id='word_1_82' title='bbox 577 1149 751 1205; x_wconf 89' lang='lat' dir='ltr'>sacerdotum</span> <span class='ocrx_word' id='word_1_83' title='bbox 771 1146 919 1203; x_wconf 86' lang='lat' dir='ltr'>sacrificia.</span> 
     </span>
     <span class='ocr_line' id='line_1_14' title="bbox 120 1233 924 1308; baseline 0.002 -19"><span class='ocrx_word' id='word_1_84' title='bbox 120 1233 201 1289; x_wconf 88' lang='lat' dir='ltr'>Nunc</span> <span class='ocrx_word' id='word_1_85' title='bbox 216 1241 305 1289; x_wconf 86' lang='lat' dir='ltr'>autem</span> <span class='ocrx_word' id='word_1_86' title='bbox 320 1248 403 1289; x_wconf 91' lang='lat' dir='ltr'>unum</span> <span class='ocrx_word' id='word_1_87' title='bbox 419 1235 519 1291; x_wconf 87' lang='lat' dir='ltr'>Christi</span> <span class='ocrx_word' id='word_1_88' title='bbox 532 1252 633 1308; x_wconf 87' lang='lat' dir='ltr'>corpus</span> <span class='ocrx_word' id='word_1_89' title='bbox 657 1237 693 1295; x_wconf 85' lang='lat' dir='ltr'>ab</span> <span class='ocrx_word' id='word_1_90' title='bbox 717 1237 791 1296; x_wconf 85' lang='lat' dir='ltr'>omni</span> <span class='ocrx_word' id='word_1_91' title='bbox 812 1236 924 1307; x_wconf 88' lang='lat' dir='ltr'>populo,</span> 
     </span>
     <span class='ocr_line' id='line_1_15' title="bbox 123 1322 926 1397; baseline 0 -18"><span class='ocrx_word' id='word_1_92' title='bbox 123 1322 199 1379; x_wconf 87' lang='lat' dir='ltr'>atah</span> <span class='ocrx_word' id='word_1_93' title='bbox 213 1339 267 1379; x_wconf 93' lang='lat' dir='ltr'>uno</span> <span class='ocrx_word' id='word_1_94' title='bbox 282 1337 391 1395; x_wconf 89' lang='lat' dir='ltr'>quoque</span> <span class='ocrx_word' id='word_1_95' title='bbox 413 1331 500 1379; x_wconf 90' lang='lat' dir='ltr'>toturn</span> <span class='ocrx_word' id='word_1_96' title='bbox 522 1326 694 1397; x_wconf 79' lang='lat' dir='ltr'>comeditur3</span> <span class='ocrx_word' id='word_1_97' title='bbox 722 1334 861 1382; x_wconf 91' lang='lat' dir='ltr'>ettamen</span> <span class='ocrx_word' id='word_1_98' title='bbox 881 1332 926 1380; x_wconf 90' lang='lat' dir='ltr'>to·</span> 
     </span>
     <span class='ocr_line' id='line_1_16' title="bbox 121 1410 926 1487; baseline 0 -20"><span class='ocrx_word' id='word_1_99' title='bbox 121 1419 179 1467; x_wconf 88' lang='lat' dir='ltr'>turn</span> <span class='ocrx_word' id='word_1_100' title='bbox 193 1410 332 1485; x_wconf 74' lang='lat' dir='ltr'>integrum</span> <span class='ocrx_word' id='word_1_101' title='bbox 347 1412 375 1466; x_wconf 92' lang='lat' dir='ltr'>in</span> <span class='ocrx_word' id='word_1_102' title='bbox 398 1412 514 1469; x_wconf 82' lang='lat' dir='ltr'>dextera</span> <span class='ocrx_word' id='word_1_103' title='bbox 540 1414 634 1471; x_wconf 90' lang='lat' dir='ltr'>Patris</span> <span class='ocrx_word' id='word_1_104' title='bbox 651 1431 815 1487; x_wconf 87' lang='lat' dir='ltr'>permanere</span> <span class='ocrx_word' id='word_1_105' title='bbox 837 1413 926 1471; x_wconf 87' lang='lat' dir='ltr'>veris-</span> 
     </span>
     <span class='ocr_line' id='line_1_17' title="bbox 121 1499 930 1575; baseline 0.004 -19"><span class='ocrx_word' id='word_1_106' title='bbox 121 1500 192 1557; x_wconf 88' lang='lat' dir='ltr'>sime</span> <span class='ocrx_word' id='word_1_107' title='bbox 206 1500 337 1558; x_wconf 85' lang='lat' dir='ltr'>creditur.</span> <span class='ocrx_word' id='word_1_108' title='bbox 356 1499 490 1574; x_wconf 82' lang='lat' dir='ltr'>Quodque</span> <span class='ocrx_word' id='word_1_109' title='bbox 512 1504 634 1560; x_wconf 87' lang='lat' dir='ltr'>humana</span> <span class='ocrx_word' id='word_1_110' title='bbox 658 1504 728 1561; x_wconf 91' lang='lat' dir='ltr'>ratio</span> <span class='ocrx_word' id='word_1_111' title='bbox 754 1519 809 1560; x_wconf 91' lang='lat' dir='ltr'>non</span> <span class='ocrx_word' id='word_1_112' title='bbox 838 1510 930 1575; x_wconf 86' lang='lat' dir='ltr'>potest</span> 
     </span>
     <span class='ocr_line' id='line_1_18' title="bbox 122 1589 922 1663; baseline 0 -16"><span class='ocrx_word' id='word_1_113' title='bbox 122 1590 241 1663; x_wconf 86' lang='lat' dir='ltr'>prebere</span> <span class='ocrx_word' id='word_1_114' title='bbox 257 1605 266 1646; x_wconf 89' lang='lat'>:</span> <span class='ocrx_word' id='word_1_115' title='bbox 280 1589 418 1648; x_wconf 72' lang='lat' dir='ltr'>catholice</span> <span class='ocrx_word' id='word_1_116' title='bbox 440 1589 509 1648; x_wconf 81' lang='lat' dir='ltr'>tides</span> <span class='ocrx_word' id='word_1_117' title='bbox 532 1594 671 1650; x_wconf 88' lang='lat' dir='ltr'>neminem</span> <span class='ocrx_word' id='word_1_118' title='bbox 694 1592 759 1649; x_wconf 91' lang='lat' dir='ltr'>sinit</span> <span class='ocrx_word' id='word_1_119' title='bbox 784 1592 922 1649; x_wconf 90' lang='lat' dir='ltr'>dubitare.</span> 
     </span>
    </p>
   </div>
   <div class='ocr_carea' id='block_1_6' title="bbox 122 1678 964 1755">
    <p class='ocr_par' dir='ltr' id='par_1_6' title="bbox 122 1678 964 1755">
     <span class='ocr_line' id='line_1_19' title="bbox 122 1678 964 1755; baseline 0.002 -20"><span class='ocrx_word' id='word_1_120' title='bbox 122 1678 176 1749; x_wconf 78' lang='lat' dir='ltr'>Qut</span> <span class='ocrx_word' id='word_1_121' title='bbox 189 1688 281 1735; x_wconf 89' lang='lat' dir='ltr'>eutem</span> <span class='ocrx_word' id='word_1_122' title='bbox 294 1694 350 1735; x_wconf 87' lang='lat' dir='ltr'>nen</span> <span class='ocrx_word' id='word_1_123' title='bbox 364 1679 463 1747; x_wconf 89' lang='lat' dir='ltr'>eredit,</span> <span class='ocrx_word' id='word_1_124' title='bbox 479 1680 560 1752; x_wconf 87' lang='lat' dir='ltr'>hujus</span> <span class='ocrx_word' id='word_1_125' title='bbox 574 1682 700 1755; x_wconf 90' lang='lat' dir='ltr'>corperis</span> <span class='ocrx_word' id='word_1_126' title='bbox 714 1698 770 1739; x_wconf 93' lang='lat' dir='ltr'>non</span> <span class='ocrx_word' id='word_1_127' title='bbox 784 1680 921 1755; x_wconf 71' lang='lat' dir='ltr'>particeps</span> <span class='ocrx_word' id='word_1_128' title='bbox 935 1690 964 1751; x_wconf 89' lang='grc' dir='ltr'>Β</span> 
     </span>
    </p>
   </div>
   <div class='ocr_carea' id='block_1_7' title="bbox 122 1767 634 1841">
    <p class='ocr_par' dir='ltr' id='par_1_7' title="bbox 122 1767 634 1841">
     <span class='ocr_line' id='line_1_20' title="bbox 122 1767 634 1841; baseline 0.008 -16"><span class='ocrx_word' id='word_1_129' title='bbox 122 1769 184 1839; x_wconf 88' lang='lat' dir='ltr'>erit,</span> <span class='ocrx_word' id='word_1_130' title='bbox 198 1768 263 1841; x_wconf 90' lang='lat' dir='ltr'>quia</span> <span class='ocrx_word' id='word_1_131' title='bbox 277 1767 396 1825; x_wconf 85' lang='lat' dir='ltr'>deterior</span> <span class='ocrx_word' id='word_1_132' title='bbox 408 1767 512 1827; x_wconf 79' lang='lat' dir='ltr'>infideli</span> <span class='ocrx_word' id='word_1_133' title='bbox 526 1771 634 1829; x_wconf 83' lang='lat' dir='ltr'>exstitit.</span> 
     </span>
    </p>
   </div>
   <div class='ocr_carea' id='block_1_8' title="bbox 125 1947 924 2201">
    <p class='ocr_par' dir='ltr' id='par_1_8' title="bbox 125 1947 924 2201">
     <span class='ocr_line' id='line_1_21' title="bbox 125 1947 924 2024; baseline 0.003 -20"><span class='ocrx_word' id='word_1_134' title='bbox 125 1947 193 2005; x_wconf 76' lang='lat' dir='ltr'>Car.</span> <span class='ocrx_word' id='word_1_135' title='bbox 213 1948 263 2005; x_wconf 79' lang='lat' dir='ltr'>Vl.</span> <span class='ocrx_word' id='word_1_136' title='bbox 283 1949 361 2018; x_wconf 76' lang='lat' dir='ltr'>Quod</span> <span class='ocrx_word' id='word_1_137' title='bbox 389 1952 449 2006; x_wconf 86' lang='lat' dir='ltr'>tem</span> <span class='ocrx_word' id='word_1_138' title='bbox 475 1950 548 2007; x_wconf 86' lang='lat' dir='ltr'>moli</span> <span class='ocrx_word' id='word_1_139' title='bbox 575 1966 660 2024; x_wconf 87' lang='lat' dir='ltr'>quum</span> <span class='ocrx_word' id='word_1_140' title='bbox 676 1950 740 2007; x_wconf 83' lang='lat' dir='ltr'>iuni</span> <span class='ocrx_word' id='word_1_141' title='bbox 767 1949 924 2006; x_wconf 80' lang='lat' dir='ltr'>secerdotes</span> 
     </span>
     <span class='ocr_line' id='line_1_22' title="bbox 162 2038 923 2112; baseline 0 -17"><span class='ocrx_word' id='word_1_142' title='bbox 162 2038 269 2095; x_wconf 82' lang='lat' dir='ltr'>Christi</span> <span class='ocrx_word' id='word_1_143' title='bbox 282 2054 382 2112; x_wconf 83' lang='lat' dir='ltr'>corpus</span> <span class='ocrx_word' id='word_1_144' title='bbox 396 2040 562 2111; x_wconf 74' lang='lat' dir='ltr'>conficient,</span> <span class='ocrx_word' id='word_1_145' title='bbox 578 2040 627 2097; x_wconf 82' lang='lat' dir='ltr'>sed</span> <span class='ocrx_word' id='word_1_146' title='bbox 639 2040 693 2097; x_wconf 83' lang='lat' dir='ltr'>soll</span> <span class='ocrx_word' id='word_1_147' title='bbox 701 2040 778 2112; x_wconf 79' lang='lat' dir='ltr'>justi</span> <span class='ocrx_word' id='word_1_148' title='bbox 788 2039 838 2096; x_wconf 87' lang='lat' dir='ltr'>hoc</span> <span class='ocrx_word' id='word_1_149' title='bbox 848 2039 923 2095; x_wconf 82' lang='lat' dir='ltr'>ecci·</span> 
     </span>
     <span class='ocr_line' id='line_1_23' title="bbox 160 2128 255 2201; baseline 0 -18"><span class='ocrx_word' id='word_1_150' title='bbox 160 2128 255 2201; x_wconf 83' lang='lat' dir='ltr'>piant.</span> 
     </span>
    </p>
   </div>
   <div class='ocr_carea' id='block_1_9' title="bbox 125 2282 943 4317">
    <p class='ocr_par' dir='ltr' id='par_1_9' title="bbox 125 2282 943 4317">
     <span class='ocr_line' id='line_1_24' title="bbox 161 2282 925 2359; baseline 0 -20"><span class='ocrx_word' id='word_1_151' title='bbox 161 2282 238 2340; x_wconf 87' lang='lat' dir='ltr'>Solet</span> <span class='ocrx_word' id='word_1_152' title='bbox 265 2298 374 2357; x_wconf 91' lang='lat' dir='ltr'>qnoque</span> <span class='ocrx_word' id='word_1_153' title='bbox 402 2283 489 2357; x_wconf 81' lang='lat' dir='ltr'>quaeri</span> <span class='ocrx_word' id='word_1_154' title='bbox 519 2291 608 2341; x_wconf 90' lang='lat' dir='ltr'>utrnm</span> <span class='ocrx_word' id='word_1_155' title='bbox 634 2283 741 2359; x_wconf 72' lang='lat' dir='ltr'>indigni</span> <span class='ocrx_word' id='word_1_156' title='bbox 766 2282 925 2342; x_wconf 88' lang='lat' dir='ltr'>sacerdotes</span> 
     </span>
     <span class='ocr_line' id='line_1_25' title="bbox 125 2372 926 2445; baseline -0.001 -14"><span class='ocrx_word' id='word_1_157' title='bbox 125 2388 229 2445; x_wconf 90' lang='lat' dir='ltr'>corpus</span> <span class='ocrx_word' id='word_1_158' title='bbox 243 2372 347 2429; x_wconf 87' lang='lat' dir='ltr'>Christi</span> <span class='ocrx_word' id='word_1_159' title='bbox 361 2372 518 2440; x_wconf 79' lang='lat' dir='ltr'>conficiant,</span> <span class='ocrx_word' id='word_1_160' title='bbox 534 2373 577 2429; x_wconf 80' lang='lat' dir='ltr'>vel</span> <span class='ocrx_word' id='word_1_161' title='bbox 592 2382 683 2430; x_wconf 90' lang='lat' dir='ltr'>utrum</span> <span class='ocrx_word' id='word_1_162' title='bbox 706 2373 769 2429; x_wconf 84' lang='lat' dir='ltr'>meli</span> <span class='ocrx_word' id='word_1_163' title='bbox 789 2374 861 2429; x_wconf 91' lang='lat' dir='ltr'>hunc</span> <span class='ocrx_word' id='word_1_164' title='bbox 883 2372 926 2430; x_wconf 90' lang='lat' dir='ltr'>ci-</span> 
     </span>
     <span class='ocr_line' id='line_1_26' title="bbox 126 2461 926 2519; baseline -0.001 -2"><span class='ocrx_word' id='word_1_165' title='bbox 126 2461 191 2517; x_wconf 91' lang='lat' dir='ltr'>bum</span> <span class='ocrx_word' id='word_1_166' title='bbox 205 2462 374 2518; x_wconf 83' lang='lat' dir='ltr'>comedenti</span> <span class='ocrx_word' id='word_1_167' title='bbox 388 2461 513 2518; x_wconf 88' lang='lat' dir='ltr'>Christus</span> <span class='ocrx_word' id='word_1_168' title='bbox 527 2478 614 2519; x_wconf 84' lang='lat' dir='ltr'>verus</span> <span class='ocrx_word' id='word_1_169' title='bbox 627 2462 760 2519; x_wconf 86' lang='lat' dir='ltr'>sacerdos</span> <span class='ocrx_word' id='word_1_170' title='bbox 774 2462 926 2519; x_wconf 87' lang='lat' dir='ltr'>secundnm</span> 
     </span>
     <span class='ocr_line' id='line_1_27' title="bbox 126 2549 926 2624; baseline 0.001 -17"><span class='ocrx_word' id='word_1_171' title='bbox 126 2549 251 2607; x_wconf 88' lang='lat' dir='ltr'>ordinem</span> <span class='ocrx_word' id='word_1_172' title='bbox 266 2551 477 2619; x_wconf 71' lang='lat' dir='ltr'>Melchisedech,</span> <span class='ocrx_word' id='word_1_173' title='bbox 492 2551 540 2624; x_wconf 90' lang='lat' dir='ltr'>qui</span> <span class='ocrx_word' id='word_1_174' title='bbox 562 2566 663 2624; x_wconf 89' lang='lat' dir='ltr'>corpus</span> <span class='ocrx_word' id='word_1_175' title='bbox 689 2568 769 2607; x_wconf 89' lang='lat' dir='ltr'>anum</span> <span class='ocrx_word' id='word_1_176' title='bbox 791 2552 821 2607; x_wconf 91' lang='lat' dir='ltr'>in</span> <span class='ocrx_word' id='word_1_177' title='bbox 848 2558 926 2608; x_wconf 90' lang='lat' dir='ltr'>utero</span> 
     </span>
     <span class='ocr_line' id='line_1_28' title="bbox 125 2637 927 2713; baseline -0.002 -16"><span class='ocrx_word' id='word_1_178' title='bbox 125 2638 244 2713; x_wconf 73' lang='lat' dir='ltr'>virginis</span> <span class='ocrx_word' id='word_1_179' title='bbox 257 2637 433 2708; x_wconf 77' lang='lat' dir='ltr'>formauerat,</span> <span class='ocrx_word' id='word_1_180' title='bbox 449 2639 525 2697; x_wconf 91' lang='lat' dir='ltr'>solus</span> <span class='ocrx_word' id='word_1_181' title='bbox 540 2640 620 2697; x_wconf 89' lang='lat' dir='ltr'>etiarn</span> <span class='ocrx_word' id='word_1_182' title='bbox 636 2656 687 2711; x_wconf 91' lang='lat' dir='ltr'>per</span> <span class='ocrx_word' id='word_1_183' title='bbox 709 2639 858 2713; x_wconf 88' lang='lat' dir='ltr'>quemlihet</span> <span class='ocrx_word' id='word_1_184' title='bbox 880 2655 927 2696; x_wconf 77' lang='lat' dir='ltr'>ct-</span> 
     </span>
     <span class='ocr_line' id='line_1_29' title="bbox 126 2727 927 2801; baseline 0 -17"><span class='ocrx_word' id='word_1_185' title='bbox 126 2727 257 2784; x_wconf 89' lang='lat' dir='ltr'>tlrolicum</span> <span class='ocrx_word' id='word_1_186' title='bbox 272 2728 446 2786; x_wconf 87' lang='lat' dir='ltr'>sacerdotem</span> <span class='ocrx_word' id='word_1_187' title='bbox 461 2729 514 2786; x_wconf 90' lang='lat' dir='ltr'>hec</span> <span class='ocrx_word' id='word_1_188' title='bbox 537 2728 628 2801; x_wconf 89' lang='lat' dir='ltr'>ipsum</span> <span class='ocrx_word' id='word_1_189' title='bbox 647 2737 800 2799; x_wconf 85' lang='lat' dir='ltr'>consecrat,</span> <span class='ocrx_word' id='word_1_190' title='bbox 826 2728 927 2800; x_wconf 91' lang='lat' dir='ltr'>etipse</span> 
     </span>
     <span class='ocr_line' id='line_1_30' title="bbox 129 2816 928 2890; baseline -0.001 -17"><span class='ocrx_word' id='word_1_191' title='bbox 129 2816 205 2873; x_wconf 89' lang='lat' dir='ltr'>solus</span> <span class='ocrx_word' id='word_1_192' title='bbox 214 2818 266 2874; x_wconf 91' lang='lat' dir='ltr'>hoc</span> <span class='ocrx_word' id='word_1_193' title='bbox 276 2817 305 2873; x_wconf 92' lang='lat' dir='ltr'>in</span> <span class='ocrx_word' id='word_1_194' title='bbox 315 2816 447 2874; x_wconf 87' lang='lat' dir='ltr'>memhris</span> <span class='ocrx_word' id='word_1_195' title='bbox 456 2817 514 2875; x_wconf 91' lang='lat' dir='ltr'>suis</span> <span class='ocrx_word' id='word_1_196' title='bbox 524 2817 659 2890; x_wconf 89' lang='lat' dir='ltr'>percipit;</span> <span class='ocrx_word' id='word_1_197' title='bbox 674 2818 772 2890; x_wconf 89' lang='lat' dir='ltr'>etipse</span> <span class='ocrx_word' id='word_1_198' title='bbox 783 2818 835 2875; x_wconf 89' lang='lat' dir='ltr'>hoc</span> <span class='ocrx_word' id='word_1_199' title='bbox 845 2818 928 2875; x_wconf 91' lang='lat' dir='ltr'>etiarn</span> 
     </span>
     <span class='ocr_line' id='line_1_31' title="bbox 128 2904 927 2980; baseline 0.001 -18"><span class='ocrx_word' id='word_1_200' title='bbox 128 2905 205 2963; x_wconf 86' lang='lat' dir='ltr'>solus</span> <span class='ocrx_word' id='word_1_201' title='bbox 218 2906 276 2963; x_wconf 89' lang='lat' dir='ltr'>suis</span> <span class='ocrx_word' id='word_1_202' title='bbox 290 2904 425 2980; x_wconf 70' lang='lat' dir='ltr'>porrigit;</span> <span class='ocrx_word' id='word_1_203' title='bbox 442 2907 489 2979; x_wconf 88' lang='lat' dir='ltr'>qui</span> <span class='ocrx_word' id='word_1_204' title='bbox 503 2906 531 2963; x_wconf 85' lang='lat' dir='ltr'>in</span> <span class='ocrx_word' id='word_1_205' title='bbox 545 2907 674 2963; x_wconf 89' lang='lat' dir='ltr'>omnihus</span> <span class='ocrx_word' id='word_1_206' title='bbox 684 2907 781 2964; x_wconf 81' lang='lat' dir='ltr'>electis</span> <span class='ocrx_word' id='word_1_207' title='bbox 795 2922 927 2965; x_wconf 91' lang='lat' dir='ltr'>consum·</span> 
     </span>
     <span class='ocr_line' id='line_1_32' title="bbox 127 2994 930 3069; baseline 0.004 -19"><span class='ocrx_word' id='word_1_208' title='bbox 127 3002 217 3052; x_wconf 84' lang='lat' dir='ltr'>matus</span> <span class='ocrx_word' id='word_1_209' title='bbox 231 2994 467 3053; x_wconf 84' lang='lat' dir='ltr'>coelosaseendit.</span> <span class='ocrx_word' id='word_1_210' title='bbox 495 2995 656 3069; x_wconf 71' lang='lat' dir='ltr'>Ergetium</span> <span class='ocrx_word' id='word_1_211' title='bbox 682 2996 775 3052; x_wconf 87' lang='lat' dir='ltr'>nullus</span> <span class='ocrx_word' id='word_1_212' title='bbox 798 2997 930 3054; x_wconf 90' lang='lat' dir='ltr'>sacerdos</span> 
     </span>
     <span class='ocr_line' id='line_1_33' title="bbox 129 3084 932 3157; baseline 0.001 -17"><span class='ocrx_word' id='word_1_213' title='bbox 129 3084 185 3140; x_wconf 89' lang='lat' dir='ltr'>nisi</span> <span class='ocrx_word' id='word_1_214' title='bbox 199 3084 259 3157; x_wconf 88' lang='lat' dir='ltr'>ipse</span> <span class='ocrx_word' id='word_1_215' title='bbox 273 3084 398 3141; x_wconf 88' lang='lat' dir='ltr'>Christus</span> <span class='ocrx_word' id='word_1_216' title='bbox 411 3101 463 3157; x_wconf 89' lang='lat' dir='ltr'>per</span> <span class='ocrx_word' id='word_1_217' title='bbox 480 3084 662 3141; x_wconf 85' lang='lat' dir='ltr'>ministerium</span> <span class='ocrx_word' id='word_1_218' title='bbox 680 3084 854 3142; x_wconf 88' lang='lat' dir='ltr'>sacerdotum</span> <span class='ocrx_word' id='word_1_219' title='bbox 865 3100 932 3151; x_wconf 66' lang='lat' dir='ltr'>⁸cor-</span> 
     </span>
     <span class='ocr_line' id='line_1_34' title="bbox 130 3171 935 3248; baseline 0 -19"><span class='ocrx_word' id='word_1_220' title='bbox 130 3190 185 3246; x_wconf 93' lang='lat' dir='ltr'>pus</span> <span class='ocrx_word' id='word_1_221' title='bbox 199 3190 280 3231; x_wconf 88' lang='lat' dir='ltr'>suurn</span> <span class='ocrx_word' id='word_1_222' title='bbox 290 3171 427 3231; x_wconf 87' lang='lat' dir='ltr'>conticere</span> <span class='ocrx_word' id='word_1_223' title='bbox 440 3174 588 3245; x_wconf 89' lang='lat' dir='ltr'>probetur;</span> <span class='ocrx_word' id='word_1_224' title='bbox 613 3190 668 3230; x_wconf 91' lang='lat' dir='ltr'>non</span> <span class='ocrx_word' id='word_1_225' title='bbox 683 3174 776 3231; x_wconf 87' lang='lat' dir='ltr'>minus</span> <span class='ocrx_word' id='word_1_226' title='bbox 790 3190 840 3245; x_wconf 89' lang='lat' dir='ltr'>per</span> <span class='ocrx_word' id='word_1_227' title='bbox 853 3173 935 3248; x_wconf 79' lang='lat' dir='ltr'>llsgi-</span> 
     </span>
     <span class='ocr_line' id='line_1_35' title="bbox 130 3262 938 3334; baseline -0.002 -15"><span class='ocrx_word' id='word_1_228' title='bbox 130 3262 272 3319; x_wconf 86' lang='lat' dir='ltr'>tiosissimi</span> <span class='ocrx_word' id='word_1_229' title='bbox 286 3263 312 3319; x_wconf 88' lang='lat' dir='ltr'>in</span> <span class='ocrx_word' id='word_1_230' title='bbox 328 3262 454 3320; x_wconf 86' lang='lat' dir='ltr'>Ecclesia</span> <span class='ocrx_word' id='word_1_231' title='bbox 469 3262 600 3319; x_wconf 82' lang='lat' dir='ltr'>duntaxat</span> <span class='ocrx_word' id='word_1_232' title='bbox 619 3263 759 3320; x_wconf 89' lang='lat' dir='ltr'>Catholice</span> <span class='ocrx_word' id='word_1_233' title='bbox 784 3264 938 3334; x_wconf 70' lang='lat' dir='ltr'>constituti,</span> 
     </span>
     <span class='ocr_line' id='line_1_36' title="bbox 135 3352 939 3426; baseline 0.001 -19"><span class='ocrx_word' id='word_1_234' title='bbox 135 3368 217 3425; x_wconf 90' lang='lat' dir='ltr'>quarn</span> <span class='ocrx_word' id='word_1_235' title='bbox 231 3368 282 3425; x_wconf 91' lang='lat' dir='ltr'>per</span> <span class='ocrx_word' id='word_1_236' title='bbox 296 3352 464 3409; x_wconf 87' lang='lat' dir='ltr'>sanctissimi</span> <span class='ocrx_word' id='word_1_237' title='bbox 483 3352 663 3409; x_wconf 85' lang='lat' dir='ltr'>ministerium</span> <span class='ocrx_word' id='word_1_238' title='bbox 677 3354 730 3410; x_wconf 90' lang='lat' dir='ltr'>hoe</span> <span class='ocrx_word' id='word_1_239' title='bbox 744 3369 846 3426; x_wconf 88' lang='lat' dir='ltr'>corpus</span> <span class='ocrx_word' id='word_1_240' title='bbox 870 3368 939 3410; x_wconf 91' lang='lat' dir='ltr'>con-</span> 
     </span>
     <span class='ocr_line' id='line_1_37' title="bbox 132 3438 938 3514; baseline 0 -17"><span class='ocrx_word' id='word_1_241' title='bbox 132 3438 233 3509; x_wconf 89' lang='lat' dir='ltr'>tieitnr,</span> <span class='ocrx_word' id='word_1_242' title='bbox 258 3457 312 3514; x_wconf 82' lang='lat' dir='ltr'>qno</span> <span class='ocrx_word' id='word_1_243' title='bbox 327 3440 410 3497; x_wconf 87' lang='lat' dir='ltr'>etiarn</span> <span class='ocrx_word' id='word_1_244' title='bbox 432 3456 450 3497; x_wconf 93' lang='lat' dir='ltr'>a</span> <span class='ocrx_word' id='word_1_245' title='bbox 474 3442 550 3498; x_wconf 91' lang='lat' dir='ltr'>nullo</span> <span class='ocrx_word' id='word_1_246' title='bbox 573 3441 625 3497; x_wconf 91' lang='lat' dir='ltr'>nisi</span> <span class='ocrx_word' id='word_1_247' title='bbox 648 3458 664 3498; x_wconf 90' lang='lat' dir='ltr'>a</span> <span class='ocrx_word' id='word_1_248' title='bbox 686 3442 748 3499; x_wconf 88' lang='lat' dir='ltr'>selo</span> <span class='ocrx_word' id='word_1_249' title='bbox 772 3442 882 3499; x_wconf 86' lang='lat' dir='ltr'>Christo</span> <span class='ocrx_word' id='word_1_250' title='bbox 910 3441 938 3497; x_wconf 95' lang='lat' dir='ltr'>in</span> 
     </span>
     <span class='ocr_line' id='line_1_38' title="bbox 131 3530 939 3603; baseline 0.002 -17"><span class='ocrx_word' id='word_1_251' title='bbox 131 3530 190 3587; x_wconf 87' lang='lat' dir='ltr'>suis</span> <span class='ocrx_word' id='word_1_252' title='bbox 204 3530 364 3603; x_wconf 90' lang='lat' dir='ltr'>percipitur.</span> <span class='ocrx_word' id='word_1_253' title='bbox 381 3530 468 3587; x_wconf 82' lang='lat' dir='ltr'>Extra</span> <span class='ocrx_word' id='word_1_254' title='bbox 490 3530 646 3588; x_wconf 84' lang='lat' dir='ltr'>Eeclesiam</span> <span class='ocrx_word' id='word_1_255' title='bbox 667 3538 767 3600; x_wconf 86' lang='lat' dir='ltr'>antem,</span> <span class='ocrx_word' id='word_1_256' title='bbox 783 3530 891 3589; x_wconf 89' lang='lat' dir='ltr'>scilieet</span> <span class='ocrx_word' id='word_1_257' title='bbox 904 3531 939 3588; x_wconf 91' lang='lat' dir='ltr'>ah</span> 
     </span>
     <span class='ocr_line' id='line_1_39' title="bbox 131 3619 939 3694; baseline 0 -18"><span class='ocrx_word' id='word_1_258' title='bbox 131 3620 279 3687; x_wconf 76' lang='lat' dir='ltr'>hereticis,</span> <span class='ocrx_word' id='word_1_259' title='bbox 297 3635 314 3677; x_wconf 87' lang='lat' dir='ltr'>a</span> <span class='ocrx_word' id='word_1_260' title='bbox 328 3619 440 3686; x_wconf 82' lang='lat' dir='ltr'>ludaeia,</span> <span class='ocrx_word' id='word_1_261' title='bbox 451 3634 468 3676; x_wconf 93' lang='lat' dir='ltr'>a</span> <span class='ocrx_word' id='word_1_262' title='bbox 481 3620 631 3694; x_wconf 69' lang='lat' dir='ltr'>gentilibus</span> <span class='ocrx_word' id='word_1_263' title='bbox 646 3635 698 3677; x_wconf 88' lang='lat' dir='ltr'>nec</span> <span class='ocrx_word' id='word_1_264' title='bbox 711 3621 764 3677; x_wconf 91' lang='lat' dir='ltr'>hoc</span> <span class='ocrx_word' id='word_1_265' title='bbox 778 3636 939 3692; x_wconf 75' lang='lat' dir='ltr'>sacramen·</span> 
     </span>
     <span class='ocr_line' id='line_1_40' title="bbox 130 3707 938 3781; baseline 0.002 -16"><span class='ocrx_word' id='word_1_266' title='bbox 130 3716 189 3765; x_wconf 89' lang='lat' dir='ltr'>turn</span> <span class='ocrx_word' id='word_1_267' title='bbox 204 3707 356 3781; x_wconf 84' lang='lat' dir='ltr'>perficitur,</span> <span class='ocrx_word' id='word_1_268' title='bbox 371 3724 424 3766; x_wconf 87' lang='lat' dir='ltr'>nec</span> <span class='ocrx_word' id='word_1_269' title='bbox 438 3725 539 3765; x_wconf 90' lang='lat' dir='ltr'>rnunus</span> <span class='ocrx_word' id='word_1_270' title='bbox 552 3708 674 3766; x_wconf 90' lang='lat' dir='ltr'>oblatum</span> <span class='ocrx_word' id='word_1_271' title='bbox 689 3710 833 3781; x_wconf 88' lang='lat' dir='ltr'>accipitur.</span> <span class='ocrx_word' id='word_1_272' title='bbox 848 3710 938 3767; x_wconf 91' lang='lat' dir='ltr'>Simo·</span> 
     </span>
     <span class='ocr_line' id='line_1_41' title="bbox 131 3796 940 3871; baseline 0 -17"><span class='ocrx_word' id='word_1_273' title='bbox 131 3796 206 3855; x_wconf 87' lang='lat' dir='ltr'>niuei</span> <span class='ocrx_word' id='word_1_274' title='bbox 219 3806 324 3865; x_wconf 89' lang='lat' dir='ltr'>temen,</span> <span class='ocrx_word' id='word_1_275' title='bbox 339 3797 514 3871; x_wconf 89' lang='lat' dir='ltr'>quiquidem</span> <span class='ocrx_word' id='word_1_276' title='bbox 530 3796 602 3855; x_wconf 90' lang='lat' dir='ltr'>inter</span> <span class='ocrx_word' id='word_1_277' title='bbox 627 3797 769 3855; x_wconf 79' lang='lat' dir='ltr'>hereticos</span> <span class='ocrx_word' id='word_1_278' title='bbox 783 3808 940 3868; x_wconf 88' lang='lat' dir='ltr'>censentur,</span> 
     </span>
     <span class='ocr_line' id='line_1_42' title="bbox 133 3885 941 3960; baseline 0.001 -17"><span class='ocrx_word' id='word_1_279' title='bbox 133 3888 183 3943; x_wconf 92' lang='lat' dir='ltr'>sed</span> <span class='ocrx_word' id='word_1_280' title='bbox 198 3895 290 3943; x_wconf 89' lang='lat' dir='ltr'>tamen</span> <span class='ocrx_word' id='word_1_281' title='bbox 303 3886 357 3943; x_wconf 87' lang='lat' dir='ltr'>lide</span> <span class='ocrx_word' id='word_1_282' title='bbox 373 3885 555 3960; x_wconf 74' lang='lat' dir='ltr'>integerrima</span> <span class='ocrx_word' id='word_1_283' title='bbox 572 3886 724 3945; x_wconf 87' lang='lat' dir='ltr'>Catholicis</span> <span class='ocrx_word' id='word_1_284' title='bbox 739 3888 941 3956; x_wconf 85' lang='lat' dir='ltr'>admiscentur,</span> 
     </span>
     <span class='ocr_line' id='line_1_43' title="bbox 134 3974 942 4050; baseline 0.002 -19"><span class='ocrx_word' id='word_1_285' title='bbox 134 3992 187 4049; x_wconf 90' lang='lat' dir='ltr'>per</span> <span class='ocrx_word' id='word_1_286' title='bbox 201 3974 283 4032; x_wconf 85' lang='lat' dir='ltr'>iidem</span> <span class='ocrx_word' id='word_1_287' title='bbox 305 3974 446 4033; x_wconf 83' lang='lat' dir='ltr'>Trinitatis</span> <span class='ocrx_word' id='word_1_288' title='bbox 461 3974 560 4032; x_wconf 84' lang='lat' dir='ltr'>Christi</span> <span class='ocrx_word' id='word_1_289' title='bbox 587 3992 687 4050; x_wconf 89' lang='lat' dir='ltr'>corpus</span> <span class='ocrx_word' id='word_1_290' title='bbox 711 3974 867 4046; x_wconf 84' lang='lat' dir='ltr'>conficiunt,</span> <span class='ocrx_word' id='word_1_291' title='bbox 892 3977 942 4034; x_wconf 88' lang='lat' dir='ltr'>sed</span> 
     </span>
     <span class='ocr_line' id='line_1_44' title="bbox 134 4063 943 4137; baseline 0.001 -17"><span class='ocrx_word' id='word_1_292' title='bbox 134 4064 194 4135; x_wconf 88' lang='lat' dir='ltr'>ejus</span> <span class='ocrx_word' id='word_1_293' title='bbox 207 4064 359 4137; x_wconf 91' lang='lat' dir='ltr'>participes</span> <span class='ocrx_word' id='word_1_294' title='bbox 375 4063 411 4120; x_wconf 89' lang='lat' dir='ltr'>oh</span> <span class='ocrx_word' id='word_1_295' title='bbox 435 4064 583 4137; x_wconf 89' lang='lat' dir='ltr'>reprobam</span> <span class='ocrx_word' id='word_1_296' title='bbox 604 4066 689 4122; x_wconf 80' lang='lat' dir='ltr'>vitam</span> <span class='ocrx_word' id='word_1_297' title='bbox 708 4082 763 4122; x_wconf 88' lang='lat' dir='ltr'>non</span> <span class='ocrx_word' id='word_1_298' title='bbox 787 4065 867 4122; x_wconf 89' lang='lat' dir='ltr'>liunt.</span> <span class='ocrx_word' id='word_1_299' title='bbox 885 4066 943 4123; x_wconf 88' lang='lat' dir='ltr'>Seli</span> 
     </span>
     <span class='ocr_line' id='line_1_45' title="bbox 135 4152 941 4229; baseline 0.001 -20"><span class='ocrx_word' id='word_1_300' title='bbox 135 4168 255 4226; x_wconf 88' lang='lat' dir='ltr'>nemque</span> <span class='ocrx_word' id='word_1_301' title='bbox 269 4152 318 4209; x_wconf 90' lang='lat' dir='ltr'>lilii</span> <span class='ocrx_word' id='word_1_302' title='bbox 334 4152 385 4209; x_wconf 86' lang='lat' dir='ltr'>Dei</span> <span class='ocrx_word' id='word_1_303' title='bbox 399 4154 452 4211; x_wconf 90' lang='lat' dir='ltr'>hoc</span> <span class='ocrx_word' id='word_1_304' title='bbox 466 4153 530 4210; x_wconf 91' lang='lat' dir='ltr'>cibo</span> <span class='ocrx_word' id='word_1_305' title='bbox 545 4163 702 4222; x_wconf 76' lang='lat' dir='ltr'>vescuntur,</span> <span class='ocrx_word' id='word_1_306' title='bbox 718 4154 766 4229; x_wconf 91' lang='lat' dir='ltr'>qui</span> <span class='ocrx_word' id='word_1_307' title='bbox 786 4153 838 4212; x_wconf 91' lang='lat' dir='ltr'>seli</span> <span class='ocrx_word' id='word_1_308' title='bbox 855 4156 941 4212; x_wconf 85' lang='lat' dir='ltr'>Deum</span> 
     </span>
     <span class='ocr_line' id='line_1_46' title="bbox 135 4242 940 4317; baseline 0.002 -18"><span class='ocrx_word' id='word_1_309' title='bbox 135 4242 223 4299; x_wconf 84' lang='lat' dir='ltr'>risuri</span> <span class='ocrx_word' id='word_1_310' title='bbox 245 4249 403 4309; x_wconf 85' lang='lat' dir='ltr'>noscuntur,</span> <span class='ocrx_word' id='word_1_311' title='bbox 432 4242 492 4315; x_wconf 91' lang='lat' dir='ltr'>ipso</span> <span class='ocrx_word' id='word_1_312' title='bbox 515 4242 622 4300; x_wconf 90' lang='lat' dir='ltr'>Christo</span> <span class='ocrx_word' id='word_1_313' title='bbox 645 4250 790 4301; x_wconf 88' lang='lat' dir='ltr'>attestante</span> <span class='ocrx_word' id='word_1_314' title='bbox 810 4244 856 4317; x_wconf 89' lang='lat' dir='ltr'>qui</span> <span class='ocrx_word' id='word_1_315' title='bbox 878 4248 940 4301; x_wconf 88' lang='lat' dir='ltr'>eit:</span> 
     </span>
    </p>
   </div>
   <div class='ocr_carea' id='block_1_10' title="bbox 970 425 1775 595">
    <p class='ocr_par' dir='ltr' id='par_1_10' title="bbox 970 425 1775 595">
     <span class='ocr_line' id='line_1_47' title="bbox 970 425 1775 503; baseline 0.011 -23"><span class='ocrx_word' id='word_1_316' title='bbox 970 425 1019 483; x_wconf 91' lang='lat' dir='ltr'>illo</span> <span class='ocrx_word' id='word_1_317' title='bbox 1034 432 1181 500; x_wconf 86' lang='lat' dir='ltr'>sperando,</span> <span class='ocrx_word' id='word_1_318' title='bbox 1199 440 1225 489; x_wconf 89' lang='lat' dir='ltr'>et</span> <span class='ocrx_word' id='word_1_319' title='bbox 1240 431 1312 489; x_wconf 88' lang='lat' dir='ltr'>rnala</span> <span class='ocrx_word' id='word_1_320' title='bbox 1337 430 1488 501; x_wconf 87' lang='lat' dir='ltr'>declinans,</span> <span class='ocrx_word' id='word_1_321' title='bbox 1499 432 1571 487; x_wconf 85' lang='lat' dir='ltr'>bona</span> <span class='ocrx_word' id='word_1_322' title='bbox 1582 446 1632 503; x_wconf 87' lang='lat' dir='ltr'>per</span> <span class='ocrx_word' id='word_1_323' title='bbox 1646 430 1775 489; x_wconf 88' lang='lat' dir='ltr'>dileetio-</span> 
     </span>
     <span class='ocr_line' id='line_1_48' title="bbox 970 519 1773 595; baseline 0.01 -25"><span class='ocrx_word' id='word_1_324' title='bbox 970 532 1035 573; x_wconf 89' lang='lat' dir='ltr'>nem</span> <span class='ocrx_word' id='word_1_325' title='bbox 1059 520 1211 590; x_wconf 85' lang='lat' dir='ltr'>operando.</span> <span class='ocrx_word' id='word_1_326' title='bbox 1230 522 1306 595; x_wconf 80' lang='lat' dir='ltr'>Ergo</span> <span class='ocrx_word' id='word_1_327' title='bbox 1333 520 1362 577; x_wconf 92' lang='lat' dir='ltr'>hi</span> <span class='ocrx_word' id='word_1_328' title='bbox 1388 521 1439 577; x_wconf 89' lang='lat' dir='ltr'>soli</span> <span class='ocrx_word' id='word_1_329' title='bbox 1469 536 1569 593; x_wconf 87' lang='lat' dir='ltr'>corpus</span> <span class='ocrx_word' id='word_1_330' title='bbox 1597 519 1696 577; x_wconf 90' lang='lat' dir='ltr'>Christi</span> <span class='ocrx_word' id='word_1_331' title='bbox 1724 537 1773 578; x_wconf 90' lang='lat' dir='ltr'>ac-</span> 
     </span>
    </p>
   </div>
   <div class='ocr_carea' id='block_1_11' title="bbox 972 606 1771 753">
    <p class='ocr_par' dir='ltr' id='par_1_11' title="bbox 972 606 1771 753">
     <span class='ocr_line' id='line_1_49' title="bbox 972 606 1771 682; baseline 0.003 -19"><span class='ocrx_word' id='word_1_332' title='bbox 972 606 1077 677; x_wconf 91' lang='lat' dir='ltr'>cipiunt</span> <span class='ocrx_word' id='word_1_333' title='bbox 1091 610 1136 682; x_wconf 91' lang='lat' dir='ltr'>qui</span> <span class='ocrx_word' id='word_1_334' title='bbox 1152 611 1204 668; x_wconf 92' lang='lat' dir='ltr'>hoc</span> <span class='ocrx_word' id='word_1_335' title='bbox 1218 611 1300 669; x_wconf 93' lang='lat' dir='ltr'>modo</span> <span class='ocrx_word' id='word_1_336' title='bbox 1320 610 1348 665; x_wconf 92' lang='lat' dir='ltr'>in</span> <span class='ocrx_word' id='word_1_337' title='bbox 1372 610 1428 667; x_wconf 83' lang='lat' dir='ltr'>rita</span> <span class='ocrx_word' id='word_1_338' title='bbox 1445 610 1574 667; x_wconf 85' lang='lat' dir='ltr'>charitate</span> <span class='ocrx_word' id='word_1_339' title='bbox 1595 609 1704 667; x_wconf 89' lang='lat' dir='ltr'>Christo</span> <span class='ocrx_word' id='word_1_340' title='bbox 1727 610 1771 667; x_wconf 87' lang='lat' dir='ltr'>vi·</span> 
     </span>
     <span class='ocr_line' id='line_1_50' title="bbox 974 703 1054 753; baseline 0.025 -2"><span class='ocrx_word' id='word_1_341' title='bbox 974 703 1054 753; x_wconf 80' lang='lat' dir='ltr'>tunt.</span> 
     </span>
    </p>
   </div>
   <div class='ocr_carea' id='block_1_12' title="bbox 975 863 1774 1033">
    <p class='ocr_par' dir='ltr' id='par_1_12' title="bbox 975 863 1774 1033">
     <span class='ocr_line' id='line_1_51' title="bbox 975 863 1774 943; baseline 0.006 -22"><span class='ocrx_word' id='word_1_342' title='bbox 975 863 1042 921; x_wconf 79' lang='lat' dir='ltr'>Cle.</span> <span class='ocrx_word' id='word_1_343' title='bbox 1053 866 1111 921; x_wconf 84' lang='lat' dir='ltr'>Vll.</span> <span class='ocrx_word' id='word_1_344' title='bbox 1123 866 1448 943; x_wconf 74' lang='lat' dir='ltr'>Qeudmelinenrorpes</span> <span class='ocrx_word' id='word_1_345' title='bbox 1459 869 1621 928; x_wconf 83' lang='lat' dir='ltr'>Christircd</span> <span class='ocrx_word' id='word_1_346' title='bbox 1629 870 1774 943; x_wconf 80' lang='lat' dir='ltr'>judiciem</span> 
     </span>
     <span class='ocr_line' id='line_1_52' title="bbox 1075 959 1667 1033; baseline 0.01 -22"><span class='ocrx_word' id='word_1_347' title='bbox 1075 962 1202 1026; x_wconf 80' lang='lat' dir='ltr'>sumeret,</span> <span class='ocrx_word' id='word_1_348' title='bbox 1218 960 1325 1033; x_wconf 80' lang='lat' dir='ltr'>etquid</span> <span class='ocrx_word' id='word_1_349' title='bbox 1338 961 1376 1016; x_wconf 83' lang='lat' dir='ltr'>rit</span> <span class='ocrx_word' id='word_1_350' title='bbox 1385 959 1527 1033; x_wconf 84' lang='lat' dir='ltr'>judicium</span> <span class='ocrx_word' id='word_1_351' title='bbox 1541 976 1667 1019; x_wconf 81' lang='lat' dir='ltr'>sumere.</span> 
     </span>
    </p>
   </div>
   <div class='ocr_carea' id='block_1_13' title="bbox 978 1098 1782 1626">
    <p class='ocr_par' dir='ltr' id='par_1_13' title="bbox 978 1098 1782 1626">
     <span class='ocr_line' id='line_1_53' title="bbox 1014 1098 1775 1173; baseline 0.013 -20"><span class='ocrx_word' id='word_1_352' title='bbox 1014 1098 1069 1163; x_wconf 82' lang='lat' dir='ltr'>Qui</span> <span class='ocrx_word' id='word_1_353' title='bbox 1082 1108 1174 1157; x_wconf 87' lang='lat' dir='ltr'>autern</span> <span class='ocrx_word' id='word_1_354' title='bbox 1199 1102 1226 1157; x_wconf 92' lang='lat' dir='ltr'>in</span> <span class='ocrx_word' id='word_1_355' title='bbox 1248 1100 1367 1173; x_wconf 87' lang='lat' dir='ltr'>peccatis</span> <span class='ocrx_word' id='word_1_356' title='bbox 1391 1104 1489 1161; x_wconf 88' lang='lat' dir='ltr'>mortui</span> <span class='ocrx_word' id='word_1_357' title='bbox 1511 1112 1584 1171; x_wconf 89' lang='lat' dir='ltr'>sunt,</span> <span class='ocrx_word' id='word_1_358' title='bbox 1609 1105 1637 1159; x_wconf 90' lang='lat' dir='ltr'>in</span> <span class='ocrx_word' id='word_1_359' title='bbox 1659 1104 1775 1172; x_wconf 90' lang='lat' dir='ltr'>Christo,</span> 
     </span>
     <span class='ocr_line' id='line_1_54' title="bbox 978 1188 1778 1267; baseline 0.008 -24"><span class='ocrx_word' id='word_1_360' title='bbox 978 1188 1025 1261; x_wconf 90' lang='lat' dir='ltr'>qui</span> <span class='ocrx_word' id='word_1_361' title='bbox 1040 1196 1082 1244; x_wconf 89' lang='lat' dir='ltr'>est</span> <span class='ocrx_word' id='word_1_362' title='bbox 1096 1190 1159 1257; x_wconf 71' lang='lat' dir='ltr'>trita,</span> <span class='ocrx_word' id='word_1_363' title='bbox 1176 1205 1230 1247; x_wconf 93' lang='lat' dir='ltr'>non</span> <span class='ocrx_word' id='word_1_364' title='bbox 1255 1199 1374 1261; x_wconf 87' lang='lat' dir='ltr'>manent,</span> <span class='ocrx_word' id='word_1_365' title='bbox 1391 1192 1439 1249; x_wconf 86' lang='lat' dir='ltr'>sed</span> <span class='ocrx_word' id='word_1_366' title='bbox 1456 1192 1537 1267; x_wconf 78' lang='lat' dir='ltr'>longe</span> <span class='ocrx_word' id='word_1_367' title='bbox 1559 1193 1593 1249; x_wconf 87' lang='lat' dir='ltr'>ab</span> <span class='ocrx_word' id='word_1_368' title='bbox 1607 1210 1640 1250; x_wconf 90' lang='lat' dir='ltr'>eo</span> <span class='ocrx_word' id='word_1_369' title='bbox 1662 1203 1735 1262; x_wconf 89' lang='lat' dir='ltr'>sunt,</span> <span class='ocrx_word' id='word_1_370' title='bbox 1751 1202 1778 1251; x_wconf 91' lang='lat' dir='ltr'>et</span> 
     </span>
     <span class='ocr_line' id='line_1_55' title="bbox 979 1276 1779 1353; baseline 0.009 -21"><span class='ocrx_word' id='word_1_371' title='bbox 979 1276 1041 1333; x_wconf 88' lang='lat' dir='ltr'>ideo</span> <span class='ocrx_word' id='word_1_372' title='bbox 1055 1276 1155 1335; x_wconf 90' lang='lat' dir='ltr'>Christi</span> <span class='ocrx_word' id='word_1_373' title='bbox 1172 1294 1271 1351; x_wconf 88' lang='lat' dir='ltr'>corpus</span> <span class='ocrx_word' id='word_1_374' title='bbox 1287 1296 1341 1337; x_wconf 91' lang='lat' dir='ltr'>non</span> <span class='ocrx_word' id='word_1_375' title='bbox 1360 1290 1479 1351; x_wconf 88' lang='lat' dir='ltr'>sumunt,</span> <span class='ocrx_word' id='word_1_376' title='bbox 1505 1282 1554 1338; x_wconf 90' lang='lat' dir='ltr'>sed</span> <span class='ocrx_word' id='word_1_377' title='bbox 1575 1282 1708 1353; x_wconf 87' lang='lat' dir='ltr'>judicium</span> <span class='ocrx_word' id='word_1_378' title='bbox 1727 1282 1779 1339; x_wconf 89' lang='lat' dir='ltr'>sihi</span> 
     </span>
     <span class='ocr_line' id='line_1_56' title="bbox 980 1366 1780 1429; baseline 0.011 -9"><span class='ocrx_word' id='word_1_379' title='bbox 980 1366 1145 1423; x_wconf 89' lang='lat' dir='ltr'>manducent</span> <span class='ocrx_word' id='word_1_380' title='bbox 1160 1376 1187 1424; x_wconf 91' lang='lat' dir='ltr'>et</span> <span class='ocrx_word' id='word_1_381' title='bbox 1202 1368 1309 1425; x_wconf 88' lang='lat' dir='ltr'>hibunt.</span> <span class='ocrx_word' id='word_1_382' title='bbox 1328 1370 1463 1429; x_wconf 87' lang='lat' dir='ltr'>iudicium</span> <span class='ocrx_word' id='word_1_383' title='bbox 1478 1380 1570 1427; x_wconf 89' lang='lat' dir='ltr'>autern</span> <span class='ocrx_word' id='word_1_384' title='bbox 1584 1371 1611 1428; x_wconf 93' lang='lat' dir='ltr'>in</span> <span class='ocrx_word' id='word_1_385' title='bbox 1626 1372 1678 1429; x_wconf 88' lang='lat' dir='ltr'>lroe</span> <span class='ocrx_word' id='word_1_386' title='bbox 1688 1388 1780 1429; x_wconf 87' lang='lat' dir='ltr'>sacra-</span> 
     </span>
     <span class='ocr_line' id='line_1_57' title="bbox 980 1456 1780 1535; baseline 0.01 -26"><span class='ocrx_word' id='word_1_387' title='bbox 980 1462 1074 1512; x_wconf 89' lang='lat' dir='ltr'>mento</span> <span class='ocrx_word' id='word_1_388' title='bbox 1089 1456 1180 1525; x_wconf 88' lang='lat' dir='ltr'>sumit,</span> <span class='ocrx_word' id='word_1_389' title='bbox 1197 1456 1240 1515; x_wconf 90' lang='lat' dir='ltr'>cui</span> <span class='ocrx_word' id='word_1_390' title='bbox 1259 1459 1394 1515; x_wconf 88' lang='lat' dir='ltr'>criminali</span> <span class='ocrx_word' id='word_1_391' title='bbox 1411 1459 1513 1535; x_wconf 75' lang='lat' dir='ltr'>tlegitio</span> <span class='ocrx_word' id='word_1_392' title='bbox 1539 1460 1702 1532; x_wconf 81' lang='lat' dir='ltr'>implicatus,</span> <span class='ocrx_word' id='word_1_393' title='bbox 1718 1470 1780 1519; x_wconf 91' lang='lat' dir='ltr'>ante</span> 
     </span>
     <span class='ocr_line' id='line_1_58' title="bbox 981 1542 1782 1626; baseline 0.007 -25"><span class='ocrx_word' id='word_1_394' title='bbox 981 1542 1183 1602; x_wconf 79' lang='lat' dir='ltr'>confessionem</span> <span class='ocrx_word' id='word_1_395' title='bbox 1197 1553 1227 1603; x_wconf 91' lang='lat' dir='ltr'>et</span> <span class='ocrx_word' id='word_1_396' title='bbox 1246 1546 1434 1621; x_wconf 79' lang='lat' dir='ltr'>poenitentiam</span> <span class='ocrx_word' id='word_1_397' title='bbox 1457 1548 1529 1606; x_wconf 91' lang='lat' dir='ltr'>hunc</span> <span class='ocrx_word' id='word_1_398' title='bbox 1552 1549 1643 1607; x_wconf 89' lang='lat' dir='ltr'>cibum</span> <span class='ocrx_word' id='word_1_399' title='bbox 1664 1550 1782 1626; x_wconf 80' lang='lat' dir='ltr'>angelo-</span> 
     </span>
    </p>
   </div>
   <div class='ocr_carea' id='block_1_14' title="bbox 977 1633 1875 2247">
    <p class='ocr_par' dir='ltr' id='par_1_14' title="bbox 977 1633 1875 2247">
     <span class='ocr_line' id='line_1_59' title="bbox 982 1633 1780 1713; baseline 0.01 -26"><span class='ocrx_word' id='word_1_400' title='bbox 982 1650 1044 1689; x_wconf 89' lang='lat' dir='ltr'>rum</span> <span class='ocrx_word' id='word_1_401' title='bbox 1058 1633 1139 1691; x_wconf 88' lang='lat' dir='ltr'>edere</span> <span class='ocrx_word' id='word_1_402' title='bbox 1154 1635 1305 1707; x_wconf 81' lang='lat' dir='ltr'>praesurnit,</span> <span class='ocrx_word' id='word_1_403' title='bbox 1323 1638 1396 1711; x_wconf 88' lang='lat' dir='ltr'>quia,</span> <span class='ocrx_word' id='word_1_404' title='bbox 1408 1636 1477 1694; x_wconf 89' lang='lat' dir='ltr'>sicut</span> <span class='ocrx_word' id='word_1_405' title='bbox 1491 1638 1543 1704; x_wconf 91' lang='lat' dir='ltr'>his,</span> <span class='ocrx_word' id='word_1_406' title='bbox 1561 1639 1607 1713; x_wconf 88' lang='lat' dir='ltr'>qui</span> <span class='ocrx_word' id='word_1_407' title='bbox 1617 1656 1681 1697; x_wconf 90' lang='lat' dir='ltr'>reus</span> <span class='ocrx_word' id='word_1_408' title='bbox 1692 1639 1780 1697; x_wconf 84' lang='lat' dir='ltr'>ludici</span> 
     </span>
     <span class='ocr_line' id='line_1_60' title="bbox 978 1722 1782 1794; baseline 0.009 -16"><span class='ocrx_word' id='word_1_409' title='bbox 978 1722 1123 1779; x_wconf 89' lang='lat' dir='ltr'>adducitur</span> <span class='ocrx_word' id='word_1_410' title='bbox 1137 1731 1165 1781; x_wconf 89' lang='lat' dir='ltr'>et</span> <span class='ocrx_word' id='word_1_411' title='bbox 1178 1724 1214 1782; x_wconf 91' lang='lat' dir='ltr'>ab</span> <span class='ocrx_word' id='word_1_412' title='bbox 1229 1740 1263 1781; x_wconf 87' lang='lat' dir='ltr'>eo</span> <span class='ocrx_word' id='word_1_413' title='bbox 1278 1724 1340 1783; x_wconf 81' lang='lat' dir='ltr'>ritoe</span> <span class='ocrx_word' id='word_1_414' title='bbox 1364 1726 1522 1783; x_wconf 87' lang='lat' dir='ltr'>subtractus</span> <span class='ocrx_word' id='word_1_415' title='bbox 1543 1727 1626 1783; x_wconf 90' lang='lat' dir='ltr'>morti</span> <span class='ocrx_word' id='word_1_416' title='bbox 1638 1728 1782 1794; x_wconf 85' lang='lat' dir='ltr'>addicitur,</span> 
     </span>
     <span class='ocr_line' id='line_1_61' title="bbox 977 1810 1782 1887; baseline 0.01 -22"><span class='ocrx_word' id='word_1_417' title='bbox 977 1810 1017 1869; x_wconf 91' lang='lat' dir='ltr'>sic</span> <span class='ocrx_word' id='word_1_418' title='bbox 1031 1810 1158 1869; x_wconf 88' lang='lat' dir='ltr'>nimirum</span> <span class='ocrx_word' id='word_1_419' title='bbox 1174 1813 1219 1887; x_wconf 90' lang='lat' dir='ltr'>qui</span> <span class='ocrx_word' id='word_1_420' title='bbox 1234 1814 1340 1887; x_wconf 80' lang='lat' dir='ltr'>polluta</span> <span class='ocrx_word' id='word_1_421' title='bbox 1363 1822 1456 1873; x_wconf 86' lang='lat' dir='ltr'>mente</span> <span class='ocrx_word' id='word_1_422' title='bbox 1475 1823 1502 1871; x_wconf 85' lang='lat' dir='ltr'>et</span> <span class='ocrx_word' id='word_1_423' title='bbox 1521 1816 1692 1873; x_wconf 85' lang='lat' dir='ltr'>conscientie</span> <span class='ocrx_word' id='word_1_424' title='bbox 1711 1816 1782 1875; x_wconf 87' lang='lat' dir='ltr'>viri-</span> 
     </span>
     <span class='ocr_line' id='line_1_62' title="bbox 978 1894 1783 1975; baseline 0.007 -24"><span class='ocrx_word' id='word_1_425' title='bbox 978 1894 1038 1951; x_wconf 86' lang='lat' dir='ltr'>lieis</span> <span class='ocrx_word' id='word_1_426' title='bbox 1053 1898 1232 1955; x_wconf 86' lang='lat' dir='ltr'>sacrementis</span> <span class='ocrx_word' id='word_1_427' title='bbox 1247 1914 1280 1955; x_wconf 87' lang='lat' dir='ltr'>aa</span> <span class='ocrx_word' id='word_1_428' title='bbox 1294 1899 1424 1973; x_wconf 76' lang='lat' dir='ltr'>indignus</span> <span class='ocrx_word' id='word_1_429' title='bbox 1439 1909 1541 1957; x_wconf 90' lang='lat' dir='ltr'>lemare</span> <span class='ocrx_word' id='word_1_430' title='bbox 1556 1900 1668 1975; x_wconf 82' lang='lat' dir='ltr'>ingerit,</span> <span class='ocrx_word' id='word_1_431' title='bbox 1682 1901 1783 1972; x_wconf 86' lang='lat' dir='ltr'>judicis</span> 
     </span>
     <span class='ocr_line' id='line_1_63' title="bbox 979 1984 1785 2062; baseline 0.006 -22"><span class='ocrx_word' id='word_1_432' title='bbox 979 1984 1080 2041; x_wconf 90' lang='lat' dir='ltr'>Christi</span> <span class='ocrx_word' id='word_1_433' title='bbox 1096 1984 1230 2043; x_wconf 82' lang='lat' dir='ltr'>offensam</span> <span class='ocrx_word' id='word_1_434' title='bbox 1246 1987 1372 2054; x_wconf 90' lang='lat' dir='ltr'>incurrit,</span> <span class='ocrx_word' id='word_1_435' title='bbox 1387 1996 1414 2045; x_wconf 90' lang='lat' dir='ltr'>et</span> <span class='ocrx_word' id='word_1_436' title='bbox 1429 1990 1513 2045; x_wconf 87' lang='lat' dir='ltr'>erite</span> <span class='ocrx_word' id='word_1_437' title='bbox 1527 1992 1557 2045; x_wconf 91' lang='lat' dir='ltr'>ut</span> <span class='ocrx_word' id='word_1_438' title='bbox 1582 2006 1646 2047; x_wconf 88' lang='lat' dir='ltr'>reus</span> <span class='ocrx_word' id='word_1_439' title='bbox 1670 1990 1785 2062; x_wconf 86' lang='lat' dir='ltr'>projici-</span> 
     </span>
     <span class='ocr_line' id='line_1_64' title="bbox 979 2070 1787 2149; baseline 0.007 -20"><span class='ocrx_word' id='word_1_440' title='bbox 979 2087 1032 2145; x_wconf 79' lang='lat' dir='ltr'>tur,</span> <span class='ocrx_word' id='word_1_441' title='bbox 1047 2085 1075 2131; x_wconf 90' lang='lat' dir='ltr'>et</span> <span class='ocrx_word' id='word_1_442' title='bbox 1088 2074 1200 2133; x_wconf 89' lang='lat' dir='ltr'>diaholo</span> <span class='ocrx_word' id='word_1_443' title='bbox 1215 2085 1244 2133; x_wconf 95' lang='lat' dir='ltr'>ut</span> <span class='ocrx_word' id='word_1_444' title='bbox 1267 2076 1353 2133; x_wconf 88' lang='lat' dir='ltr'>iudas</span> <span class='ocrx_word' id='word_1_445' title='bbox 1379 2077 1407 2133; x_wconf 92' lang='lat' dir='ltr'>in</span> <span class='ocrx_word' id='word_1_446' title='bbox 1429 2084 1590 2149; x_wconf 90' lang='lat' dir='ltr'>potestatem</span> <span class='ocrx_word' id='word_1_447' title='bbox 1614 2070 1743 2147; x_wconf 69' lang='lat' dir='ltr'>t&#39;reditur,</span> <span class='ocrx_word' id='word_1_448' title='bbox 1757 2086 1787 2135; x_wconf 91' lang='lat' dir='ltr'>ut</span> 
     </span>
     <span class='ocr_line' id='line_1_65' title="bbox 979 2164 1875 2247; baseline 0.007 -29"><span class='ocrx_word' id='word_1_449' title='bbox 979 2164 1040 2233; x_wconf 77' lang='lat' dir='ltr'>ejus</span> <span class='ocrx_word' id='word_1_450' title='bbox 1054 2164 1205 2237; x_wconf 77' lang='lat' dir='ltr'>agitatione</span> <span class='ocrx_word' id='word_1_451' title='bbox 1220 2180 1302 2223; x_wconf 90' lang='lat' dir='ltr'>omne</span> <span class='ocrx_word' id='word_1_452' title='bbox 1317 2166 1341 2222; x_wconf 93' lang='lat' dir='ltr'>ei</span> <span class='ocrx_word' id='word_1_453' title='bbox 1357 2166 1459 2223; x_wconf 89' lang='lat' dir='ltr'>honum</span> <span class='ocrx_word' id='word_1_454' title='bbox 1481 2167 1616 2223; x_wconf 87' lang='lat' dir='ltr'>inedium</span> <span class='ocrx_word' id='word_1_455' title='bbox 1637 2168 1741 2237; x_wconf 85' lang='lat' dir='ltr'>veniet,</span> <span class='ocrx_word' id='word_1_456' title='bbox 1759 2176 1786 2225; x_wconf 88' lang='lat' dir='ltr'>et</span> <span class='ocrx_word' id='word_1_457' title='bbox 1872 2239 1875 2247; x_wconf 29' lang='grc' dir='ltr'><strong><em>Ι</em></strong></span> 
     </span>
    </p>
   </div>
   <div class='ocr_carea' id='block_1_15' title="bbox 976 2253 1786 2332">
    <p class='ocr_par' dir='ltr' id='par_1_15' title="bbox 976 2253 1786 2332">
     <span class='ocr_line' id='line_1_66' title="bbox 976 2253 1786 2332; baseline 0.009 -25"><span class='ocrx_word' id='word_1_458' title='bbox 976 2253 1179 2332; x_wconf 80' lang='lat' dir='ltr'>justoJudieio,</span> <span class='ocrx_word' id='word_1_459' title='bbox 1196 2255 1279 2313; x_wconf 89' lang='lat' dir='ltr'>corda</span> <span class='ocrx_word' id='word_1_460' title='bbox 1300 2254 1428 2312; x_wconf 90' lang='lat' dir='ltr'>indurato</span> <span class='ocrx_word' id='word_1_461' title='bbox 1451 2262 1478 2313; x_wconf 90' lang='lat' dir='ltr'>et</span> <span class='ocrx_word' id='word_1_462' title='bbox 1502 2256 1690 2328; x_wconf 86' lang='lat' dir='ltr'>impoenitente</span> <span class='ocrx_word' id='word_1_463' title='bbox 1711 2260 1786 2314; x_wconf 88' lang='lat' dir='ltr'>melo</span> 
     </span>
    </p>
   </div>
   <div class='ocr_carea' id='block_1_16' title="bbox 980 2342 1792 3040">
    <p class='ocr_par' dir='ltr' id='par_1_16' title="bbox 980 2342 1792 3040">
     <span class='ocr_line' id='line_1_67' title="bbox 980 2342 1784 2418; baseline 0.007 -21"><span class='ocrx_word' id='word_1_464' title='bbox 980 2342 1083 2399; x_wconf 85' lang='lat' dir='ltr'>malum</span> <span class='ocrx_word' id='word_1_465' title='bbox 1096 2352 1300 2418; x_wconf 62' lang='lat' dir='ltr'>superaugean</span> <span class='ocrx_word' id='word_1_466' title='bbox 1323 2353 1352 2401; x_wconf 92' lang='lat' dir='ltr'>ut</span> <span class='ocrx_word' id='word_1_467' title='bbox 1367 2344 1487 2403; x_wconf 80' lang='lat' dir='ltr'>furiosus</span> <span class='ocrx_word' id='word_1_468' title='bbox 1501 2346 1599 2403; x_wconf 85' lang='lat' dir='ltr'>camini</span> <span class='ocrx_word' id='word_1_469' title='bbox 1624 2346 1784 2404; x_wconf 90' lang='lat' dir='ltr'>incendium</span> 
     </span>
     <span class='ocr_line' id='line_1_68' title="bbox 981 2431 1787 2509; baseline 0.005 -22"><span class='ocrx_word' id='word_1_470' title='bbox 981 2431 1017 2487; x_wconf 89' lang='lat' dir='ltr'>ad</span> <span class='ocrx_word' id='word_1_471' title='bbox 1032 2431 1153 2505; x_wconf 72' lang='lat' dir='ltr'>seipsum</span> <span class='ocrx_word' id='word_1_472' title='bbox 1174 2433 1344 2490; x_wconf 84' lang='lat' dir='ltr'>exurendum</span> <span class='ocrx_word' id='word_1_473' title='bbox 1364 2432 1453 2509; x_wconf 73' lang='lat' dir='ltr'>magis</span> <span class='ocrx_word' id='word_1_474' title='bbox 1476 2450 1508 2491; x_wconf 88' lang='lat' dir='ltr'>ec</span> <span class='ocrx_word' id='word_1_475' title='bbox 1535 2434 1624 2509; x_wconf 74' lang='lat' dir='ltr'>magis</span> <span class='ocrx_word' id='word_1_476' title='bbox 1647 2435 1787 2493; x_wconf 88' lang='lat' dir='ltr'>incendet.</span> 
     </span>
     <span class='ocr_line' id='line_1_69' title="bbox 982 2520 1789 2591; baseline 0.009 -16"><span class='ocrx_word' id='word_1_477' title='bbox 982 2520 1062 2577; x_wconf 85' lang='lat' dir='ltr'>Unde</span> <span class='ocrx_word' id='word_1_478' title='bbox 1075 2536 1136 2577; x_wconf 87' lang='lat' dir='ltr'>curn</span> <span class='ocrx_word' id='word_1_479' title='bbox 1158 2520 1260 2578; x_wconf 87' lang='lat' dir='ltr'>talibus</span> <span class='ocrx_word' id='word_1_480' title='bbox 1283 2522 1416 2578; x_wconf 86' lang='lat' dir='ltr'>Dominus</span> <span class='ocrx_word' id='word_1_481' title='bbox 1439 2522 1545 2579; x_wconf 89' lang='lat' dir='ltr'>diceret</span> <span class='ocrx_word' id='word_1_482' title='bbox 1562 2538 1568 2578; x_wconf 92' lang='lat'>:</span> <span class='ocrx_word' id='word_1_483' title='bbox 1588 2524 1689 2591; x_wconf 79' lang='lat' dir='ltr'>Amen,</span> <span class='ocrx_word' id='word_1_484' title='bbox 1704 2540 1789 2582; x_wconf 83' lang='lat' dir='ltr'>omen</span> 
     </span>
     <span class='ocr_line' id='line_1_70' title="bbox 980 2609 1787 2682; baseline 0.004 -16"><span class='ocrx_word' id='word_1_485' title='bbox 980 2609 1136 2675; x_wconf 59' lang='lat' dir='ltr'>decurio,</span> <span class='ocrx_word' id='word_1_486' title='bbox 1147 2612 1204 2667; x_wconf 82' lang='lat' dir='ltr'>ntrt</span> <span class='ocrx_word' id='word_1_487' title='bbox 1212 2611 1454 2682; x_wconf 78' lang='lat' dir='ltr'>manducaveritis</span> <span class='ocrx_word' id='word_1_488' title='bbox 1468 2626 1586 2668; x_wconf 73' lang='lat' dir='ltr'>centem</span> <span class='ocrx_word' id='word_1_489' title='bbox 1607 2613 1674 2669; x_wconf 81' lang='lat' dir='ltr'>Filii</span> <span class='ocrx_word' id='word_1_490' title='bbox 1692 2614 1787 2671; x_wconf 83' lang='lat' dir='ltr'>homi·</span> 
     </span>
     <span class='ocr_line' id='line_1_71' title="bbox 981 2698 1785 2772; baseline 0.006 -18"><span class='ocrx_word' id='word_1_491' title='bbox 981 2698 1785 2772; x_wconf 76' lang='lat' dir='ltr'>nir,etliherltirejucrsopnlncm,nonhabebiticuitem</span> 
     </span>
     <span class='ocr_line' id='line_1_72' title="bbox 981 2774 1790 2863; baseline 0.005 -20"><span class='ocrx_word' id='word_1_492' title='bbox 981 2789 1015 2844; x_wconf 84' lang='lat' dir='ltr'>irs</span> <span class='ocrx_word' id='word_1_493' title='bbox 1027 2788 1102 2845; x_wconf 77' lang='lat' dir='ltr'>uotis</span> <span class='ocrx_word' id='word_1_494' title='bbox 1111 2788 1207 2861; x_wconf 71' lang='lat' dir='ltr'>(donn.</span> <span class='ocrx_word' id='word_1_495' title='bbox 1220 2804 1251 2844; x_wconf 86' lang='lat' dir='ltr'>vr</span> <span class='ocrx_word' id='word_1_496' title='bbox 1262 2830 1270 2859; x_wconf 90' lang='lat'>,</span> <span class='ocrx_word' id='word_1_497' title='bbox 1281 2798 1443 2861; x_wconf 83' lang='lat' dir='ltr'>partescum</span> <span class='ocrx_word' id='word_1_498' title='bbox 1454 2790 1489 2845; x_wconf 90' lang='lat' dir='ltr'>ds</span> <span class='ocrx_word' id='word_1_499' title='bbox 1500 2804 1584 2847; x_wconf 89' lang='lat' dir='ltr'>carne</span> <span class='ocrx_word' id='word_1_500' title='bbox 1594 2806 1645 2847; x_wconf 90' lang='lat' dir='ltr'>sue</span> <span class='ocrx_word' id='word_1_501' title='bbox 1656 2774 1790 2863; x_wconf 65' lang='lat' dir='ltr'>preciso?</span> 
     </span>
     <span class='ocr_line' id='line_1_73' title="bbox 983 2877 1789 2954; baseline 0.009 -23"><span class='ocrx_word' id='word_1_502' title='bbox 983 2893 1046 2933; x_wconf 91' lang='lat' dir='ltr'>rum</span> <span class='ocrx_word' id='word_1_503' title='bbox 1061 2885 1088 2934; x_wconf 90' lang='lat' dir='ltr'>et</span> <span class='ocrx_word' id='word_1_504' title='bbox 1102 2878 1143 2934; x_wconf 86' lang='lat' dir='ltr'>eis</span> <span class='ocrx_word' id='word_1_505' title='bbox 1163 2877 1343 2950; x_wconf 79' lang='lat' dir='ltr'>praebiturum</span> <span class='ocrx_word' id='word_1_506' title='bbox 1365 2878 1552 2950; x_wconf 72' lang='lat' dir='ltr'>estimabant,</span> <span class='ocrx_word' id='word_1_507' title='bbox 1572 2886 1658 2954; x_wconf 83' lang='lat' dir='ltr'>etque</span> <span class='ocrx_word' id='word_1_508' title='bbox 1674 2898 1684 2938; x_wconf 89' lang='lat'><em>:</em></span> <span class='ocrx_word' id='word_1_509' title='bbox 1698 2880 1789 2939; x_wconf 81' lang='lat' dir='ltr'>derce</span> 
     </span>
     <span class='ocr_line' id='line_1_74' title="bbox 982 2966 1792 3040; baseline 0.002 -17"><span class='ocrx_word' id='word_1_510' title='bbox 982 2969 1027 3023; x_wconf 82' lang='lat' dir='ltr'>cst</span> <span class='ocrx_word' id='word_1_511' title='bbox 1045 2966 1091 3023; x_wconf 84' lang='lat' dir='ltr'>hic</span> <span class='ocrx_word' id='word_1_512' title='bbox 1106 2982 1198 3025; x_wconf 78' lang='lat' dir='ltr'>sermo</span> <span class='ocrx_word' id='word_1_513' title='bbox 1212 2967 1305 3040; x_wconf 81' lang='lat' dir='ltr'>(idid.)</span> <span class='ocrx_word' id='word_1_514' title='bbox 1315 2968 1531 3040; x_wconf 78' lang='lat' dir='ltr'>respondemur.</span> <span class='ocrx_word' id='word_1_515' title='bbox 1545 2966 1616 3038; x_wconf 85' lang='lat' dir='ltr'>Quia</span> <span class='ocrx_word' id='word_1_516' title='bbox 1626 2968 1699 3025; x_wconf 89' lang='lat' dir='ltr'>enirn</span> <span class='ocrx_word' id='word_1_517' title='bbox 1714 2968 1792 3025; x_wconf 86' lang='lat' dir='ltr'>meli-</span> 
     </span>
    </p>
   </div>
   <div class='ocr_carea' id='block_1_17' title="bbox 945 3054 1793 3129">
    <p class='ocr_par' dir='ltr' id='par_1_17' title="bbox 945 3054 1793 3129">
     <span class='ocr_line' id='line_1_75' title="bbox 945 3054 1793 3129; baseline 0.007 -20"><span class='ocrx_word' id='word_1_518' title='bbox 945 3055 1024 3119; x_wconf 83' lang='lat' dir='ltr'>ctia</span> <span class='ocrx_word' id='word_1_519' title='bbox 1037 3054 1155 3112; x_wconf 89' lang='lat' dir='ltr'>indurati</span> <span class='ocrx_word' id='word_1_520' title='bbox 1182 3056 1210 3111; x_wconf 92' lang='lat' dir='ltr'>in</span> <span class='ocrx_word' id='word_1_521' title='bbox 1234 3057 1355 3128; x_wconf 85' lang='lat' dir='ltr'>peccatis</span> <span class='ocrx_word' id='word_1_522' title='bbox 1377 3056 1479 3115; x_wconf 90' lang='lat' dir='ltr'>mortui</span> <span class='ocrx_word' id='word_1_523' title='bbox 1501 3066 1591 3129; x_wconf 87' lang='lat' dir='ltr'>erant,</span> <span class='ocrx_word' id='word_1_524' title='bbox 1616 3058 1681 3115; x_wconf 77' lang='lat' dir='ltr'>vitm</span> <span class='ocrx_word' id='word_1_525' title='bbox 1705 3058 1793 3115; x_wconf 80' lang='lat' dir='ltr'>rerba</span> 
     </span>
    </p>
   </div>
   <div class='ocr_carea' id='block_1_18' title="bbox 990 3143 1814 3757">
    <p class='ocr_par' dir='ltr' id='par_1_18' title="bbox 990 3143 1814 3757">
     <span class='ocr_line' id='line_1_76' title="bbox 990 3143 1791 3219; baseline 0.007 -20"><span class='ocrx_word' id='word_1_526' title='bbox 990 3159 1045 3201; x_wconf 90' lang='lat' dir='ltr'>non</span> <span class='ocrx_word' id='word_1_527' title='bbox 1060 3143 1189 3211; x_wconf 80' lang='lat' dir='ltr'>ferentes,</span> <span class='ocrx_word' id='word_1_528' title='bbox 1202 3160 1263 3203; x_wconf 86' lang='lat' dir='ltr'>mcx</span> <span class='ocrx_word' id='word_1_529' title='bbox 1278 3161 1295 3201; x_wconf 92' lang='lat' dir='ltr'>a</span> <span class='ocrx_word' id='word_1_530' title='bbox 1310 3146 1369 3203; x_wconf 87' lang='lat' dir='ltr'>vita</span> <span class='ocrx_word' id='word_1_531' title='bbox 1381 3147 1464 3203; x_wconf 87' lang='lat' dir='ltr'>etiam</span> <span class='ocrx_word' id='word_1_532' title='bbox 1474 3162 1593 3219; x_wconf 87' lang='lat' dir='ltr'>corpore</span> <span class='ocrx_word' id='word_1_533' title='bbox 1606 3156 1791 3205; x_wconf 85' lang='lat' dir='ltr'>recesserant.</span> 
     </span>
     <span class='ocr_line' id='line_1_77' title="bbox 993 3233 1793 3309; baseline 0.006 -22"><span class='ocrx_word' id='word_1_534' title='bbox 993 3233 1054 3304; x_wconf 86' lang='lat' dir='ltr'>lpse</span> <span class='ocrx_word' id='word_1_535' title='bbox 1067 3240 1158 3289; x_wconf 88' lang='lat' dir='ltr'>autern</span> <span class='ocrx_word' id='word_1_536' title='bbox 1173 3249 1265 3291; x_wconf 90' lang='lat' dir='ltr'>secum</span> <span class='ocrx_word' id='word_1_537' title='bbox 1280 3236 1357 3307; x_wconf 88' lang='lat' dir='ltr'>quasi</span> <span class='ocrx_word' id='word_1_538' title='bbox 1373 3236 1449 3293; x_wconf 86' lang='lat' dir='ltr'>aenis</span> <span class='ocrx_word' id='word_1_539' title='bbox 1463 3235 1595 3293; x_wconf 88' lang='lat' dir='ltr'>membris</span> <span class='ocrx_word' id='word_1_540' title='bbox 1611 3236 1638 3291; x_wconf 91' lang='lat' dir='ltr'>in</span> <span class='ocrx_word' id='word_1_541' title='bbox 1659 3236 1715 3294; x_wconf 86' lang='lat' dir='ltr'>vita</span> <span class='ocrx_word' id='word_1_542' title='bbox 1730 3252 1793 3309; x_wconf 92' lang='lat' dir='ltr'>per·</span> 
     </span>
     <span class='ocr_line' id='line_1_78' title="bbox 993 3322 1796 3399; baseline 0.01 -21"><span class='ocrx_word' id='word_1_543' title='bbox 993 3322 1166 3379; x_wconf 88' lang='lat' dir='ltr'>manentibus</span> <span class='ocrx_word' id='word_1_544' title='bbox 1177 3322 1216 3379; x_wconf 89' lang='lat' dir='ltr'>ait</span> <span class='ocrx_word' id='word_1_545' title='bbox 1232 3340 1238 3379; x_wconf 91' lang='lat'>:</span> <span class='ocrx_word' id='word_1_546' title='bbox 1256 3323 1381 3397; x_wconf 80' lang='lat' dir='ltr'>Spiritus</span> <span class='ocrx_word' id='word_1_547' title='bbox 1388 3328 1440 3393; x_wconf 85' lang='lat' dir='ltr'>erl,</span> <span class='ocrx_word' id='word_1_548' title='bbox 1451 3326 1500 3399; x_wconf 80' lang='lat' dir='ltr'>qui</span> <span class='ocrx_word' id='word_1_549' title='bbox 1514 3326 1648 3397; x_wconf 72' lang='lat' dir='ltr'>vivificet,</span> <span class='ocrx_word' id='word_1_550' title='bbox 1669 3342 1796 3385; x_wconf 81' lang='lat' dir='ltr'>ceredu-</span> 
     </span>
     <span class='ocr_line' id='line_1_79' title="bbox 996 3412 1814 3489; baseline 0.002 -20"><span class='ocrx_word' id='word_1_551' title='bbox 996 3416 1052 3469; x_wconf 73' lang='lat' dir='ltr'>tem</span> <span class='ocrx_word' id='word_1_552' title='bbox 1067 3412 1142 3469; x_wconf 82' lang='lat' dir='ltr'>nihii</span> <span class='ocrx_word' id='word_1_553' title='bbox 1156 3412 1270 3485; x_wconf 83' lang='lat' dir='ltr'>prodest</span> <span class='ocrx_word' id='word_1_554' title='bbox 1285 3415 1393 3487; x_wconf 78' lang='lat' dir='ltr'>(idid).</span> <span class='ocrx_word' id='word_1_555' title='bbox 1406 3416 1449 3471; x_wconf 79' lang='lat' dir='ltr'>Ac</span> <span class='ocrx_word' id='word_1_556' title='bbox 1462 3416 1487 3471; x_wconf 90' lang='lat' dir='ltr'>si</span> <span class='ocrx_word' id='word_1_557' title='bbox 1502 3414 1606 3472; x_wconf 88' lang='lat' dir='ltr'>diceret</span> <span class='ocrx_word' id='word_1_558' title='bbox 1617 3414 1733 3489; x_wconf 89' lang='lat' dir='ltr'>Spiritus</span> <span class='ocrx_word' id='word_1_559' title='bbox 1748 3414 1814 3489; x_wconf 93' lang='lat' dir='ltr'>qui·</span> 
     </span>
     <span class='ocr_line' id='line_1_80' title="bbox 996 3500 1795 3577; baseline 0.009 -22"><span class='ocrx_word' id='word_1_560' title='bbox 996 3500 1023 3555; x_wconf 91' lang='lat' dir='ltr'>in</span> <span class='ocrx_word' id='word_1_561' title='bbox 1038 3502 1090 3558; x_wconf 92' lang='lat' dir='ltr'>hoc</span> <span class='ocrx_word' id='word_1_562' title='bbox 1105 3502 1217 3573; x_wconf 86' lang='lat' dir='ltr'>spiritali</span> <span class='ocrx_word' id='word_1_563' title='bbox 1228 3504 1289 3560; x_wconf 91' lang='lat' dir='ltr'>eihe</span> <span class='ocrx_word' id='word_1_564' title='bbox 1302 3504 1461 3577; x_wconf 89' lang='lat' dir='ltr'>percipitur,</span> <span class='ocrx_word' id='word_1_565' title='bbox 1474 3504 1580 3561; x_wconf 86' lang='lat' dir='ltr'>animas</span> <span class='ocrx_word' id='word_1_566' title='bbox 1592 3505 1721 3575; x_wconf 81' lang='lat' dir='ltr'>vivificet,</span> <span class='ocrx_word' id='word_1_567' title='bbox 1731 3521 1795 3563; x_wconf 88' lang='lat' dir='ltr'>earo</span> 
     </span>
     <span class='ocr_line' id='line_1_81' title="bbox 994 3593 1796 3665; baseline 0.01 -20"><span class='ocrx_word' id='word_1_568' title='bbox 994 3598 1096 3660; x_wconf 80' lang='lat' dir='ltr'>autem,</span> <span class='ocrx_word' id='word_1_569' title='bbox 1114 3598 1145 3647; x_wconf 92' lang='lat' dir='ltr'>ut</span> <span class='ocrx_word' id='word_1_570' title='bbox 1159 3606 1209 3647; x_wconf 84' lang='lat' dir='ltr'>ros</span> <span class='ocrx_word' id='word_1_571' title='bbox 1223 3593 1376 3661; x_wconf 76' lang='lat' dir='ltr'>aestimatis,</span> <span class='ocrx_word' id='word_1_572' title='bbox 1393 3594 1507 3665; x_wconf 73' lang='lat' dir='ltr'>precisa</span> <span class='ocrx_word' id='word_1_573' title='bbox 1520 3594 1564 3651; x_wconf 86' lang='lat' dir='ltr'>rel</span> <span class='ocrx_word' id='word_1_574' title='bbox 1584 3594 1730 3652; x_wconf 84' lang='lat' dir='ltr'>carnaliter</span> <span class='ocrx_word' id='word_1_575' title='bbox 1745 3610 1796 3653; x_wconf 91' lang='lat' dir='ltr'>co-</span> 
     </span>
     <span class='ocr_line' id='line_1_82' title="bbox 998 3678 1797 3757; baseline 0.008 -22"><span class='ocrx_word' id='word_1_576' title='bbox 998 3687 1086 3735; x_wconf 86' lang='lat' dir='ltr'>mesta</span> <span class='ocrx_word' id='word_1_577' title='bbox 1100 3678 1166 3735; x_wconf 89' lang='lat' dir='ltr'>nihil</span> <span class='ocrx_word' id='word_1_578' title='bbox 1182 3680 1217 3735; x_wconf 89' lang='lat' dir='ltr'>ad</span> <span class='ocrx_word' id='word_1_579' title='bbox 1231 3680 1311 3737; x_wconf 82' lang='lat' dir='ltr'>vitam</span> <span class='ocrx_word' id='word_1_580' title='bbox 1324 3681 1422 3739; x_wconf 71' lang='lat' dir='ltr'>anime)</span> <span class='ocrx_word' id='word_1_581' title='bbox 1436 3684 1562 3755; x_wconf 89' lang='lat' dir='ltr'>prodeat.</span> <span class='ocrx_word' id='word_1_582' title='bbox 1582 3684 1667 3757; x_wconf 77' lang='lat' dir='ltr'>igitur</span> <span class='ocrx_word' id='word_1_583' title='bbox 1681 3682 1728 3757; x_wconf 88' lang='lat' dir='ltr'>qni</span> <span class='ocrx_word' id='word_1_584' title='bbox 1740 3700 1797 3741; x_wconf 92' lang='lat' dir='ltr'>non</span> 
     </span>
    </p>
   </div>
   <div class='ocr_carea' id='block_1_19' title="bbox 997 3767 1796 3931">
    <p class='ocr_par' dir='ltr' id='par_1_19' title="bbox 997 3767 1796 3931">
     <span class='ocr_line' id='line_1_83' title="bbox 997 3767 1796 3845; baseline 0.006 -21"><span class='ocrx_word' id='word_1_585' title='bbox 997 3768 1117 3825; x_wconf 88' lang='lat' dir='ltr'>credunt</span> <span class='ocrx_word' id='word_1_586' title='bbox 1131 3767 1175 3826; x_wconf 88' lang='lat' dir='ltr'>rel</span> <span class='ocrx_word' id='word_1_587' title='bbox 1189 3768 1262 3826; x_wconf 90' lang='lat' dir='ltr'>rnale</span> <span class='ocrx_word' id='word_1_588' title='bbox 1272 3770 1375 3839; x_wconf 81' lang='lat' dir='ltr'>vivunt,</span> <span class='ocrx_word' id='word_1_589' title='bbox 1392 3784 1494 3845; x_wconf 88' lang='lat' dir='ltr'>corpus</span> <span class='ocrx_word' id='word_1_590' title='bbox 1513 3772 1622 3831; x_wconf 90' lang='lat' dir='ltr'>Domini</span> <span class='ocrx_word' id='word_1_591' title='bbox 1644 3788 1700 3829; x_wconf 92' lang='lat' dir='ltr'>non</span> <span class='ocrx_word' id='word_1_592' title='bbox 1720 3772 1796 3831; x_wconf 88' lang='lat' dir='ltr'>ecci-</span> 
     </span>
     <span class='ocr_line' id='line_1_84' title="bbox 997 3857 1086 3931; baseline 0.022 -18"><span class='ocrx_word' id='word_1_593' title='bbox 997 3857 1086 3931; x_wconf 88' lang='lat' dir='ltr'>piunt.</span> 
     </span>
    </p>
   </div>
   <div class='ocr_carea' id='block_1_20' title="bbox 997 4010 1798 4262">
    <p class='ocr_par' dir='ltr' id='par_1_20' title="bbox 997 4010 1798 4262">
     <span class='ocr_line' id='line_1_85' title="bbox 997 4010 1798 4085; baseline 0.007 -18"><span class='ocrx_word' id='word_1_594' title='bbox 997 4010 1066 4067; x_wconf 79' lang='lat' dir='ltr'>Cae.</span> <span class='ocrx_word' id='word_1_595' title='bbox 1080 4010 1152 4067; x_wconf 79' lang='lat' dir='ltr'>vlit.</span> <span class='ocrx_word' id='word_1_596' title='bbox 1167 4010 1244 4081; x_wconf 82' lang='lat' dir='ltr'>Quod</span> <span class='ocrx_word' id='word_1_597' title='bbox 1257 4012 1362 4085; x_wconf 83' lang='lat' dir='ltr'>species</span> <span class='ocrx_word' id='word_1_598' title='bbox 1377 4016 1406 4069; x_wconf 89' lang='lat' dir='ltr'>ct</span> <span class='ocrx_word' id='word_1_599' title='bbox 1420 4028 1478 4070; x_wconf 82' lang='lat' dir='ltr'>nors</span> <span class='ocrx_word' id='word_1_600' title='bbox 1488 4013 1579 4073; x_wconf 85' lang='lat' dir='ltr'>virtus</span> <span class='ocrx_word' id='word_1_601' title='bbox 1594 4014 1798 4073; x_wconf 80' lang='lat' dir='ltr'>recrementis</span> 
     </span>
     <span class='ocr_line' id='line_1_86' title="bbox 1034 4100 1797 4175; baseline 0.007 -19"><span class='ocrx_word' id='word_1_602' title='bbox 1034 4101 1120 4159; x_wconf 85' lang='lat' dir='ltr'>melis</span> <span class='ocrx_word' id='word_1_603' title='bbox 1136 4100 1299 4173; x_wconf 78' lang='lat' dir='ltr'>accipietur</span> <span class='ocrx_word' id='word_1_604' title='bbox 1319 4105 1348 4158; x_wconf 82' lang='lat' dir='ltr'>ei</span> <span class='ocrx_word' id='word_1_605' title='bbox 1368 4108 1651 4162; x_wconf 55' lang='lat' dir='ltr'>conseranensem</span> <span class='ocrx_word' id='word_1_606' title='bbox 1673 4104 1797 4175; x_wconf 80' lang='lat' dir='ltr'>dicutur,</span> 
     </span>
     <span class='ocr_line' id='line_1_87' title="bbox 1033 4189 1643 4262; baseline 0.008 -17"><span class='ocrx_word' id='word_1_607' title='bbox 1033 4189 1078 4246; x_wconf 85' lang='lat' dir='ltr'>vel</span> <span class='ocrx_word' id='word_1_608' title='bbox 1091 4193 1190 4247; x_wconf 82' lang='lat' dir='ltr'>etrum</span> <span class='ocrx_word' id='word_1_609' title='bbox 1205 4190 1311 4247; x_wconf 86' lang='lat' dir='ltr'>veritas</span> <span class='ocrx_word' id='word_1_610' title='bbox 1325 4207 1364 4247; x_wconf 85' lang='lat' dir='ltr'>ors</span> <span class='ocrx_word' id='word_1_611' title='bbox 1377 4191 1471 4262; x_wconf 72' lang='lat' dir='ltr'>ficere</span> <span class='ocrx_word' id='word_1_612' title='bbox 1484 4192 1643 4250; x_wconf 76' lang='lat' dir='ltr'>credetur?</span> 
     </span>
    </p>
   </div>
   <div class='ocr_carea' id='block_1_21' title="bbox 138 4326 1802 5745">
    <p class='ocr_par' dir='ltr' id='par_1_21' title="bbox 138 4326 1802 5745">
     <span class='ocr_line' id='line_1_88' title="bbox 144 4326 1796 4409; baseline 0.007 -32"><span class='ocrx_word' id='word_1_613' title='bbox 144 4332 214 4389; x_wconf 76' lang='lat' dir='ltr'>Caro</span> <span class='ocrx_word' id='word_1_614' title='bbox 226 4348 291 4389; x_wconf 71' lang='lat' dir='ltr'>mea</span> <span class='ocrx_word' id='word_1_615' title='bbox 300 4333 514 4400; x_wconf 65' lang='lat' dir='ltr'>perennibus,</span> <span class='ocrx_word' id='word_1_616' title='bbox 525 4335 943 4409; x_wconf 66' lang='lat' dir='ltr'>etqqnyuiammvereeqlpo-</span> <span class='ocrx_word' id='word_1_617' title='bbox 1033 4326 1188 4383; x_wconf 77' lang='lat' dir='ltr'>Videndum</span> <span class='ocrx_word' id='word_1_618' title='bbox 1203 4334 1295 4384; x_wconf 70' lang='lat' dir='ltr'>ahiem</span> <span class='ocrx_word' id='word_1_619' title='bbox 1310 4327 1376 4400; x_wconf 77' lang='lat' dir='ltr'>quid</span> <span class='ocrx_word' id='word_1_620' title='bbox 1389 4327 1416 4383; x_wconf 81' lang='lat' dir='ltr'>in</span> <span class='ocrx_word' id='word_1_621' title='bbox 1431 4342 1460 4384; x_wconf 80' lang='lat' dir='ltr'>re</span> <span class='ocrx_word' id='word_1_622' title='bbox 1474 4328 1507 4384; x_wconf 86' lang='lat' dir='ltr'>tlh</span> <span class='ocrx_word' id='word_1_623' title='bbox 1522 4328 1563 4386; x_wconf 73' lang='lat' dir='ltr'>eis</span> <span class='ocrx_word' id='word_1_624' title='bbox 1576 4330 1736 4403; x_wconf 71' lang='lat' dir='ltr'>accipihlttl,</span> <span class='ocrx_word' id='word_1_625' title='bbox 1751 4332 1796 4391; x_wconf 76' lang='lat' dir='ltr'>vel</span> 
     </span>
     <span class='ocr_line' id='line_1_89' title="bbox 139 4414 1793 4493; baseline 0.006 -26"><span class='ocrx_word' id='word_1_626' title='bbox 139 4424 197 4487; x_wconf 69' lang='lat' dir='ltr'>lug,</span> <span class='ocrx_word' id='word_1_627' title='bbox 208 4422 256 4493; x_wconf 79' lang='lat' dir='ltr'>qui</span> <span class='ocrx_word' id='word_1_628' title='bbox 265 4420 422 4479; x_wconf 73' lang='lat' dir='ltr'>manduca!</span> <span class='ocrx_word' id='word_1_629' title='bbox 428 4438 519 4479; x_wconf 71' lang='lat' dir='ltr'>meam</span> <span class='ocrx_word' id='word_1_630' title='bbox 531 4438 648 4479; x_wconf 74' lang='lat' dir='ltr'>carnem</span> <span class='ocrx_word' id='word_1_631' title='bbox 658 4422 762 4480; x_wconf 63' lang='lat' dir='ltr'>adbibit</span> <span class='ocrx_word' id='word_1_632' title='bbox 772 4438 937 4481; x_wconf 65' lang='lat' dir='ltr'>”leumiim-</span> <span class='ocrx_word' id='word_1_633' title='bbox 950 4418 978 4479; x_wconf 89' lang='lat' dir='ltr'>D</span> <span class='ocrx_word' id='word_1_634' title='bbox 994 4426 1043 4472; x_wconf 84' lang='lat' dir='ltr'>Cttl&#39;</span> <span class='ocrx_word' id='word_1_635' title='bbox 1057 4414 1109 4471; x_wconf 78' lang='lat' dir='ltr'>hoc</span> <span class='ocrx_word' id='word_1_636' title='bbox 1123 4425 1326 4472; x_wconf 69' lang='lat' dir='ltr'>sacramenlum</span> <span class='ocrx_word' id='word_1_637' title='bbox 1346 4414 1462 4484; x_wconf 86' lang='lat' dir='ltr'>dicatur,</span> <span class='ocrx_word' id='word_1_638' title='bbox 1479 4424 1506 4473; x_wconf 80' lang='lat' dir='ltr'>ei</span> <span class='ocrx_word' id='word_1_639' title='bbox 1523 4425 1615 4475; x_wconf 79' lang='lat' dir='ltr'>uirum</span> <span class='ocrx_word' id='word_1_640' title='bbox 1636 4420 1738 4477; x_wconf 71' lang='lat' dir='ltr'>vellitis</span> <span class='ocrx_word' id='word_1_641' title='bbox 1758 4436 1793 4477; x_wconf 83' lang='lat' dir='ltr'>eh</span> 
     </span>
     <span class='ocr_line' id='line_1_90' title="bbox 138 4502 1796 4588; baseline -0.002 -21"><span class='ocrx_word' id='word_1_642' title='bbox 138 4509 265 4583; x_wconf 78' lang='lat' dir='ltr'>quinem,</span> <span class='ocrx_word' id='word_1_643' title='bbox 276 4510 309 4566; x_wconf 84' lang='lat' dir='ltr'>io</span> <span class='ocrx_word' id='word_1_644' title='bbox 324 4526 369 4567; x_wconf 87' lang='lat' dir='ltr'>mc</span> <span class='ocrx_word' id='word_1_645' title='bbox 382 4513 818 4585; x_wconf 73' lang='lat' dir='ltr'>manetetcpsineortean.vr).</span> <span class='ocrx_word' id='word_1_646' title='bbox 829 4512 939 4587; x_wconf 75' lang='lat' dir='ltr'>Ecquid</span> <span class='ocrx_word' id='word_1_647' title='bbox 994 4502 1083 4577; x_wconf 73' lang='lat' dir='ltr'>ligura</span> <span class='ocrx_word' id='word_1_648' title='bbox 1096 4502 1124 4558; x_wconf 90' lang='lat' dir='ltr'>in</span> <span class='ocrx_word' id='word_1_649' title='bbox 1139 4504 1191 4561; x_wconf 87' lang='lat' dir='ltr'>hoe</span> <span class='ocrx_word' id='word_1_650' title='bbox 1213 4504 1364 4561; x_wconf 80' lang='lat' dir='ltr'>credatur?</span> <span class='ocrx_word' id='word_1_651' title='bbox 1379 4504 1409 4560; x_wconf 92' lang='lat' dir='ltr'>ln</span> <span class='ocrx_word' id='word_1_652' title='bbox 1432 4504 1541 4564; x_wconf 89' lang='lat' dir='ltr'>Christo</span> <span class='ocrx_word' id='word_1_653' title='bbox 1555 4507 1617 4565; x_wconf 82' lang='lat' dir='ltr'>duae</span> <span class='ocrx_word' id='word_1_654' title='bbox 1636 4508 1796 4588; x_wconf 81' lang='lat' dir='ltr'>substantiae</span> 
     </span>
     <span class='ocr_line' id='line_1_91' title="bbox 138 4592 1797 4674; baseline 0.008 -33"><span class='ocrx_word' id='word_1_655' title='bbox 138 4606 182 4655; x_wconf 64' lang='lat' dir='ltr'>egl</span> <span class='ocrx_word' id='word_1_656' title='bbox 197 4598 344 4656; x_wconf 67' lang='lat' dir='ltr'>Christus?</span> <span class='ocrx_word' id='word_1_657' title='bbox 357 4598 427 4655; x_wconf 69' lang='lat' dir='ltr'>Vita,</span> <span class='ocrx_word' id='word_1_658' title='bbox 443 4600 478 4655; x_wconf 71' lang='lat' dir='ltr'>Et</span> <span class='ocrx_word' id='word_1_659' title='bbox 492 4600 554 4673; x_wconf 73' lang='lat' dir='ltr'>quis</span> <span class='ocrx_word' id='word_1_660' title='bbox 567 4608 660 4657; x_wconf 71' lang='lat' dir='ltr'>manet</span> <span class='ocrx_word' id='word_1_661' title='bbox 676 4602 704 4656; x_wconf 76' lang='lat' dir='ltr'>in</span> <span class='ocrx_word' id='word_1_662' title='bbox 720 4601 798 4658; x_wconf 69' lang='lat' dir='ltr'>viia?</span> <span class='ocrx_word' id='word_1_663' title='bbox 813 4601 860 4674; x_wconf 79' lang='lat' dir='ltr'>qui</span> <span class='ocrx_word' id='word_1_664' title='bbox 874 4602 941 4660; x_wconf 62' lang='lat' dir='ltr'>vivit</span> <span class='ocrx_word' id='word_1_665' title='bbox 995 4592 1185 4665; x_wconf 65' lang='lat' dir='ltr'>prttdichnlur,</span> <span class='ocrx_word' id='word_1_666' title='bbox 1201 4592 1318 4649; x_wconf 63' lang='grc' dir='ltr'>ΙΙΒΙῧΙΙΙΒ</span> <span class='ocrx_word' id='word_1_667' title='bbox 1332 4593 1496 4663; x_wconf 56' lang='lat' dir='ltr'>humanitas,</span> <span class='ocrx_word' id='word_1_668' title='bbox 1519 4602 1546 4652; x_wconf 75' lang='grc' dir='ltr'>ΘΙ</span> <span class='ocrx_word' id='word_1_669' title='bbox 1568 4596 1713 4653; x_wconf 68' lang='grc' dir='ltr'>ΙΙΙΙΙΒΙΙΙΙΙΙΒ</span> <span class='ocrx_word' id='word_1_670' title='bbox 1727 4598 1797 4655; x_wconf 61' lang='lat' dir='ltr'>diii·</span> 
     </span>
     <span class='ocr_line' id='line_1_92' title="bbox 138 4680 1797 4762; baseline 0.008 -32"><span class='ocrx_word' id='word_1_671' title='bbox 138 4688 167 4743; x_wconf 73' lang='lat' dir='ltr'>iu</span> <span class='ocrx_word' id='word_1_672' title='bbox 182 4687 285 4744; x_wconf 70' lang='lat' dir='ltr'>flssimd.</span> <span class='ocrx_word' id='word_1_673' title='bbox 300 4688 433 4759; x_wconf 64' lang='lat' dir='ltr'>Quisnam</span> <span class='ocrx_word' id='word_1_674' title='bbox 447 4688 516 4745; x_wconf 69' lang='lat' dir='ltr'>vivii</span> <span class='ocrx_word' id='word_1_675' title='bbox 530 4688 557 4745; x_wconf 79' lang='lat' dir='ltr'>in</span> <span class='ocrx_word' id='word_1_676' title='bbox 568 4690 683 4745; x_wconf 65' lang='lat' dir='ltr'>anim?</span> <span class='ocrx_word' id='word_1_677' title='bbox 698 4690 857 4762; x_wconf 74' lang='lat' dir='ltr'>quinullum</span> <span class='ocrx_word' id='word_1_678' title='bbox 867 4707 941 4748; x_wconf 71' lang='lat' dir='ltr'>mor.</span> <span class='ocrx_word' id='word_1_679' title='bbox 995 4680 1077 4737; x_wconf 65' lang='grc' dir='ltr'>ΙΙΙΙΙΒ.</span> <span class='ocrx_word' id='word_1_680' title='bbox 1097 4680 1125 4737; x_wconf 78' lang='lat' dir='ltr'>Sl</span> <span class='ocrx_word' id='word_1_681' title='bbox 1140 4682 1167 4735; x_wconf 91' lang='grc' dir='ltr'>ΙΙΙ</span> <span class='ocrx_word' id='word_1_682' title='bbox 1188 4681 1240 4738; x_wconf 77' lang='grc' dir='ltr'>ΙΙΟΙΙ</span> <span class='ocrx_word' id='word_1_683' title='bbox 1260 4691 1434 4740; x_wconf 75' lang='lat' dir='ltr'>sacramento</span> <span class='ocrx_word' id='word_1_684' title='bbox 1448 4684 1503 4741; x_wconf 89' lang='lat' dir='ltr'>duo</span> <span class='ocrx_word' id='word_1_685' title='bbox 1520 4684 1741 4743; x_wconf 68' lang='grc' dir='ltr'>θοΙΙδΙΙΙθΙΙΙΙΙΙΙΙΓ.</span> <span class='ocrx_word' id='word_1_686' title='bbox 1761 4686 1797 4743; x_wconf 74' lang='grc' dir='ltr'>ΕΙ</span> 
     </span>
     <span class='ocr_line' id='line_1_93' title="bbox 139 4769 1794 4852; baseline 0.007 -20"><span class='ocrx_word' id='word_1_687' title='bbox 139 4775 196 4833; x_wconf 90' lang='lat' dir='ltr'>tale</span> <span class='ocrx_word' id='word_1_688' title='bbox 209 4776 313 4834; x_wconf 89' lang='lat' dir='ltr'>crimen</span> <span class='ocrx_word' id='word_1_689' title='bbox 327 4778 480 4846; x_wconf 89' lang='lat' dir='ltr'>committit,</span> <span class='ocrx_word' id='word_1_690' title='bbox 492 4786 518 4834; x_wconf 90' lang='lat' dir='ltr'>et</span> <span class='ocrx_word' id='word_1_691' title='bbox 529 4779 604 4852; x_wconf 88' lang='lat' dir='ltr'>quod</span> <span class='ocrx_word' id='word_1_692' title='bbox 616 4778 713 4846; x_wconf 89' lang='lat' dir='ltr'>credit,</span> <span class='ocrx_word' id='word_1_693' title='bbox 724 4795 810 4851; x_wconf 88' lang='lat' dir='ltr'>opere</span> <span class='ocrx_word' id='word_1_694' title='bbox 820 4778 941 4838; x_wconf 80' lang='lat' dir='ltr'>dilectio</span> <span class='ocrx_word' id='word_1_695' title='bbox 995 4769 1060 4841; x_wconf 64' lang='lat' dir='ltr'>(liii</span> <span class='ocrx_word' id='word_1_696' title='bbox 1074 4770 1181 4840; x_wconf 66' lang='lat' dir='ltr'>⁸90⁰ies</span> <span class='ocrx_word' id='word_1_697' title='bbox 1192 4778 1218 4825; x_wconf 77' lang='lat'>‘¹</span> <span class='ocrx_word' id='word_1_698' title='bbox 1232 4771 1419 4844; x_wconf 65' lang='lat' dir='ltr'>&amp;Uillillissii</span> <span class='ocrx_word' id='word_1_699' title='bbox 1428 4782 1455 4829; x_wconf 72' lang='lat'>⁰⁸</span> <span class='ocrx_word' id='word_1_700' title='bbox 1467 4772 1522 4829; x_wconf 88' lang='lat' dir='ltr'>vini</span> <span class='ocrx_word' id='word_1_701' title='bbox 1534 4776 1657 4833; x_wconf 62' lang='lat' dir='ltr'>hemitur</span> <span class='ocrx_word' id='word_1_702' title='bbox 1669 4774 1743 4843; x_wconf 65' lang='lat' dir='ltr'>s⁰liir</span> <span class='ocrx_word' id='word_1_703' title='bbox 1756 4776 1794 4832; x_wconf 93' lang='lat' dir='ltr'>in·</span> 
     </span>
     <span class='ocr_line' id='line_1_94' title="bbox 140 4860 1793 4940; baseline 0.006 -19"><span class='ocrx_word' id='word_1_704' title='bbox 140 4864 184 4921; x_wconf 88' lang='lat' dir='ltr'>nis</span> <span class='ocrx_word' id='word_1_705' title='bbox 198 4862 318 4936; x_wconf 88' lang='lat' dir='ltr'>perlicit.</span> <span class='ocrx_word' id='word_1_706' title='bbox 338 4865 433 4939; x_wconf 89' lang='lat' dir='ltr'>ltaque</span> <span class='ocrx_word' id='word_1_707' title='bbox 448 4864 517 4921; x_wconf 88' lang='lat' dir='ltr'>lides</span> <span class='ocrx_word' id='word_1_708' title='bbox 531 4866 631 4924; x_wconf 89' lang='lat' dir='ltr'>Christi</span> <span class='ocrx_word' id='word_1_709' title='bbox 645 4876 688 4924; x_wconf 89' lang='lat' dir='ltr'>est</span> <span class='ocrx_word' id='word_1_710' title='bbox 709 4868 764 4925; x_wconf 82' lang='lat' dir='ltr'>vita</span> <span class='ocrx_word' id='word_1_711' title='bbox 785 4869 895 4939; x_wconf 78' lang='lat' dir='ltr'>animae,</span> <span class='ocrx_word' id='word_1_712' title='bbox 911 4876 940 4925; x_wconf 91' lang='lat' dir='ltr'>ut</span> <span class='ocrx_word' id='word_1_713' title='bbox 996 4865 1146 4914; x_wconf 60' lang='lat' dir='ltr'>millum</span> <span class='ocrx_word' id='word_1_714' title='bbox 1168 4874 1267 4930; x_wconf 70' lang='lat' dir='ltr'>⁰0il³¹¹⁵</span> <span class='ocrx_word' id='word_1_715' title='bbox 1295 4870 1323 4916; x_wconf 70' lang='lat'>0‘</span> <span class='ocrx_word' id='word_1_716' title='bbox 1351 4860 1463 4936; x_wconf 78' lang='lat' dir='ltr'>sanguia</span> <span class='ocrx_word' id='word_1_717' title='bbox 1492 4862 1592 4920; x_wconf 71' lang='lat' dir='ltr'>Chlisll</span> <span class='ocrx_word' id='word_1_718' title='bbox 1614 4862 1793 4940; x_wconf 63' lang='lat' dir='ltr'>intelligitur·</span> 
     </span>
     <span class='ocr_line' id='line_1_95' title="bbox 141 4945 1793 5026; baseline 0.01 -29"><span class='ocrx_word' id='word_1_719' title='bbox 141 4954 273 5026; x_wconf 58' lang='lat' dir='ltr'>,criptum</span> <span class='ocrx_word' id='word_1_720' title='bbox 286 4962 329 5010; x_wconf 52' lang='grc' dir='ltr'>(ιιι</span> <span class='ocrx_word' id='word_1_721' title='bbox 339 4956 453 5012; x_wconf 63' lang='lat' dir='ltr'>grum„</span> <span class='ocrx_word' id='word_1_722' title='bbox 466 4969 503 5011; x_wconf 55' lang='grc' dir='ltr'><em>η</em></span> <span class='ocrx_word' id='word_1_723' title='bbox 516 4956 570 5025; x_wconf 55' lang='lat' dir='ltr'>pap</span> <span class='ocrx_word' id='word_1_724' title='bbox 584 4957 941 5024; x_wconf 55' lang='lat' dir='ltr'>qurqpom,1)‚1qdeqau.</span> <span class='ocrx_word' id='word_1_725' title='bbox 996 4945 1059 5016; x_wconf 72' lang='lat' dir='ltr'>ideo</span> <span class='ocrx_word' id='word_1_726' title='bbox 1074 4954 1274 5003; x_wconf 83' lang='lat' dir='ltr'>sacramentum</span> <span class='ocrx_word' id='word_1_727' title='bbox 1285 4945 1394 5007; x_wconf 86' lang='lat' dir='ltr'>dieitur.</span> <span class='ocrx_word' id='word_1_728' title='bbox 1409 4948 1497 5009; x_wconf 89' lang='lat' dir='ltr'>Ornne</span> <span class='ocrx_word' id='word_1_729' title='bbox 1508 4963 1708 5012; x_wconf 85' lang='lat' dir='ltr'>sacramentum</span> <span class='ocrx_word' id='word_1_730' title='bbox 1719 4956 1793 5013; x_wconf 89' lang='lat' dir='ltr'>eliud</span> 
     </span>
     <span class='ocr_line' id='line_1_96' title="bbox 142 5034 1791 5117; baseline 0 -17"><span class='ocrx_word' id='word_1_731' title='bbox 142 5051 198 5100; x_wconf 90' lang='lat' dir='ltr'>tern</span> <span class='ocrx_word' id='word_1_732' title='bbox 211 5044 268 5099; x_wconf 85' lang='lat' dir='ltr'>vita</span> <span class='ocrx_word' id='word_1_733' title='bbox 286 5050 329 5099; x_wconf 86' lang='lat' dir='ltr'>est</span> <span class='ocrx_word' id='word_1_734' title='bbox 350 5044 482 5114; x_wconf 84' lang='lat' dir='ltr'>operatio,</span> <span class='ocrx_word' id='word_1_735' title='bbox 499 5051 529 5098; x_wconf 90' lang='lat' dir='ltr'>ut</span> <span class='ocrx_word' id='word_1_736' title='bbox 548 5044 612 5101; x_wconf 89' lang='lat' dir='ltr'>item</span> <span class='ocrx_word' id='word_1_737' title='bbox 634 5045 819 5117; x_wconf 72' lang='lat' dir='ltr'>scriptumest</span> <span class='ocrx_word' id='word_1_738' title='bbox 836 5065 844 5106; x_wconf 89' lang='lat'>:</span> <span class='ocrx_word' id='word_1_739' title='bbox 861 5050 941 5106; x_wconf 63' lang='lat' dir='ltr'>prpe,</span> <span class='ocrx_word' id='word_1_740' title='bbox 997 5034 1063 5091; x_wconf 80' lang='lat' dir='ltr'>loris</span> <span class='ocrx_word' id='word_1_741' title='bbox 1076 5034 1204 5102; x_wconf 87' lang='lat' dir='ltr'>ostendit,</span> <span class='ocrx_word' id='word_1_742' title='bbox 1220 5035 1293 5092; x_wconf 91' lang='lat' dir='ltr'>aliud</span> <span class='ocrx_word' id='word_1_743' title='bbox 1308 5036 1380 5092; x_wconf 91' lang='lat' dir='ltr'>intus</span> <span class='ocrx_word' id='word_1_744' title='bbox 1394 5039 1601 5113; x_wconf 83' lang='lat' dir='ltr'>intelligendum</span> <span class='ocrx_word' id='word_1_745' title='bbox 1622 5043 1718 5111; x_wconf 91' lang='lat' dir='ltr'>innuit,</span> <span class='ocrx_word' id='word_1_746' title='bbox 1736 5045 1791 5101; x_wconf 88' lang='lat' dir='ltr'>sie-</span> 
     </span>
     <span class='ocr_line' id='line_1_97' title="bbox 141 5124 1796 5207; baseline 0.011 -33"><span class='ocrx_word' id='word_1_747' title='bbox 141 5131 340 5206; x_wconf 58' lang='lat' dir='ltr'>,pmpeprqm</span> <span class='ocrx_word' id='word_1_748' title='bbox 349 5134 942 5207; x_wconf 61' lang='lat' dir='ltr'>mortuamqrawp,11)‚0921·2150nquer0</span> <span class='ocrx_word' id='word_1_749' title='bbox 998 5131 1070 5181; x_wconf 90' lang='lat' dir='ltr'>utet</span> <span class='ocrx_word' id='word_1_750' title='bbox 1084 5124 1180 5181; x_wconf 73' lang='lat' dir='ltr'>littere</span> <span class='ocrx_word' id='word_1_751' title='bbox 1193 5124 1221 5179; x_wconf 91' lang='lat' dir='ltr'>in</span> <span class='ocrx_word' id='word_1_752' title='bbox 1237 5124 1336 5197; x_wconf 88' lang='lat' dir='ltr'>quihus</span> <span class='ocrx_word' id='word_1_753' title='bbox 1347 5124 1442 5199; x_wconf 74' lang='lat' dir='ltr'>ligura</span> <span class='ocrx_word' id='word_1_754' title='bbox 1453 5130 1572 5187; x_wconf 83' lang='lat' dir='ltr'>exterius</span> <span class='ocrx_word' id='word_1_755' title='bbox 1582 5140 1611 5187; x_wconf 90' lang='lat' dir='ltr'>et</span> <span class='ocrx_word' id='word_1_756' title='bbox 1620 5132 1796 5192; x_wconf 89' lang='lat' dir='ltr'>characteres</span> 
     </span>
     <span class='ocr_line' id='line_1_98' title="bbox 142 5212 1796 5297; baseline 0.005 -18"><span class='ocrx_word' id='word_1_757' title='bbox 142 5222 196 5279; x_wconf 85' lang='lat' dir='ltr'>vita</span> <span class='ocrx_word' id='word_1_758' title='bbox 211 5229 252 5278; x_wconf 88' lang='lat' dir='ltr'>eat</span> <span class='ocrx_word' id='word_1_759' title='bbox 265 5220 533 5285; x_wconf 88' lang='lat' dir='ltr'>dilectio,utdicitur</span> <span class='ocrx_word' id='word_1_760' title='bbox 546 5237 553 5277; x_wconf 93' lang='lat'>:</span> <span class='ocrx_word' id='word_1_761' title='bbox 565 5222 686 5292; x_wconf 72' lang='lat' dir='ltr'>estnon</span> <span class='ocrx_word' id='word_1_762' title='bbox 698 5226 900 5297; x_wconf 80' lang='lat' dir='ltr'>dilipitmenct</span> <span class='ocrx_word' id='word_1_763' title='bbox 910 5229 943 5283; x_wconf 79' lang='lat' dir='ltr'>ie</span> <span class='ocrx_word' id='word_1_764' title='bbox 997 5212 1141 5282; x_wconf 64' lang='lat' dir='ltr'>Vidiulffl&#39;l</span> <span class='ocrx_word' id='word_1_765' title='bbox 1164 5213 1214 5270; x_wconf 66' lang='lat'>⁸⁰⁶</span> <span class='ocrx_word' id='word_1_766' title='bbox 1237 5222 1387 5286; x_wconf 66' lang='lat'>9⁰¹0⁵¹⁸¹0⁸</span> <span class='ocrx_word' id='word_1_767' title='bbox 1401 5224 1428 5272; x_wconf 66' lang='lat'>0²</span> <span class='ocrx_word' id='word_1_768' title='bbox 1451 5216 1665 5293; x_wconf 62' lang='lat' dir='ltr'>Slssssifib&#39;illffles</span> <span class='ocrx_word' id='word_1_769' title='bbox 1683 5222 1796 5281; x_wconf 68' lang='lat' dir='ltr'>inieritis</span> 
     </span>
     <span class='ocr_line' id='line_1_99' title="bbox 142 5302 1793 5387; baseline 0.01 -36"><span class='ocrx_word' id='word_1_770' title='bbox 142 5314 245 5377; x_wconf 62' lang='lat' dir='ltr'>mom,</span> <span class='ocrx_word' id='word_1_771' title='bbox 264 5310 336 5368; x_wconf 62' lang='lat' dir='ltr'>pm</span> <span class='ocrx_word' id='word_1_772' title='bbox 345 5310 421 5367; x_wconf 60' lang='lat' dir='ltr'>emm</span> <span class='ocrx_word' id='word_1_773' title='bbox 436 5314 479 5366; x_wconf 67' lang='lat' dir='ltr'>m</span> <span class='ocrx_word' id='word_1_774' title='bbox 493 5311 618 5378; x_wconf 60' lang='lat' dir='ltr'>dempto,</span> <span class='ocrx_word' id='word_1_775' title='bbox 633 5315 717 5387; x_wconf 58' lang='lat' dir='ltr'>etqui</span> <span class='ocrx_word' id='word_1_776' title='bbox 727 5320 826 5371; x_wconf 55' lang='lat' dir='ltr'><em>manet</em></span> <span class='ocrx_word' id='word_1_777' title='bbox 837 5316 867 5371; x_wconf 69' lang='lat' dir='ltr'>q„</span> <span class='ocrx_word' id='word_1_778' title='bbox 877 5315 944 5372; x_wconf 59' lang='lat' dir='ltr'>pite.</span> <span class='ocrx_word' id='word_1_779' title='bbox 996 5302 1196 5373; x_wconf 68' lang='lat' dir='ltr'>intelliguntur.</span> <span class='ocrx_word' id='word_1_780' title='bbox 1204 5304 1287 5360; x_wconf 92' lang='lat' dir='ltr'>Unde</span> <span class='ocrx_word' id='word_1_781' title='bbox 1300 5302 1363 5360; x_wconf 89' lang='lat' dir='ltr'>lieet</span> <span class='ocrx_word' id='word_1_782' title='bbox 1377 5304 1405 5359; x_wconf 91' lang='lat' dir='ltr'>in</span> <span class='ocrx_word' id='word_1_783' title='bbox 1426 5306 1539 5363; x_wconf 84' lang='lat' dir='ltr'>veritate</span> <span class='ocrx_word' id='word_1_784' title='bbox 1553 5322 1618 5365; x_wconf 85' lang='lat' dir='ltr'>caro</span> <span class='ocrx_word' id='word_1_785' title='bbox 1632 5318 1658 5366; x_wconf 92' lang='lat' dir='ltr'>et</span> <span class='ocrx_word' id='word_1_786' title='bbox 1679 5312 1793 5386; x_wconf 77' lang='lat' dir='ltr'>sanquis</span> 
     </span>
     <span class='ocr_line' id='line_1_100' title="bbox 143 5388 1798 5474; baseline 0.002 -18"><span class='ocrx_word' id='word_1_787' title='bbox 143 5401 363 5467; x_wconf 75' lang='lat' dir='ltr'>ctionr5inlico</span> <span class='ocrx_word' id='word_1_788' title='bbox 376 5401 944 5474; x_wconf 63' lang='lat' dir='ltr'>menet,clltsasirrco(lioon.istunc</span> <span class='ocrx_word' id='word_1_789' title='bbox 997 5388 1097 5448; x_wconf 72' lang='lat' dir='ltr'>chrisi</span> <span class='ocrx_word' id='word_1_790' title='bbox 1117 5393 1255 5457; x_wconf 87' lang='lat' dir='ltr'>credatur,</span> <span class='ocrx_word' id='word_1_791' title='bbox 1279 5402 1372 5450; x_wconf 88' lang='lat' dir='ltr'>tamen</span> <span class='ocrx_word' id='word_1_792' title='bbox 1394 5408 1449 5451; x_wconf 90' lang='lat' dir='ltr'>non</span> <span class='ocrx_word' id='word_1_793' title='bbox 1470 5394 1619 5467; x_wconf 68' lang='lat' dir='ltr'>incongrue</span> <span class='ocrx_word' id='word_1_794' title='bbox 1640 5415 1798 5459; x_wconf 86' lang='lat' dir='ltr'>sacramen·</span> 
     </span>
     <span class='ocr_line' id='line_1_101' title="bbox 146 5478 1796 5563; baseline 0.006 -17"><span class='ocrx_word' id='word_1_795' title='bbox 146 5497 237 5546; x_wconf 88' lang='lat' dir='ltr'>autem</span> <span class='ocrx_word' id='word_1_796' title='bbox 252 5488 361 5545; x_wconf 89' lang='lat' dir='ltr'>dilectio</span> <span class='ocrx_word' id='word_1_797' title='bbox 373 5488 502 5560; x_wconf 86' lang='lat' dir='ltr'>impletur</span> <span class='ocrx_word' id='word_1_798' title='bbox 514 5486 604 5544; x_wconf 89' lang='lat' dir='ltr'>Deum</span> <span class='ocrx_word' id='word_1_799' title='bbox 623 5491 773 5561; x_wconf 78' lang='lat' dir='ltr'>querende</span> <span class='ocrx_word' id='word_1_800' title='bbox 783 5498 808 5547; x_wconf 90' lang='lat' dir='ltr'>et</span> <span class='ocrx_word' id='word_1_801' title='bbox 819 5492 944 5563; x_wconf 81' lang='lat' dir='ltr'>proximo</span> <span class='ocrx_word' id='word_1_802' title='bbox 997 5483 1055 5533; x_wconf 64' lang='lat'>‘¹¹³¹</span> <span class='ocrx_word' id='word_1_803' title='bbox 1070 5483 1110 5536; x_wconf 57' lang='grc' dir='ltr'>ΙΙΙ</span> <span class='ocrx_word' id='word_1_804' title='bbox 1125 5478 1217 5552; x_wconf 62' lang='lat' dir='ltr'>flium</span> <span class='ocrx_word' id='word_1_805' title='bbox 1230 5480 1401 5537; x_wconf 63' lang='grc' dir='ltr'>ΠΟΙΠῙΠΙΙΠΡ·</span> <span class='ocrx_word' id='word_1_806' title='bbox 1414 5480 1489 5554; x_wconf 70' lang='grc' dir='ltr'>ΕΙΕΟ</span> <span class='ocrx_word' id='word_1_807' title='bbox 1502 5482 1608 5554; x_wconf 62' lang='lat' dir='ltr'>speciei</span> <span class='ocrx_word' id='word_1_808' title='bbox 1619 5484 1698 5555; x_wconf 65' lang='lat' dir='ltr'>huius</span> <span class='ocrx_word' id='word_1_809' title='bbox 1709 5502 1796 5544; x_wconf 64' lang='lat' dir='ltr'>iiiii·</span> 
     </span>
     <span class='ocr_line' id='line_1_102' title="bbox 146 5566 1801 5654; baseline 0.007 -21"><span class='ocrx_word' id='word_1_810' title='bbox 146 5578 174 5634; x_wconf 93' lang='lat' dir='ltr'>in</span> <span class='ocrx_word' id='word_1_811' title='bbox 188 5578 351 5634; x_wconf 88' lang='lat' dir='ltr'>necessitate</span> <span class='ocrx_word' id='word_1_812' title='bbox 366 5577 570 5635; x_wconf 81' lang='lat' dir='ltr'>subveniendo.</span> <span class='ocrx_word' id='word_1_813' title='bbox 590 5578 621 5633; x_wconf 92' lang='lat' dir='ltr'>ln</span> <span class='ocrx_word' id='word_1_814' title='bbox 635 5578 687 5637; x_wconf 90' lang='lat' dir='ltr'>hoc</span> <span class='ocrx_word' id='word_1_815' title='bbox 701 5580 775 5636; x_wconf 89' lang='lat' dir='ltr'>Deus</span> <span class='ocrx_word' id='word_1_816' title='bbox 790 5588 881 5637; x_wconf 90' lang='lat' dir='ltr'>manet</span> <span class='ocrx_word' id='word_1_817' title='bbox 894 5598 946 5654; x_wconf 89' lang='lat' dir='ltr'>per</span> <span class='ocrx_word' id='word_1_818' title='bbox 998 5570 1082 5627; x_wconf 61' lang='lat' dir='ltr'>minii</span> <span class='ocrx_word' id='word_1_819' title='bbox 1096 5568 1232 5626; x_wconf 68' lang='lat' dir='ltr'>f0fi¹¹⁸0⁰⁸</span> <span class='ocrx_word' id='word_1_820' title='bbox 1245 5584 1262 5625; x_wconf 74' lang='lat'>⁸</span> <span class='ocrx_word' id='word_1_821' title='bbox 1276 5566 1403 5641; x_wconf 59' lang='grc' dir='ltr'>ΓΕΡΙΟΒῙΙ</span> <span class='ocrx_word' id='word_1_822' title='bbox 1418 5570 1582 5642; x_wconf 65' lang='grc' dir='ltr'>ΡθΙῦΙΡΙΙΙΙΓι</span> <span class='ocrx_word' id='word_1_823' title='bbox 1598 5572 1686 5630; x_wconf 64' lang='lat' dir='ltr'>Villis</span> <span class='ocrx_word' id='word_1_824' title='bbox 1709 5583 1801 5633; x_wconf 66' lang='lat' dir='ltr'>tillem</span> 
     </span>
     <span class='ocr_line' id='line_1_103' title="bbox 147 5656 1802 5745; baseline 0.002 -22"><span class='ocrx_word' id='word_1_825' title='bbox 147 5666 288 5723; x_wconf 87' lang='lat' dir='ltr'>scientiam</span> <span class='ocrx_word' id='word_1_826' title='bbox 303 5682 367 5724; x_wconf 88' lang='lat' dir='ltr'>enm</span> <span class='ocrx_word' id='word_1_827' title='bbox 380 5664 560 5735; x_wconf 86' lang='lat' dir='ltr'>illustrando;</span> <span class='ocrx_word' id='word_1_828' title='bbox 577 5672 603 5724; x_wconf 91' lang='lat' dir='ltr'>et</span> <span class='ocrx_word' id='word_1_829' title='bbox 616 5668 670 5726; x_wconf 86' lang='lat' dir='ltr'>rell</span> <span class='ocrx_word' id='word_1_830' title='bbox 675 5684 690 5727; x_wconf 86' lang='lat' dir='ltr'>e</span> <span class='ocrx_word' id='word_1_831' title='bbox 703 5684 735 5727; x_wconf 90' lang='lat' dir='ltr'>ac</span> <span class='ocrx_word' id='word_1_832' title='bbox 749 5685 832 5745; x_wconf 92' lang='lat' dir='ltr'>posse</span> <span class='ocrx_word' id='word_1_833' title='bbox 841 5670 944 5729; x_wconf 92' lang='lat' dir='ltr'>honum</span> <span class='ocrx_word' id='word_1_834' title='bbox 996 5659 1148 5717; x_wconf 58' lang='lat' dir='ltr'>initium&amp;</span> <span class='ocrx_word' id='word_1_835' title='bbox 1162 5657 1323 5727; x_wconf 80' lang='lat' dir='ltr'>vivificans,</span> <span class='ocrx_word' id='word_1_836' title='bbox 1340 5658 1380 5715; x_wconf 61' lang='lat'>05⁸</span> <span class='ocrx_word' id='word_1_837' title='bbox 1400 5656 1510 5733; x_wconf 67' lang='lat' dir='ltr'>veniit!</span> <span class='ocrx_word' id='word_1_838' title='bbox 1525 5658 1705 5722; x_wconf 87' lang='lat' dir='ltr'>subtrahitur.</span> <span class='ocrx_word' id='word_1_839' title='bbox 1723 5664 1802 5727; x_wconf 82' lang='lat' dir='ltr'>sicut</span> 
     </span>
    </p>
   </div>
   <div class='ocr_carea' id='block_1_22' title="bbox 0 0 2007 6067">
    <p class='ocr_par' dir='ltr' id='par_1_22' title="bbox 0 0 2007 6067">
     <span class='ocr_line' id='line_1_104' title="bbox 0 0 2007 6067; baseline 0 0"><span class='ocrx_word' id='word_1_840' title='bbox 0 0 2007 6067; x_wconf 95' lang='lat' dir='ltr'> </span> 
     </span>
    </p>
   </div>
  </div>
 </body>
</html>
