3942 6067
253 255 322 337 isas
684 348 692 355 ‚
754 261 927 331 sanonum
944 223 1204 329 'attans'ronon
1229 266 1403 329 aetscoet.
1838 280 1908 363 aaa,

251 405 511 478 auimspasnostra
533 402 611 458 firma
639 404 696 467 ast,
720 406 747 455 et
770 398 901 465 subsistit,
931 396 1088 456 charitasa
1107 396 1219 451 Videtur
1246 400 1326 470 panis
1351 408 1475 455 terrenus
1505 415 1558 469 qno
1585 398 1703 455 reficitur
1729 414 1791 457 caro
1815 410 1841 459 et
1871 404 1909 457 ri-

250 490 402 561 roboratur,
440 487 577 561 speranda
611 486 772 557 probantur.
798 481 917 555 Sanguis
938 480 1050 536 Domini
1106 500 1170 539 aum
1186 486 1413 558 qaolaetilicatar.
1430 494 1456 542 ct
1477 502 1531 542 non
1557 496 1609 555 est,
1639 488 1687 544 sed
1715 490 1793 561 patris
1821 491 1907 546 corla-

252 578 355 635 cffusus
369 587 410 635 est
423 595 472 650 pro
486 576 587 643 multis,
604 574 706 631 scilieet
722 574 757 628 ad
773 570 855 628 fidem
871 570 1051 635 vocarisses
1105 574 1164 641 stis,
1181 590 1259 645 panis
1275 578 1351 635 vivus
1366 576 1412 651 qui
1427 576 1461 631 da
1476 578 1546 632 coelo
1562 578 1713 645 descendit,
1741 594 1795 651 quo
1817 580 1907 636 anima

250 684 303 741 pro
325 668 440 734 Judaeis,
466 666 592 741 paganis,
618 662 763 726 hareticis,
791 670 818 717 et
845 661 872 715 in
892 659 1051 715 infidelitate
1106 665 1258 735 saginatur,
1290 676 1317 721 ει
1348 664 1440 738 potius
1472 682 1525 737 quo
1553 666 1739 736 plenissimam
1776 670 1907 739 gaudium

250 756 548 829 perseverantibusllo
559 762 649 809 taurea
660 766 764 827 ςειειε
779 749 908 823 loquendi
918 765 972 822 quo
983 748 1051 805 dici·
1106 753 1198 821 datur,
1223 763 1248 809 et
1272 755 1330 810 sitis
1349 756 1520 811 indesinente
1548 754 1638 811 latitia
1655 757 1803 829 mitigatur,
1820 758 1855 814 dc
1875 775 1907 815 co

250 850 314 901 tur:
327 846 549 903 tenttoomsnos
566 841 880 911 oarnessaloessaoere,
896 842 926 895 ct
941 839 1050 894 illumi·
1107 842 1153 913 qui
1167 843 1268 898 biberit
1294 860 1348 901 non
1371 844 1443 899 sitiet
1464 844 1491 899 in
1513 852 1655 900 aetcmum.
1689 846 1729 902 Dc
1757 848 1809 903 hoc
1836 864 1908 919 pauc

250 934 303 987 not
317 946 429 987 omnem
440 930 581 986 dominam
592 927 792 985 densescente
806 924 881 979 hooc
893 923 1049 979 inondum?
1109 930 1176 987 dicit
1184 932 1324 988 Dominus
1344 948 1350 988 :
1369 932 1735 999 Caromeooercestatdas,·
1751 944 1777 991 ει
1800 936 1835 992 dc
1857 938 1908 993 hoc

251 1020 349 1091 poterit
362 1017 416 1076 dici
431 1015 533 1075 effusus
548 1034 596 1091 pro
619 1014 759 1072 omnibus.
792 1010 926 1068 Omnibus
952 1010 1050 1066 obtulit
1104 1020 1167 1076 vino
1190 1038 1196 1074 :
1216 1022 1338 1094 Scapula
1357 1038 1436 1079 raras
1453 1039 1515 1079 aare
1530 1027 1674 1097 estpotna,
1691 1032 1717 1081 et
1732 1025 1830 1080 iterum
1844 1026 1906 1081 ait:

250 1109 377 1180 poculum
408 1108 513 1175 salutis,
541 1104 613 1179 qaod
641 1104 685 1159 alii
709 1108 877 1174 receperunt,
901 1100 947 1155 &lii
974 1100 1048 1157 teci·
1107 1110 1159 1178 Qut
1169 1112 1325 1168 manducat
1336 1128 1452 1167 curnem
1466 1116 1591 1168 meamet
1602 1112 1670 1169 ttttt
1686 1130 1780 1169 meum
1791 1116 1908 1185 sanqui-

249 1202 315 1269 pere
329 1198 483 1265 uoluerunt,
499 1196 570 1251 sicat
590 1192 713 1249 medians
727 1190 804 1247 verrit
830 1204 929 1246 curare
957 1202 1048 1261 aegro·
1108 1196 1469 1268 sremtnmemanetetho
1481 1198 1552 1253 iaco
1564 1198 1655 1269 (tonat.
1672 1198 1726 1264 vr).
1751 1198 1859 1271 Corpus
1881 1205 1908 1255 ει

250 1293 318 1356 tam,
335 1286 592 1359 quamtumannon
607 1289 691 1349 curat,
715 1286 831 1352 propter
851 1278 1048 1349 negligentiam
1108 1284 1222 1357 sangnis
1251 1283 1358 1339 Domini
1393 1284 1457 1340 Jasu
1485 1284 1584 1341 Christi
1607 1284 1708 1342 dicitur
1735 1302 1780 1343 res
1815 1302 1906 1345 sacra

249 1376 345 1447 aegaoti
360 1374 489 1430 mandata
501 1389 555 1430 nou
569 1370 756 1429 custodientis.
781 1368 894 1438 Quoties
916 1368 975 1424 litos
1001 1382 1047 1421 aa·
1105 1374 1199 1440 menti,
1217 1374 1322 1429 scilicet
1334 1374 1440 1430 occulta
1456 1374 1506 1429 snb
1523 1374 1658 1446 praedictis
1674 1376 1813 1447 specibus,
1823 1386 1850 1433 et
1865 1382 1906 1433 εει

248 1468 387 1517 uramenta
411 1456 580 1524 conficimus,
603 1456 760 1528 passionem
783 1452 893 1508 Domini
920 1450 1051 1509 memori·
1107 1470 1307 1519 sacramentnm
1324 1462 1419 1518 altaris
1436 1463 1485 1529 rei,
1508 1462 1616 1520 scilicet
1639 1462 1712 1521 illius
1735 1482 1797 1539 qua
1825 1466 1906 1521 datur

252 1557 297 1604 ter
324 1557 419 1606 tenete
444 1548 590 1613 debemus,
613 1551 640 1601 ⁰1
663 1552 779 1600 ιῐιθιῑθιΰ
797 1543 881 1598 ⁰⁰ld0
909 1549 936 1597 θῑ
967 1556 1052 1612 opera
1106 1552 1202 1623 gratia
1221 1559 1247 1606 ει
1262 1550 1425 1609 dilectionis.
1442 1552 1536 1625 ltaque
1551 1552 1724 1625 primumest
1746 1570 1906 1612 sacraman-

250 1638 482 1713 ChtiSiOgttfittS
505 1642 628 1710 Εὲθΰῑθῧι
655 1634 703 1707 qui
731 1649 780 1705 l)er
807 1645 915 1704 gustum
944 1646 1052 1686 assum-
1108 1648 1164 1695 tum
1191 1649 1303 1708 tantum,
1328 1640 1478 1697 secundum
1498 1658 1543 1699 res
1568 1643 1732 1699 sacramenti
1758 1652 1784 1701 et
1813 1660 1906 1701 sacra·

247 1734 302 1801 plae
314 1726 492 1783 humanitatis
507 1724 715 1781 nosintllaiad
739 1730 862 1796 gttsltlm,
883 1719 989 1778 Scilicet
1015 1719 1089 1819 ΜΒ
1108 1738 1246 1798 mentum
1276 1732 1385 1787 tertium
1420 1746 1464 1787 pes
1489 1740 1593 1789 tantum
1622 1740 1648 1788 et
1676 1749 1732 1787 non
1746 1748 1903 1790 sagramen-

248 1824 413 1873 emeremni
434 1809 865 1889 coguitionemsuadiviaitatis.
895 1810 1045 1882 Propterea
1104 1825 1176 1887 rum
1193 1818 1332 1876 sciendum
1349 1820 1481 1891 estquod,
1502 1820 1600 1893 duplex
1624 1830 1665 1877 ρει
1694 1824 1812 1889 sumpno
1836 1839 1902 1880 cor.

245 1906 280 1962 ad
296 1906 479 1962 renovandam
494 1903 629 1977 passionis
644 1901 815 1964 memoriam,
831 1898 930 1955 affectu
954 1900 1047 1970 lacry·
1100 1906 1175 1980 poris
1190 1916 1216 1964 ea
1237 1908 1380 1982 sanguinis
1408 1908 1527 1979 Domini,
1560 1912 1766 1966 sacramentis
1792 1920 1820 1967 et
1848 1912 1901 1984 spi.

245 1994 349 2062 masia,
364 1992 517 2053 accessuris
531 1992 565 2048 ad
580 1993 633 2048 hoc
655 1998 856 2047 sacramentum
886 1988 922 2043 ait
950 1986 1046 2043 Domi·
1099 1996 1216 2053 estuans.
1250 1998 1446 2054 sacramentali
1476 1999 1678 2055 communicant
1700 2000 1765 2055 boni
1780 2008 1809 2057 er
1828 2001 1901 2068 mati,

244 2102 296 2141 nus
311 2078 982 2159 :nummorumquefeceritis,sanemarium
990 2078 1048 2133 otti
1103 2085 1231 2141 soliboni
1245 2084 1391 2158 spirituali.
1412 2088 1451 2143 Dc
1473 2088 1665 2143 sacramentali
1692 2088 1757 2145 dicit
1785 2092 1900 2160 Aposto-

245 2175 449 2247 societtsaoc.
461 2172 547 2243 ιιιι).
566 2170 676 2228 Sciebat
691 2171 763 2224 enim
778 2174 955 2225 monumenta
973 2166 1047 2221 scri·
1103 2174 1145 2229 lus
1163 2190 1169 2229 :
1187 2172 1240 2243 Qut
1261 2176 1417 2232 manducat
1442 2192 1558 2232 carnem
1582 2180 1611 2233 ει
1637 2177 1705 2233 atate
1731 2181 1900 2250 sanquinem

244 2272 383 2336 pturarum
397 2262 431 2317 ad
451 2262 509 2318 lraec
523 2276 580 2317 noa
596 2257 730 2325 sufficere,
747 2273 799 2313 nec
818 2256 959 2328 scripturis
984 2254 1047 2309 aui·

237 2354 304 2408 'mos
320 2348 492 2424 sequentium
507 2350 540 2405 ad
565 2364 625 2405 eum
655 2346 822 2421 diligendum
839 2352 916 2400 tanta
942 2342 1047 2399 morari

243 2440 401 2507 devotione,
417 2446 518 2511 quanta
533 2442 715 2494 moverentur
736 2435 798 2507 ipso
822 2430 1047 2504 proseucticis

242 2530 315 2586 enim
333 2529 391 2586 siue
407 2526 519 2603 lugubri
534 2526 743 2597 compunctione
757 2531 846 2596 potest
861 2524 932 2578 hanc
946 2523 1046 2577 immo·

247 2619 377 2676 lationem
412 2617 634 2689 repracsentare?
654 2614 716 2686 quis
739 2621 835 2668 tenens
865 2613 892 2666 in
918 2611 1047 2666 manibus

244 2705 396 2765 Dominam
426 2719 505 2761 suum
529 2720 580 2777 pro
601 2720 632 2759 εε
655 2700 822 2758 crucifixum
851 2710 879 2756 ει
910 2706 1047 2756 mortuum

241 2797 319 2871 quasi
346 2811 441 2852 servus
470 2808 588 2867 nequam
616 2799 643 2847 ct
679 2791 823 2846 immemor
852 2787 1046 2844 beneficiorum

1100 2264 1212 2320 Donaint
1230 2263 1366 2336 indique,
1387 2280 1452 2321 reas
1472 2268 1529 2321 crit
1553 2266 1678 2338 eorporis
1700 2270 1728 2323 ct
1748 2270 1899 2339 sanquinir

1100 2353 1216 2407 Domini
1242 2352 1266 2423 (l
1294 2351 1354 2408 Cor.
1384 2354 1436 2423 ιιι).
1467 2354 1506 2408 Dc
1531 2353 1665 2425 spirituali
1689 2354 1824 2411 Dominus
1841 2356 1897 2410 ait:

1102 2440 1900 2517 Qoimoadacotnteomcaruem,etbioitmeumannpoi·

1101 2530 1272 2600 acm,lrolret
1291 2532 1377 2586 vitam
1392 2532 1640 2603 aternamttoan.
1672 2534 1719 2602 rr),
1749 2542 1777 2588 ει
1807 2534 1900 2589 beatus

1101 2620 1269 2692 trigesimus
1286 2634 1293 2674 :
1312 2641 1323 2669 ι
1341 2618 1437 2685 Crede,
1449 2626 1475 2675 ct
1488 2620 1669 2685 manducasti,
1687 2642 1697 2671 ι
1716 2622 1898 2693 quodintelli·

1101 2709 1221 2779 gendum
1243 2716 1293 2773 cst,
1319 2708 1341 2763 si
1371 2724 1424 2763 non
1452 2708 1533 2764 suerit
1561 2718 1732 2781 contemptus
1748 2710 1898 2784 religionis,

1102 2796 1150 2852 scd
1166 2805 1279 2852 eventas
1295 2796 1479 2853 necessitatis.
1500 2798 1539 2853 lta
1554 2796 1658 2868 duplex
1673 2806 1714 2854 ast
1737 2814 1802 2856 caro
1819 2800 1900 2855 Chri-

240 2891 397 2943 coutcmnat
426 2883 499 2955 quod
527 2885 615 2937 morte
640 2894 689 2935 sua
709 2877 876 2950 conscripsit
896 2884 1046 2932 testamen·
1101 2880 1134 2935 sti
1160 2898 1166 2935 :
1191 2880 1237 2937 illa
1265 2898 1326 2954 quas
1354 2890 1417 2937 nata
1440 2890 1481 2937 εει
1500 2880 1534 2937 de
1559 2882 1680 2953 Virgine.
1700 2892 1726 2939 ει
1741 2884 1858 2942 sumitur
1872 2886 1898 2940 in

242 2975 323 3031 turni
347 2973 393 3030 hio
405 2973 509 3043 justitia
527 2972 591 3029 iidei
615 2970 781 3029 concalescit
806 2970 834 3024 iu
862 2968 971 3025 camino
985 2968 1048 3022 olra-
1101 2979 1283 3037 sacramento,
1311 2978 1338 3025 ει
1360 2986 1389 3027 ει
1416 2986 1474 3042 quaa
1496 2972 1675 3027 munducatur
1697 2970 1815 3028 fideliter
1842 2989 1901 3029 cre·

239 3063 338 3130 sitatis,
367 3062 414 3118 ubi
440 3061 513 3135 ignis
537 3070 579 3119 cst
600 3076 654 3117 nou
676 3060 850 3123 comburens,
876 3058 924 3113 sed
946 3056 1046 3111 illumi·
1100 3056 1200 3121 deride,
1217 3060 1277 3115 sina
1297 3076 1348 3131 qua
1369 3076 1423 3115 non
1452 3061 1563 3132 prodest
1587 3060 1806 3129 sacramentalis,
1837 3062 1900 3135 qnia

238 3168 329 3219 nans,
353 3167 408 3208 non
431 3166 595 3208 consumens
617 3148 664 3205 sad
697 3146 846 3206 aediticans.
873 3146 954 3203 Unda
978 3160 1045 3201 cum
1062 3122 1087 3184 C
1102 3148 1175 3204 Deus
1198 3148 1356 3213 declaravit,
1379 3149 1472 3205 dicens
1497 3166 1505 3203 τ
1531 3149 1600 3207 Coro
1614 3166 1672 3206 non
1696 3150 1808 3224 prodest
1822 3152 1900 3223 quid-

238 3241 371 3298 Domiuus
382 3236 909 3311 addiscipulossuoslaqueusdicerct:
922 3234 979 3302 Quo
1000 3248 1047 3305 epo

239 3332 308 3387 vodo
318 3346 365 3386 oos
375 3344 434 3385 non
443 3329 562 3401 potestis
574 3329 671 3383 ventre
686 3327 781 3397 (loon.
802 3324 867 3394 νιιι)
882 3323 922 3379 sui
938 3336 1046 3378 mamo-

238 3418 309 3475 riam
323 3416 534 3487 commendavit,
550 3422 579 3471 ut
594 3415 621 3470 in
631 3416 693 3489 ejus
706 3414 862 3469 memoriam
874 3412 1047 3476 intenderant

239 3521 302 3563 cura
318 3506 396 3579 sequi
411 3506 470 3561 lraec
485 3502 664 3562 conficientes
689 3508 871 3560 sacramenta.
891 3499 973 3569 Qtrod
996 3500 1046 3555 Pe-

238 3604 282 3652 tro
296 3590 472 3668 interroganti
487 3594 617 3664 Domi-ne,
630 3610 683 3667 qao
699 3592 804 3649 vadis?
818 3604 979 3662 responsum
1004 3600 1046 3647 cst

238 3697 255 3738 a
269 3678 386 3736 Domino
399 3697 405 3734 ι
418 3678 478 3746 Quo
488 3694 536 3750 eoo
547 3676 627 3743 oudo,
640 3693 697 3734 uon
707 3680 785 3750 potes
795 3693 838 3733 me
854 3672 932 3731 modo
947 3672 1044 3744 sequti:

238 3770 363 3845 sequaris
374 3773 471 3825 autem
479 3771 576 3842 postea
586 3768 681 3839 (toan.
700 3766 775 3839 ιιιι).

239 3964 310 4021 Gar.
329 3962 418 4021 Xllll.
438 3958 929 4035 triplexqaoestr’ooiracmateriam
947 3972 1042 4015 socro-

529 4052 623 4106 menti
636 4048 750 4106 altaris.

274 4232 335 4289 iloc
344 4237 435 4285 autam
443 4226 505 4285 loco
514 4226 734 4298 pratereundum
746 4241 800 4280 noo
811 4232 853 4279 εει
863 4239 949 4296 quare
960 4222 1039 4295 panis

239 4326 267 4375 et
280 4318 372 4375 viuum
385 4318 531 4375 offerantur
545 4316 580 4372 ad
594 4315 749 4371 laciendum
760 4314 813 4371 hoc
825 4322 1037 4374 sacramentum,

240 4416 267 4465 et
281 4406 306 4463 si
317 4405 368 4461 sub
381 4414 496 4477 utraque
510 4405 602 4476 specie
617 4411 796 4461 cousecratur
810 4417 920 4473 corpus,
936 4409 1038 4457 etsen-

240 4494 303 4569 guis
317 4493 437 4562 Domini,
451 4508 487 4551 an
501 4493 553 4549 sub
566 4493 649 4549 attera
664 4500 777 4561 mutum,
794 4499 821 4548 ει
836 4506 884 4547 cur
894 4490 1042 4548 immolatio

239 4584 288 4641 fiat
299 4584 335 4641 da
347 4598 453 4655 azymo,
470 4590 497 4638 et
510 4598 564 4637 non
577 4582 612 4637 de
625 4580 796 4637 larmeutato.
812 4578 880 4635 Tria
890 4580 917 4635 iu
932 4580 984 4637 hoc
995 4594 1039 4635 sa·

240 4682 381 4733 eramento
396 4670 478 4728 fidem
492 4670 671 4743 interrogant,
687 4678 768 4742 atqua
781 4670 902 4726 animam
911 4678 983 4727 recte
995 4684 1039 4725 sa·

240 4762 352 4837 picatis,
366 4770 392 4818 ει
405 4759 521 4817 fideliter
534 4758 710 4831 intelligentis
725 4760 758 4814 ad
774 4760 943 4815 credendum
959 4758 1039 4814 solli-

241 4854 326 4909 citant
342 4867 348 4906 :
363 4867 446 4906 uuum
461 4858 504 4906 εει
518 4848 624 4920 specics
639 4848 718 4920 panis
733 4856 759 4903 ει
773 4848 838 4916 vini,
854 4848 929 4903 aliud
941 4863 1040 4919 corpus

242 4950 270 4999 et
292 4940 407 5013 sanquis
435 4938 565 5005 Domiui;
595 4936 693 4995 iterum
717 4936 781 4993 unio
804 4937 988 4995 membrorum
1014 4944 1040 4993 ει

242 5030 350 5102 capitis.
380 5030 500 5083 Primum
524 5034 635 5099 apparet
660 5026 763 5096 sensui,
788 5028 938 5082 secuudum
960 5042 1041 5082 rava-

241 5119 312 5175 latur
344 5116 417 5183 tidai,
443 5116 550 5173 tertium
577 5114 658 5171 efficit
679 5115 764 5171 virtus
783 5114 959 5171 sacramenti.
982 5112 1043 5169 Pri·

243 5223 319 5263 mum
333 5207 420 5262 virtus
440 5204 567 5277 percipit,
595 5204 743 5261 secundum
773 5203 842 5259 tides
869 5203 989 5261 intuetur
1016 5211 1043 5259 ct

241 5296 340 5363 credit,
364 5294 472 5351 tertium
493 5301 535 5349 εει
558 5293 645 5365 gratia
670 5290 794 5349 salutaris
812 5309 862 5364 per
881 5309 963 5366 qoam
988 5292 1042 5350 duo

243 5384 349 5443 suntin
372 5399 456 5441 carna
480 5398 544 5453 uua,
572 5382 698 5438 Christos
722 5390 749 5437 ct
772 5382 904 5438 Ecclesia.
934 5382 1042 5438 Secun-

242 5475 308 5531 dum
323 5481 364 5531 εει
378 5489 425 5529 res
440 5470 531 5545 primi,
557 5471 668 5527 tar-tium
688 5467 803 5527 effeetus
827 5471 954 5528 secundi.
972 5472 1042 5527 Nam

242 5558 350 5631 species
364 5556 443 5629 panis
465 5564 491 5611 ει
511 5554 566 5613 viui
590 5562 693 5610 tantum
719 5562 760 5611 est
782 5563 995 5625 sacramentum,
1013 5556 1041 5613 id

242 5653 286 5703 est
306 5660 393 5703 saara
415 5642 494 5701 reict
509 5639 653 5700 invisibilia
680 5642 787 5699 visibila
817 5642 938 5717 signum.
962 5644 1042 5716 Quod

243 5729 317 5787 caim
331 5722 444 5802 ridetur,
459 5731 568 5805 siguum
584 5737 625 5787 εει
648 5731 706 5802 ejus
728 5731 803 5803 quod
833 5748 887 5789 uon
915 5734 1036 5791 videtur.

1102 3254 1210 3311 quarn,
1247 3238 1364 3311 spiritus
1399 3244 1441 3295 est
1464 3240 1512 3312 qut
1538 3239 1663 3309 vivificat
1690 3240 1789 3311 (idid),
1820 3241 1899 3313 quasi

1102 3322 1206 3379 diceret
1229 3342 1238 3379 :
1261 3322 1379 3378 Carnem
1414 3338 1503 3378 meam
1539 3338 1648 3380 samara
1684 3333 1709 3379 ct
1737 3325 1899 3398 sanguinem

1100 3425 1191 3466 mcum
1213 3410 1307 3467 bibere
1331 3410 1479 3483 quidquam
1497 3426 1551 3467 nou
1575 3412 1696 3482 prodest,
1722 3413 1777 3467 uisi
1805 3414 1898 3484 perci-

1101 3500 1190 3573 piatur
1204 3498 1257 3555 side
1272 3508 1298 3555 ει
1314 3500 1461 3556 charitats.
1480 3500 1547 3555 Cum
1562 3500 1635 3555 caim
1657 3500 1791 3557 Dominus
1818 3502 1897 3559 dixe·
1968 3508 1969 3513 ’

1099 3586 1134 3641 rit
1152 3602 1158 3640 :
1175 3586 1235 3643 aas
1254 3586 1316 3659 qais
1333 3594 1451 3643 renatos
1467 3587 1558 3657 fuerit
1578 3602 1616 3643 ec
1635 3602 1709 3659 aqua
1731 3590 1759 3642 ct
1783 3586 1899 3659 Spiritu

1099 3688 1206 3753 sonato,
1217 3700 1278 3739 non
1291 3686 1384 3755 potest
1399 3684 1519 3741 introire
1534 3684 1566 3740 in
1587 3700 1705 3758 reanum
1729 3686 1782 3741 Det
1804 3686 1898 3755 (toan.

1099 3782 1159 3853 ιιι),
1190 3780 1268 3836 malti
1290 3788 1379 3839 tamen
1401 3781 1565 3837 introicrunt
1589 3782 1618 3837 iu
1642 3798 1759 3857 regnum
1790 3784 1837 3839 Dei
1866 3784 1895 3838 iu

1098 3879 1231 3953 sanguine
1247 3896 1296 3936 sno
1320 3878 1460 3951 baptizati.
1487 3878 1531 3936 Sic
1554 3894 1667 3937 carnem
1696 3882 1797 3937 Christi
1823 3898 1900 3937 man·

1096 3976 1207 4041 ducara,
1225 3984 1266 4032 est
1280 3992 1340 4033 auru
1355 3992 1463 4033 sumere
1490 3974 1517 4032 iu
1540 3976 1643 4049 Spiritu
1667 3984 1693 4033 ει
1707 3978 1836 4035 veritate.
1863 3978 1899 4033 Et
1966 3972 1967 4001 ³

1095 4072 1154 4127 haeo
1168 4070 1286 4143 sumptio
1300 4070 1427 4125 omuibus
1443 4079 1487 4127 ast
1509 4070 1544 4127 ad
1568 4070 1693 4141 salutem,
1718 4072 1783 4128 nulli
1805 4084 1898 4129 autem

1093 4168 1128 4223 ad
1143 4167 1358 4225 damnationem.
1382 4168 1460 4225 Uada
1484 4168 1617 4227 Dominus
1633 4187 1640 4225 :
1654 4168 1716 4226 litat
1739 4170 1899 4227 munduca-
1965 4228 1966 4233 ,

1094 4267 1194 4323 varitia
1205 4282 1320 4323 carnem
1330 4266 1396 4322 Filii
1407 4266 1530 4322 dominia
1539 4270 1568 4322 ct
1576 4266 1702 4323 biberitis
1713 4268 1776 4339 citra
1784 4270 1902 4341 sanqui-

1094 4382 1170 4433 nem,
1183 4380 1241 4421 non
1252 4364 1388 4421 hababitis
1398 4366 1487 4421 υἰιαιιι
1501 4366 1534 4421 ia
1549 4366 1622 4422 vobis
1633 4366 1724 4439 (toan.
1737 4370 1789 4433 ιι).
1805 4367 1902 4424 Sacra·

1058 4486 1084 4547 D
1099 4460 1224 4518 mentulis
1239 4461 1368 4533 sumptio,
1383 4460 1443 4517 aliis
1454 4468 1494 4519 est
1507 4460 1541 4516 ad
1555 4460 1646 4529 vitam,
1658 4462 1719 4518 aliis
1733 4462 1769 4518 ad
1780 4462 1899 4519 ruinam.

1095 4560 1125 4616 ln
1141 4558 1243 4616 talibus
1258 4560 1329 4616 caim
1346 4569 1537 4617 remuneratur
1549 4559 1634 4616 solius
1649 4558 1711 4617 fidei
1726 4569 1754 4617 et
1773 4560 1900 4618 dilectio·

1094 4658 1136 4715 uis
1152 4656 1275 4716 effectus.
1293 4659 1410 4732 Depane
1421 4668 1447 4716 et
1464 4659 1567 4716 vinolit
1578 4661 1900 4730 hocsacranrcnturu,ad

1095 4755 1309 4829 significandum
1335 4757 1408 4832 quod
1430 4756 1498 4815 sicut
1518 4758 1598 4830 panis
1621 4774 1670 4816 cor
1685 4758 1805 4815 laminis
1829 4774 1899 4815 con·

1095 4856 1301 4923 firmat,vinum
1326 4856 1452 4925 latificat,
1478 4856 1513 4912 ita
1541 4857 1593 4913 hoa
1621 4864 1826 4914 sacramentum
1854 4866 1898 4913 εει

1095 4954 1223 5013 fortitudo
1238 4963 1265 5011 ει
1288 4953 1379 5025 salus,
1402 4964 1429 5011 et
1450 4952 1571 5028 perlecta
1595 4954 1688 5011 laetitia
1710 4964 1898 5027 corporumet

1096 5051 1264 5109 animarum.
1287 5053 1328 5109 De
1353 5067 1425 5123 panc
1445 5052 1551 5111 triticeo
1572 5050 1727 5119 coniicitur,
1752 5052 1817 5125 quia
1844 5054 1898 5110 hoa

1097 5158 1139 5206 εει
1152 5166 1216 5209 aare
1231 5150 1299 5207 illud
1314 5166 1429 5223 granum
1451 5150 1486 5207 da
1508 5166 1562 5223 quo
1587 5149 1721 5207 Dominus
1739 5150 1778 5205 ait
1804 5164 1811 5207 :
1837 5153 1898 5209 lt'isi

1096 5249 1635 5321 pranumpomenttcusentinorum
1643 5250 1896 5320 mortuumsucrr't,

1096 5342 1900 5421 ipsomrotomaroaat(toon.xri),Soluschristnsdesccn·

1097 5446 1135 5500 dit
1153 5452 1179 5501 et
1193 5454 1318 5501 mortuus
1333 5450 1375 5499 εει
1390 5460 1398 5499 :
1414 5442 1489 5499 solua
1504 5458 1561 5498 uon
1572 5443 1703 5499 ascendit.
1717 5443 1780 5516 quia
1789 5442 1819 5498 in
1832 5460 1900 5518 pas·

1097 5543 1173 5601 sicae
1187 5542 1360 5617 germinavit,
1386 5540 1482 5608 crevit,
1507 5546 1534 5597 at
1548 5538 1577 5597 iu
1596 5547 1720 5613 segetem
1734 5541 1900 5600 innumera·
1949 5569 1954 5584 ·

1096 5640 1177 5727 lrilcm
1193 5638 1377 5698 fructificavit.
1398 5640 1438 5695 De
1462 5652 1557 5711 azymo
1579 5654 1650 5710 pauc
1664 5654 1720 5695 non
1734 5637 1900 5697 fermentato

1095 5732 1218 5795 ¹mrnotat
1238 5744 1331 5795 sancta
1344 5736 1467 5795 Romans
1482 5733 1617 5805 Ecclesia,
1633 5742 1662 5793 ut
1674 5744 1832 5811 expurgato
1844 5738 1900 5797 ler-
