3942 6067
76 335 125 389 aas
661 325 707 386 aa
727 327 846 386 bacan
862 315 996 384 'ruanis
1015 324 1161 385 aaran.
1680 330 1733 391 aaa

73 461 145 514 Deus
161 457 302 512 hominem
334 456 486 524 lorntassc,
510 464 538 511 et
559 455 714 526 paradisum
739 455 922 526 plantasseA
942 462 1037 510 centos
1061 452 1234 525 septuaginta
1257 470 1305 510 sert
1326 455 1388 510 dies
1411 455 1566 512 aedificavit.
1592 457 1647 512 lloc
1663 456 1735 512 enim

75 547 270 614 asseritur3et
285 546 433 604 animantia
448 556 475 601 at
490 545 565 618 ligna
581 547 615 602 de
630 554 702 602 terra
715 544 878 617 prodmisse
934 551 1044 614 ternpus
1066 552 1241 615 computatur
1273 543 1308 598 ab
1340 551 1438 601 octauo
1470 545 1606 601 Kalendas
1637 547 1737 617 Aprilis

76 636 188 706 legitur.
935 633 1045 705 quando
1070 640 1221 704 conceptus
1235 641 1287 698 est,
1304 649 1392 705 usque
1407 635 1443 690 ad
1458 638 1584 691 octavam
1600 635 1738 690 Kalendas

111 725 173 794 Qua
185 734 276 781 autera
286 725 331 780 die
343 725 532 792 hebdomadae,
541 724 585 780 rel
597 740 650 796 quo
661 723 768 783 ordina.
781 731 880 778 utrum·
935 721 1070 788 ianuarii,
1083 722 1288 799 quandonatus
1302 722 1352 777 luit
1368 723 1500 779 Christus.
1516 724 1606 779 Natus
1620 733 1660 780 est
1670 739 1739 797 ergo

76 831 109 869 ne
125 830 181 869 uua
194 813 240 869 die
256 813 299 870 rel
315 801 449 884 pluribus,
467 821 565 869 cuncta
581 813 608 866 in
624 813 731 884 specics
747 811 880 868 formara-
937 827 975 866 ru
992 811 1053 866 lial.
1071 809 1207 878 ianuarii,
1224 811 1372 868 indictione
1386 813 1474 879 tortia,
1487 812 1626 869 dominica
1639 813 1683 869 val
1698 814 1740 868 in·

77 904 119 969 rit,
136 903 292 976 ignoratur.
311 903 365 958 Sed
381 903 459 973 prius
473 902 545 959 lacta
562 901 655 957 mundi
671 900 798 956 machina
819 915 880 955 cum
936 900 988 968 ira,
1004 909 1096 956 nocte.
1112 903 1135 955 Α
1151 916 1204 973 qua
1219 900 1368 968 nativitate,
1384 902 1428 958 dic
1442 911 1540 958 actara
1563 902 1740 959 circumcidi-

77 991 283 1057 luminaribus,
318 991 418 1047 deinde
444 991 470 1046 iu
495 991 590 1062 primis
616 990 754 1046 hominem
778 989 805 1044 in
830 989 883 1044 hoc
938 999 990 1059 tur,
1009 997 1035 1044 et
1051 989 1095 1044 die
1113 989 1367 1063 quadragesimam
1383 991 1693 1062 templopraesentatur.
1710 993 1739 1046 ln

78 1081 198 1145 mundo,
216 1088 340 1151 utputa,
357 1080 496 1136 dominum
521 1079 630 1147 mundi;
658 1079 757 1148 eteius
775 1077 885 1132 hahita·
939 1094 993 1150 quo
1011 1077 1112 1148 templo
1127 1077 1280 1134 duodennis
1291 1077 1464 1148 adolescens,
1476 1079 1737 1150 sapieatcsinterro·

78 1171 198 1236 tionem,
215 1169 321 1226 scilicet
334 1170 511 1242 paradisum,
526 1169 646 1236 iecissc;
663 1168 761 1223 deiude
776 1167 810 1222 ad
825 1165 885 1238 ejus
940 1183 1011 1240 gans
1023 1166 1175 1233 insonitum
1188 1175 1214 1222 et
1226 1182 1297 1222 anno
1308 1167 1438 1224 uicesimo
1448 1175 1545 1224 octaro
1555 1170 1640 1239 (tto),
1652 1177 1677 1224 ct
1688 1175 1743 1224 ter·

79 1259 295 1328 subjectionem,
313 1259 463 1314 animantia
487 1258 641 1324 uolucrum,
658 1258 776 1328 piscium
791 1265 817 1311 et
834 1256 885 1311 ha·
941 1257 975 1310 tia
994 1253 1096 1310 Christi
1112 1255 1156 1310 dic
1172 1254 1303 1312 tricesimi
1318 1257 1380 1311 anni
1396 1273 1410 1311 a
1425 1258 1529 1312 loanne
1545 1258 1704 1327 baptizatur,
1715 1267 1743 1314 et

79 1349 209 1414 stiarum,
226 1355 360 1403 eteorum
377 1347 487 1412 rictum,
505 1347 630 1402 ridelicct
644 1347 746 1404 herbas
761 1353 788 1400 ct
803 1345 886 1400 arbo·
942 1344 1082 1400 tricesimo
1100 1344 1178 1400 tertio
1194 1360 1265 1401 anna
1280 1353 1307 1401 et
1322 1345 1433 1401 dimidia
1447 1355 1543 1402 octava
1553 1347 1615 1402 lial.
1628 1347 1743 1419 Aprilis,

84 1454 139 1497 res,
151 1436 322 1508 produxisse
337 1444 455 1508 putatur.
466 1435 535 1504 Quae
545 1445 644 1492 cuncta
660 1450 723 1490 mox
738 1433 886 1498 crouland
944 1449 999 1506 qua
1013 1433 1058 1489 dia
1074 1442 1226 1505 conceptus
1236 1433 1333 1500 iuerat,
1346 1435 1474 1491 aludaeis
1483 1436 1741 1508 comprehenditur:

81 1527 223 1582 hominem
240 1526 320 1580 dareta
341 1525 472 1598 leguntur
488 1543 494 1579 :
511 1533 573 1596 post
589 1541 650 1597 qum
666 1532 693 1580 at
706 1522 804 1578 mulier
827 1522 887 1577 ior·
945 1539 1063 1594 quorum
1078 1521 1171 1596 lingua
1185 1523 1312 1594 primum,
1328 1525 1396 1579 hora
1420 1523 1503 1580 tertia
1524 1523 1701 1598 crucifigitur,
1716 1534 1744 1580 et

83 1624 167 1679 rnata,
183 1623 210 1669 ct
226 1623 326 1670 cuncta
340 1613 364 1670 ei
381 1613 506 1685 subjecta
520 1615 683 1670 referuntur.
712 1613 807 1669 Utrum
821 1626 888 1666 vero
945 1621 1024 1667 sexta
1039 1627 1088 1682 per
1102 1613 1204 1668 milites
1218 1612 1245 1668 in
1261 1629 1342 1669 cruca
1355 1613 1519 1670 sustollitur.
1545 1615 1575 1669 ln
1596 1631 1648 1687 qua
1662 1629 1745 1671 cruce

80 1707 164 1761 homo
180 1703 284 1759 diutius
298 1703 325 1758 in
341 1703 469 1774 paradiso
485 1703 626 1768 manserit,
643 1701 800 1767 dubitatum
825 1699 890 1756 licet
947 1717 998 1772 per
1009 1709 1065 1756 tres
1079 1702 1173 1768 boras,
1190 1701 1217 1757 id
1232 1710 1275 1757 est
1288 1709 1403 1773 sextam,
1413 1705 1558 1776 septimam
1571 1712 1596 1759 et
1609 1712 1743 1769 acturam,

80 1793 168 1848 multo
185 1800 309 1864 tempore
323 1791 390 1847 inihi
405 1793 542 1848 habitasse
557 1807 574 1847 a
587 1791 711 1863 pluribus
727 1798 877 1845 astruatur.
898 1819 924 1880 B
946 1789 1005 1855 suit,
1021 1798 1106 1862 atque
1121 1792 1190 1846 hora
1208 1807 1281 1847 nona
1295 1793 1452 1863 exspiravit.
1468 1797 1492 1849 h
1508 1808 1563 1864 qua
1576 1793 1644 1849 hora
1658 1809 1745 1866 usque

85 1883 171 1955 igitur
190 1881 216 1936 in
232 1882 276 1936 his
291 1881 401 1938 aeternis
416 1898 462 1937 sex
477 1880 575 1936 diebus
589 1878 664 1936 'aleus
679 1888 773 1936 cuncta
785 1893 883 1935 eausa·
939 1879 974 1934 ad
989 1877 1143 1936 diluculum
1158 1879 1366 1937 resurrectionis
1380 1890 1441 1938 suat
1455 1881 1640 1955 quadraginta
1653 1882 1740 1952 horae,

83 1971 144 2027 liter
160 1971 276 2036 crearit,
292 1979 319 2026 et
334 1971 368 2028 ah
381 1970 455 2026 ornni
471 1985 555 2042 opere
569 1969 595 2024 ia
611 1969 728 2041 septimo
742 1967 884 2040 requierit.
940 1967 1002 2038 ipsa
1012 1983 1122 2040 quoquc
1132 1969 1282 2024 horunana
1292 1975 1500 2026 connumerata.
1516 1970 1565 2025 llis
1579 1971 1652 2026 enim
1667 1971 1744 2026 horis

85 2063 112 2116 ln
128 2061 191 2115 istis
203 2067 296 2115 autem
307 2059 504 2131 temporalibus
515 2059 606 2115 omnia
618 2057 778 2129 temporalia
788 2067 815 2113 et
825 2073 886 2114 cor·
942 2071 1046 2128 corpus
1062 2056 1162 2112 Christi
1177 2057 1303 2113 exanime
1316 2058 1411 2130 jacuit,
1428 2059 1501 2132 quod
1516 2059 1634 2130 positum
1654 2068 1698 2116 est
1716 2061 1745 2116 iu

84 2149 195 2220 paralia
220 2147 332 2204 realiter
346 2166 397 2220 per
411 2149 518 2221 species
534 2157 559 2204 et
573 2147 676 2204 formas
692 2147 771 2214 lecit;
797 2146 886 2218 legem
943 2143 1074 2216 sepulcro
1089 2145 1216 2217 s·espcri;
1242 2146 1268 2201 in
1285 2163 1338 2218 quo
1354 2164 1404 2219 per
1417 2147 1525 2220 triginta
1539 2164 1586 2204 sex
1601 2150 1684 2204 horas
1698 2165 1746 2205 re-

82 2237 243 2302 crescandi,
254 2238 441 2309 permanendi,
455 2237 508 2293 alia
519 2253 551 2293 ex
568 2253 597 2293 se
611 2236 745 2310 gignendi
759 2235 843 2292 dedit.
855 2235 888 2290 lit
942 2232 1058 2306 quierit.
1084 2234 1245 2307 Resurgens
1269 2242 1362 2290 autem
1383 2234 1514 2303 diluculo,
1530 2235 1620 2306 prima
1635 2237 1747 2292 sabbati

83 2331 141 2384 tuac
156 2335 258 2384 cuncta
270 2327 355 2383 Filius
368 2343 430 2383 cum
448 2328 527 2382 Patre
542 2343 628 2398 usque
644 2326 725 2382 modo
741 2334 886 2396 operatur:
942 2338 991 2394 per
1006 2323 1189 2396 quadraginta
1203 2323 1263 2378 dies
1277 2323 1305 2377 in
1320 2325 1403 2380 terris
1417 2332 1597 2381 conversatus
1621 2334 1672 2395 ast,
1698 2325 1745 2381 ubi

84 2433 134 2487 per
149 2432 234 2488 (quem
249 2415 339 2473 adbuc
354 2415 444 2472 omnis
456 2431 592 2482 corporea
607 2423 730 2472 creatura
746 2413 773 2469 in
788 2413 887 2470 melio·
943 2410 1045 2478 soluit,
1063 2420 1090 2467 et
1104 2412 1242 2484 quomodo
1258 2412 1355 2468 uoluit.
1374 2413 1593 2487 Quadragesimo
1607 2431 1674 2471 vero
1687 2415 1744 2482 die,

84 2523 141 2560 rum
158 2513 262 2561 statum
276 2505 493 2561 transformatur.
944 2499 1100 2558 ridentibus
1115 2499 1247 2572 apostolis
1262 2501 1329 2568 suis,
1339 2502 1425 2558 coeloa
1439 2502 1582 2576 ingressus
1595 2511 1648 2569 est,
1663 2511 1745 2576 atque

401 2595 513 2651 CAPUT
534 2595 577 2649 Vl.
944 2589 970 2643 in
987 2589 1099 2644 dextera
1114 2589 1157 2644 sui
1172 2589 1260 2644 Patris
1275 2590 1386 2646 resedit.
1397 2590 1475 2647 Unde
1486 2591 1530 2647 die
1541 2592 1746 2648 ahusccnsione

301 2685 338 2740 lle
358 2685 559 2742 lrrnornationa
576 2683 692 2740 Cluisti.
944 2678 1053 2734 decima
1076 2678 1203 2748 Spiritum
1229 2684 1356 2735 sanctum
1381 2694 1464 2750 super
1491 2679 1630 2751 apostotos
1652 2680 1739 2737 misit.

119 2773 470 2846 lngressaSapientiahei,
482 2781 580 2830 octavo
591 2771 849 2842 liniendashprilis,
862 2770 888 2824 in
945 2767 1004 2836 Qua
1018 2766 1064 2822 dia
1080 2767 1167 2823 tactus
1183 2775 1225 2822 est
1240 2768 1322 2824 homo
1337 2768 1453 2839 primus,
1470 2768 1566 2825 eadem
1580 2769 1626 2826 die
1640 2785 1742 2828 conce·

85 2873 195 2919 uterum
205 2863 234 2918 a.
247 2861 472 2934 rit-pinisllariae,
481 2877 554 2918 anno
563 2861 597 2916 ah
608 2861 715 2934 origine
725 2859 819 2916 mundi
828 2875 888 2931 qua·
943 2863 1006 2928 ptus
1022 2863 1065 2910 est
1079 2855 1160 2912 lromo
1176 2855 1323 2913 secundus.
1336 2857 1418 2913 Sexta
1429 2859 1501 2912 enim
1516 2858 1562 2914 die
1572 2859 1688 2916 ethome
1698 2876 1746 2916 re·

84 2961 126 3007 ter
133 2949 439 3007 millesimocantesimo
448 2949 618 3022 octogesimo
627 2957 734 3022 quarto,
742 2948 829 3005 acturi
838 2963 891 3002 ma·
945 2953 988 2999 tus
1003 2943 1092 3000 iactus
1107 2952 1150 3000 est
1164 2943 1192 2999 in
1205 2943 1344 3018 paradiso,
1357 2953 1383 3002 et
1398 2946 1480 3002 homo
1494 2963 1582 3005 riorus
1596 2957 1745 3021 conceptus

86 3041 133 3113 gui
142 3039 284 3112 paschalis
292 3038 588 3112 cycliquiugentesimo
599 3038 678 3094 tertio
689 3037 806 3103 decimo,
815 3035 891 3094 Octa·
944 3033 972 3087 in
988 3041 1067 3089 utero
1080 3032 1210 3106 t'irgmis.
1222 3035 1257 3089 iit
1267 3050 1325 3107 qua
1334 3035 1403 3090 bara
1414 3043 1539 3094 terrenus
1553 3035 1638 3093 homo
1647 3037 1745 3095 invasit

84 3128 159 3186 riani
175 3128 292 3202 Augusti
309 3127 671 3202 quadragesimosecundo,
697 3125 768 3196 cycli
791 3123 890 3181 solaris
945 3138 1074 3193 pomum,
1101 3123 1251 3179 humanum
1272 3139 1362 3196 genus
1388 3124 1618 3197 interempturus;
1644 3127 1742 3182 cadem

84 3227 196 3286 octavo,
210 3217 281 3288 cycli
289 3217 518 3273 decennovenalis
533 3224 629 3272 octavo
639 3214 757 3281 decimo,
769 3213 839 3285 cycli
849 3213 888 3268 lu·
904 3189 928 3252 C
944 3211 1011 3268 hora
1024 3211 1153 3267 toleravit
1166 3227 1279 3270 crucem
1290 3220 1317 3269 at
1327 3213 1425 3270 mortis
1435 3214 1644 3271 amaritudinem
1658 3215 1744 3272 coele-

83 3308 162 3363 naris
174 3305 398 3378 quintodecimo,
410 3305 559 3361 indictione
567 3301 889 3364 secundaconcurrenti·
941 3300 990 3354 stis
1004 3301 1097 3370 homo,
1114 3301 1271 3358 universum
1289 3302 1418 3358 mundum
1439 3303 1638 3375 redempturus.
1654 3306 1741 3378 Ergo,

84 3393 172 3448 hus...
183 3390 297 3463 lipactis
307 3389 517 3461 septenis,t'cria
528 3389 684 3456 semaluos
694 3389 888 3454 decimanum
941 3396 968 3442 ut
983 3386 1101 3454 videtur,
1112 3389 1210 3446 eadem
1219 3390 1265 3447 die
1279 3399 1306 3447 et
1320 3391 1403 3447 homo
1415 3391 1547 3448 obediens
1560 3409 1622 3448 cum
1637 3393 1743 3448 latrone

83 3481 172 3537 ctiam
188 3482 276 3536 aetatis
297 3479 419 3549 ejusdem
444 3478 559 3553 uirginis
582 3478 754 3537 duodecimo.
779 3479 810 3532 ln
834 3491 888 3548 quo
942 3475 969 3530 in
984 3477 1143 3547 paradisum
1159 3479 1306 3536 revertitur
1322 3497 1329 3533 z
1346 3489 1374 3536 et
1386 3481 1470 3536 homo
1489 3480 1653 3538 inobediens
1678 3497 1741 3538 cum

84 3579 168 3626 utero
182 3585 285 3640 carpus
299 3584 377 3624 suum
393 3583 555 3640 pernoram
573 3584 683 3623 menses
706 3575 733 3622 et
755 3583 802 3622 sex
818 3565 887 3633 dias,
943 3565 1068 3636 muliere,
1082 3583 1139 3623 suta
1154 3566 1338 3625 damnationis
1352 3567 1477 3626 exsilium
1491 3569 1594 3627 intrare
1616 3571 1742 3645 compcl-

83 3660 112 3715 id
126 3667 181 3728 est,
198 3673 249 3730 per
263 3655 427 3731 quadragies
441 3657 532 3714 seties
548 3672 640 3724 senos,
652 3657 705 3712 hoc
720 3663 762 3713 est
776 3671 826 3728 per
839 3655 890 3710 du·
943 3649 1016 3709 litur.

120 3839 200 3910 (tta)
216 3837 357 3896 dentium.

246 4183 373 4325 ba
433 4183 755 4333 hauath
797 4187 1137 4332 cadurs
1191 4184 1580 4335 AEutrrt

665 4437 1172 4548 snrntruamraa.

87 4659 140 4712 tEx
168 4655 268 4714 codiee
297 4673 348 4712 ms.
377 4656 485 4730 tuctyta
514 4656 665 4714 Carthasim
694 4655 883 4716 Gemnicensis
910 4659 936 4716 in
965 4661 1072 4717 Austris
1100 4655 1312 4720 communicavit
1338 4663 1502 4721 venerahilis
1530 4666 1564 4722 P.
1597 4667 1747 4743 Laopoldus

258 4753 444 4826 wydemann,
460 4755 584 4826 ejusdem
600 4756 727 4814 asceterii
742 4755 974 4815 bibliothecarius.
991 4759 1084 4816 Edidit
1097 4759 1130 4817 Ι).
1147 4761 1301 4819 Bernartius
1316 4764 1409 4822 Pectus
1427 4766 1573 4824 Thesauri.

661 4853 794 4911 anecdot.
812 4863 831 4909 t.
852 4853 893 4926 tt,
915 4864 995 4927 parto
1015 4857 1040 4924 l,
1061 4874 1092 4930 p.
1117 4860 1173 4923 89.)

789 5019 1030 5029 Ἥ

125 5187 230 5244 Prima
245 5185 328 5258 plaga
337 5186 446 5261 AEgypti
461 5195 518 5243 erat
528 5203 601 5260 aqua
614 5189 642 5244 in
657 5189 819 5264 sanguinem
830 5209 891 5248 rer·
906 5195 932 5254 D
948 5207 1037 5264 genus
1051 5207 1206 5249 muscarum
1222 5202 1325 5251 terram
1340 5203 1367 5251 ct
1380 5212 1473 5253 aerem
1487 5197 1659 5268 replentium.
1682 5196 1747 5255 (Ζω-

91 5293 133 5338 sa,
148 5277 179 5330 in
192 5273 380 5348 quainlantes
404 5274 582 5332 Hebraeorum
607 5286 788 5346 necaverunt,
805 5289 832 5335 et
846 5280 891 5352 pi·
940 5295 993 5336 nos
1014 5279 1116 5353 quippe
1137 5299 1287 5340 commune
1313 5285 1421 5353 dicitur,
1447 5286 1519 5342 unde
1543 5293 1570 5342 et
1591 5288 1747 5344 coenobium

90 5381 153 5420 sees
169 5364 230 5433 ejus
255 5363 357 5418 mortui
381 5373 453 5420 sunt.
476 5364 604 5422 Secunda
625 5382 696 5422 ranae
720 5368 754 5422 dc
776 5367 842 5424 rivis
867 5377 894 5424 et
948 5371 1107 5426 comrnuais
1121 5373 1181 5428 aito
1195 5371 1361 5445 appellatur.
1380 5373 1480 5444 Quinta
1493 5374 1574 5446 plaga
1590 5383 1647 5431 erat
1660 5377 1748 5448 pesti-

91 5453 242 5523 paludibus
257 5451 373 5522 eductae,
383 5455 523 5525 replentes
531 5453 702 5528 superficiem
717 5455 791 5513 illius
801 5466 893 5515 terrae.
948 5457 1031 5514 lentie
1051 5458 1222 5516 animalium.
1242 5461 1325 5518 Sexta
1340 5477 1347 5516 τ
1363 5462 1477 5529 vesica,
1502 5464 1629 5534 pustula,
1653 5465 1747 5523 ulcera

89 5541 184 5596 Tertia
206 5539 359 5611 cyniphes,
387 5541 479 5596 idest
504 5541 617 5598 hircinae
647 5559 768 5613 muscae,
801 5544 895 5618 ignitis
949 5547 984 5602 de
1008 5547 1102 5604 cinere
1124 5549 1245 5607 fornacis
1266 5552 1353 5608 lacta.
1382 5551 1503 5623 Septima
1520 5552 1675 5623 :tonitrua,
1691 5555 1748 5612 iul-

90 5629 198 5687 aculeis
220 5627 379 5684 hominibus
394 5638 420 5686 et
431 5631 567 5700 jumentis
584 5633 766 5703 permolestae,
782 5634 817 5690 da
835 5633 895 5706 pul·
949 5639 1751 5710 guraetgrandinosomniacaedeates.Octaralocustaeet

89 5735 157 5775 rere
172 5725 256 5774 terra
269 5719 419 5789 producta.
442 5717 544 5788 Quarta
566 5721 724 5794 cynomyia,
741 5722 770 5777 id
790 5730 834 5778 est
850 5737 896 5779 ca·
950 5727 1055 5793 bruchi,
1070 5727 1115 5798 qai
1132 5727 1263 5800 reliquias
1277 5728 1420 5801 grandinis
1433 5730 1462 5785 ia
1476 5730 1570 5788 herbis
1589 5741 1617 5788 et
1638 5733 1748 5790 arbori-

90 5809 155 5864 niaa
189 5821 288 5863 musca
316 5807 360 5864 val
389 5806 479 5879 potius
502 5808 670 5882 coenomyia,
699 5809 727 5869 id
750 5818 791 5870 cst
814 5827 896 5873 omne
951 5815 1001 5872 bus
1026 5822 1212 5873 vastaverunt.
1236 5818 1316 5874 Nona
1341 5817 1496 5878 :tenebra
1519 5819 1673 5893 palpabiles
1699 5838 1749 5894 per

239 5907 361 5964 Panaca.
377 5907 510 5966 ccxxtt.
1590 5919 1607 5973 9
