3942 6067
250 322 284 381 ii
530 325 678 385 HONORH
694 327 944 387 AUGUSTODUN.
968 326 1048 385 OPP.
1069 328 1157 386 PARS
1177 330 1198 385 1.
1215 360 1249 371 -
1265 328 1403 386 DlDttSC.
1418 326 1464 385 st
1477 325 1615 385 aleton,
1866 329 1901 381 ts

248 469 378 538 animam,
394 467 464 525 sicut
477 482 532 525 non
546 468 661 525 dicimus
675 476 756 541 caput
771 469 866 527 mundi
881 486 943 528 esse
952 478 1044 542 caput.
1061 452 1205 526 Admitti
1219 469 1274 510 ⁰⁰¹¹
1288 453 1404 526 Ρθῧὸῑῦῑ·
1420 450 1500 509 Unde
1513 458 1640 523 “libem
1654 458 1823 521 ¹¹⁰⁸li⁰¹l¹ms
1838 466 1903 523 ‘1¹¹ae

246 558 324 613 Hanc
338 556 403 613 dicit
423 557 499 615 Plato
514 574 548 614 es
570 556 678 614 dividua
702 565 728 614 et
751 559 892 615 individua
914 559 1046 615 abstantia

246 662 309 703 esse
333 646 528 721 excogitatam,
547 654 575 703 et
598 660 631 702 ex
648 647 744 704 eadem
766 656 864 704 natura
879 656 905 705 et
926 647 1043 707 diversa.

247 733 330 803 Cuius
351 734 545 805 expositionem
567 733 592 788 si
614 733 675 806 quis
702 742 822 807 qnaerst,
852 735 881 793 in
911 736 1046 794 Glossullc

246 824 346 880 nostris
361 840 442 895 super
458 822 595 879 Platonem
609 822 739 881 inveniet.

279 912 398 968 Tertiam
413 926 501 985 genus
516 910 551 969 de
565 909 606 967 eis
619 927 682 985 qna
697 920 759 969 sunt
773 920 800 969 et
824 929 880 970 non
902 913 1042 981 videntur,

188 989 192 997 ’
245 1001 362 1057 diximus
377 1000 515 1057 demones
538 1014 622 1057 asse:
643 1000 678 1057 de
707 1001 806 1073 quibas
831 1009 949 1061 tractare
973 1001 1046 1060 inci-

231 1090 360 1162 pientes,
378 1090 502 1147 dieamus
517 1096 583 1161 quot
597 1088 705 1147 illorum
717 1098 780 1147 sunt
789 1091 913 1161 ordines,
924 1100 951 1149 et
961 1106 1048 1164 quare

245 1178 334 1249 vocati
348 1186 412 1235 suat
426 1179 577 1235 damonae.

177 1346 181 1351 ,
243 1286 310 1342 Car.
321 1285 394 1342 xvt.
409 1284 526 1354 -Quid
543 1287 582 1341 sit
595 1285 706 1343 calcate
720 1287 831 1343 animal
841 1286 1047 1344 etoetbercum.

281 1376 348 1431 tres
362 1374 446 1446 igitur
459 1374 615 1432 daemonum
629 1373 742 1431 ordines
754 1374 839 1431 voluit
852 1374 931 1431 Plato
946 1390 1049 1445 essee

245 1463 382 1534 superiori
395 1478 482 1535 nsque
496 1463 532 1519 ad
544 1463 637 1531 imum,
654 1462 722 1518 nihil
737 1463 796 1519 sine
819 1462 945 1521 rationali
969 1479 1049 1521 crea·

245 1561 307 1607 tara
321 1565 382 1607 esse
398 1550 548 1607 affirmans.
567 1551 638 1608 Dicit
659 1552 732 1607 enim
751 1551 778 1607 in
801 1552 972 1609 firmamento
987 1568 1049 1609 esse

244 1641 383 1713 quoddam
397 1640 529 1696 rationale
542 1640 650 1706 animal,
662 1641 736 1712 quod
746 1640 784 1696 ita
793 1638 911 1698 delinitae
923 1660 930 1696 :
942 1641 1048 1707 Animal

246 1728 389 1796 rationale,
405 1726 570 1799 immortale,
583 1726 707 1796 coelbste,
718 1728 869 1801 impatibile
880 1748 888 1795 ;
900 1729 995 1787 stellas
1009 1730 1049 1786 si-

245 1818 348 1875 delicet
361 1818 390 1873 in
403 1816 585 1884 firmamento,
601 1817 635 1873 de
649 1817 747 1889 quihus
760 1820 788 1873 in
807 1833 857 1874 suo
882 1818 943 1874 loco
968 1818 1046 1875 dice-

244 1922 306 1963 mus
321 1926 328 1962 :
345 1914 408 1963 sant
421 1906 494 1962 enim
503 1906 538 1963 de
552 1906 592 1962 eis
607 1922 668 1979 quae
682 1914 742 1965 sunt
756 1914 783 1963 et
797 1907 940 1963 videntur.
958 1908 1045 1964 Dein-

246 1996 281 2052 de
296 1996 361 2051 dixit
374 1996 402 2051 in
416 1994 520 2052 aethere
544 2010 606 2051 esse
630 1995 767 2067 quoddam
791 2010 879 2069 genas
901 1995 1047 2052 invisibilis

246 2084 383 2149 animalis,
399 2084 427 2139 id
441 2091 482 2140 est
496 2099 513 2140 a
527 2083 697 2140 firmamento
712 2100 799 2157 usqne
813 2085 847 2141 ad
867 2086 970 2152 lunam,
986 2084 1037 2156 pri·

244 2188 319 2229 mum
334 2172 363 2228 in
377 2173 474 2229 ordine
488 2172 653 2240 demonum,
670 2172 743 2245 qaod
758 2173 796 2229 ita
809 2172 937 2230 delinitur
952 2190 959 2230 ε
975 2174 1046 2229 bai·

245 2264 305 2318 mal
323 2262 477 2329 rationale,
499 2262 670 2328 immortale,
686 2260 856 2334 impatibile,
878 2262 1045 2319 ethereum.

246 2351 329 2420 Cuius
344 2358 385 2405 est
396 2348 515 2407 officium
528 2350 579 2405 soli
590 2349 689 2407 divinae
699 2350 923 2423 contemplationi
933 2365 1045 2423 vacare,

246 2446 274 2497 et
288 2437 323 2495 de
335 2439 394 2508 ejus
409 2437 639 2509 contemplatione
653 2438 755 2496 rivere.

426 2527 494 2583 Cur.
509 2526 595 2583 XVII.
607 2556 641 2569 -
658 2529 730 2596 Quid
744 2530 864 2587 aenum.

282 2619 314 2672 ln
327 2614 450 2673 interiori
472 2631 537 2671 vero
560 2616 632 2683 loco,
657 2616 762 2673 scilicet
779 2617 854 2674 circa
875 2616 1046 2689 superiorem

243 2714 350 2781 partem
365 2705 448 2771 aeris,
465 2704 508 2761 vel
523 2703 620 2761 vicinae
633 2704 715 2773 lnnae,
730 2704 795 2761 dicit
810 2705 884 2761 aliud
908 2720 970 2761 esse
991 2720 1044 2778 ge-

243 2812 306 2865 nus,
322 2795 399 2864 cujus
413 2794 472 2848 lraec
487 2798 528 2848 est
542 2790 662 2849 definitio
675 2814 682 2849 ι
693 2794 808 2850 Animal
818 2795 938 2861 aerium,
956 2793 1046 2850 ratic·

244 2886 322 2951 nale,
340 2882 513 2947 immortale,
527 2882 659 2955 patibile,
681 2882 862 2952 dilipentiam
886 2882 1045 2940 bominibus

245 2972 422 3045 impertiens.
432 2970 514 3040 Cujus
521 2976 564 3025 est
571 2969 720 3026 secuudum
730 2970 803 3027 idem
811 2968 928 3027 officium
936 2970 1046 3027 deterre

1099 544 1189 614 spissa
1205 551 1268 601 sunt
1281 550 1308 599 ct
1317 556 1425 616 grossa,
1436 540 1564 597 dicuntur
1577 539 1688 612 spiritua
1699 558 1707 596 ε
1719 538 1903 613 quemadmo-

1099 632 1164 688 dum
1178 649 1226 689 aer
1241 631 1365 705 quamvis
1379 647 1480 701 corpus
1507 629 1553 695 sit,
1581 636 1693 700 propter
1721 625 1901 685 subtilitatem

1098 728 1213 778 uocatur
1225 722 1364 794 spiritua:
1382 726 1410 777 et
1423 719 1468 775 hic
1482 717 1632 773 affirmante
1645 718 1807 775 auctoritate
1827 717 1903 773 hesli

1100 808 1230 883 Gregorii
1251 808 1297 881 qui
1319 807 1509 865 inbloralihus
1523 806 1639 878 loquens
1660 805 1695 862 de
1718 806 1824 878 angelis
1839 806 1901 861 ait:

1102 897 1319 973 comparabam
1333 894 1444 971 quidem
1459 901 1623 954 nostrorum
1641 910 1791 968 corporum
1805 894 1905 967 angeli

1100 988 1239 1045 dicuntur
1247 987 1376 1059 spiritur,
1387 987 1435 1043 sed
1444 986 1658 1059 comparatione
1666 983 1749 1041 itlius
1758 986 1864 1041 cummi
1874 986 1905 1039 et

1101 1075 1348 1149 incircumscripti
1358 1075 1486 1148 spiritam,
1498 1088 1615 1147 corpora
1626 1076 1693 1130 ruat
1703 1073 1832 1129 dicendo.
1844 1072 1905 1129 Hoc

1101 1164 1200 1222 iterum
1208 1164 1308 1237 prohat
1317 1163 1461 1220 auctoritas
1469 1162 1540 1218 beati
1550 1162 1707 1235 Augustini,
1715 1161 1760 1235 qui
1771 1160 1798 1215 in
1806 1161 1906 1217 Euchi-

1102 1254 1174 1311 ridio
1189 1252 1312 1326 quodam
1328 1253 1383 1309 tale
1396 1251 1473 1324 ponit
1483 1249 1630 1323 capitulum
1649 1250 1772 1319 :Qualia
1786 1265 1904 1323 corpora

1102 1343 1197 1415 capell
1207 1341 1339 1399 babeant.
1363 1341 1463 1415 (Epist.
1477 1342 1538 1410 tt5,
1549 1340 1586 1396 ad
1600 1337 1783 1409 Nebridium).
1799 1338 1851 1394 sui
1861 1338 1903 1393 di·

1102 1438 1166 1489 cunt
1179 1430 1242 1488 illos
1256 1446 1311 1486 non
1326 1446 1388 1486 esse
1402 1444 1519 1501 corpma
1541 1428 1590 1485 sed
1616 1427 1739 1500 spiritus,
1765 1428 1814 1483 sed
1838 1427 1905 1500 quia

1102 1520 1207 1592 ubique
1226 1535 1284 1575 non
1298 1527 1371 1586 sunt,
1397 1527 1424 1575 et
1446 1520 1480 1574 de
1504 1517 1565 1575 loco
1589 1519 1625 1573 ad
1648 1516 1737 1573 locum
1759 1522 1906 1573 moventur

1103 1609 1306 1681 comparatione
1320 1608 1420 1663 summi
1434 1606 1560 1679 Spiritus,
1588 1606 1635 1679 qui
1658 1605 1758 1678 ubique
1784 1612 1856 1661 totns
1872 1612 1900 1660 et

1103 1696 1210 1771 integer
1223 1704 1274 1764 est,
1286 1712 1303 1753 a
1313 1696 1395 1752 beata
1406 1695 1541 1768 Gregorio
1551 1710 1669 1766 corpora
1678 1692 1745 1750 dicti
1759 1701 1839 1762 sunt;
1851 1708 1905 1749 nec

1062 1796 1088 1854 Β
1102 1785 1167 1842 inde
1182 1785 1306 1859 sequitur
1318 1784 1391 1857 quod
1405 1785 1459 1840 sint
1468 1799 1606 1855 corpora;
1620 1783 1691 1840 sicut
1701 1790 1741 1838 est
1750 1780 1818 1838 illud
1830 1797 1836 1836 :
1850 1782 1904 1839 Sa·

1099 1875 1306 1947 pientichup'us
1316 1871 1904 1945 mandi,stultitiaestcpudbcumtlcer.

1100 1980 1121 2031 1,
1135 1965 1181 2033 ab)
1207 1978 1213 2019 ι
1243 1979 1298 2020 nou
1326 1964 1389 2035 quia
1410 1964 1484 2018 Deus
1514 1960 1674 2034 sapientiam
1699 1962 1780 2031 hujus
1809 1958 1906 2015 mnndi

1101 2052 1242 2109 stultitiam
1255 2060 1372 2124 reputet,
1390 2052 1440 2108 sed
1455 2050 1519 2123 quia
1542 2050 1577 2105 ad
1598 2049 1831 2122 comparationem
1853 2048 1907 2105 Dei

1101 2141 1249 2213 sapientiae,
1266 2139 1382 2197 stultitia
1396 2147 1437 2196 est
1454 2158 1461 2194 :
1477 2156 1529 2197 nec
1543 2140 1608 2195 inde
1622 2139 1684 2194 ideo
1700 2137 1907 2211 sequiturquod

1101 2229 1136 2285 sit
1150 2228 1273 2285 stultitia.
1289 2231 1330 2285 De
1343 2229 1390 2285 illo
1405 2228 1522 2299 capitulo
1544 2226 1618 2284 beati
1642 2225 1787 2301 Augustini
1806 2227 1906 2300 qualia

1100 2334 1220 2393 corpora
1234 2317 1357 2375 babeant
1370 2318 1467 2390 angoti
1477 2318 1518 2384 (ln
1533 2316 1710 2387 binchiridio)
1724 2316 1820 2374 dicunt
1836 2316 1908 2371 hea-

1100 2416 1156 2464 tum
1171 2407 1353 2480 augustinum
1368 2407 1406 2461 ihi
1420 2406 1496 2479 loqui
1510 2406 1546 2461 de
1567 2405 1728 2477 corporibus
1750 2421 1811 2477 qum
1822 2420 1906 2459 assu-

1100 2504 1200 2563 mant,
1225 2496 1335 2568 qnando
1361 2495 1516 2551 hominibus
1538 2500 1692 2566 apparent,
1720 2500 1813 2549 utrum
1840 2509 1908 2550 aera

1101 2586 1155 2642 sint
1168 2600 1285 2657 corpora
1299 2600 1334 2641 an
1349 2600 1405 2640 non
1421 2602 1428 2639 :
1444 2598 1496 2640 neo
1510 2592 1610 2639 tamem
1634 2581 1700 2638 dicit
1714 2598 1746 2637 ea
1761 2597 1823 2639 esse
1837 2597 1906 2638 cor-

1100 2690 1179 2747 pora.
1193 2674 1250 2729 Nos
1265 2690 1329 2731 vero
1352 2673 1415 2745 plus
1437 2671 1549 2729 illorum
1570 2670 1713 2745 sententie
1735 2670 1905 2739 accedimus,

1101 2763 1147 2835 qui
1160 2762 1256 2820 dicunt
1269 2779 1331 2818 esse
1346 2761 1469 2834 spiritus.

1278 2888 1345 2945 (lar.
1360 2888 1427 2943 XX.
1443 2917 1475 2930 -
1486 2888 1524 2945 De
1538 2887 1723 2945 demonibus.

1135 2994 1194 3049 Nec
1207 2993 1327 3050 videatur
1341 3010 1404 3051 esse
1417 2994 1498 3051 alicui
1513 2994 1718 3059 inconveniens,
1736 2991 1809 3065 quod
1825 2991 1904 3048 Plato

245 3076 343 3134 preces
357 3059 496 3116 hominum
511 3060 580 3125 Deo,
599 3066 624 3114 et
638 3057 804 3117 voluntatem
814 3058 1043 3127 Deihominihus,
1101 3082 1167 3139 Μ
1189 3083 1244 3139 duo
1267 3098 1331 3139 esse
1354 3100 1458 3156 genem
1476 3082 1704 3151 mpopaemonum,
1729 3096 1790 3138 cum
1819 3081 1905 3136 epam

243 3151 289 3208 ael
303 3146 536 3221 permunisset
551 3147 640 3221 signa,
657 3147 700 3205 rel
713 3147 836 3203 intimam
851 3148 1046 3222 aspirationem
1061 3147 1082 3205 C
1099 3172 1244 3243 Scriptum
1273 3172 1346 3229 dicat
1373 3189 1473 3229 „ovem
1499 3188 1561 3229 ess,
1589 3172 1701 3229 omines
1725 3170 1902 3243 anappum,

244 3237 426 3297 relucentem
449 3236 660 3293 admonitionem
689 3236 788 3293 dicitur
811 3237 940 3311 patibile;
969 3238 1044 3311 qaia,
1100 3260 1177 3317 pm„
1199 3260 1272 3316 enim
1297 3260 1389 3316 divisi,
1413 3277 1446 3317 θ,
1467 3261 1619 3318 secundum
1641 3260 1702 3317 100,
1716 3279 1726 3316 .·
1740 3259 1790 3315 ,gd
1811 3258 1909 3316 ,fiij

246 3345 308 3387 cum
323 3327 420 3401 diligat
442 3326 530 3383 bonos
551 3326 705 3401 congaudet
725 3326 836 3385 illorum
858 3327 1045 3400 prosperitati,
1098 3347 1201 3422 pagi„
1216 3350 1368 3406 mundum
1383 3348 1482 3406 officia,
1498 3349 1529 3405 ιῃ
1544 3350 1652 3406 duobus
1666 3364 1735 3421 ergo
1748 3347 1802 3402 illis
1817 3362 1909 3421 gene-

246 3417 410 3490 0⁰¹¹¹P³lll¹¹l
423 3415 592 3473 idlfflllffl·
1100 3439 1177 3494 ribus
1198 3438 1374 3495 continentur
1398 3454 1499 3495 nouem
1521 3438 1632 3495 ordines
1655 3436 1819 3511 angelorum
1839 3445 1868 3493 et
1892 3452 1911 3494 e

387 3524 453 3578 Car.
467 3523 569 3580 Xthl.
588 3552 623 3565 —
639 3522 710 3593 Quid
725 3526 904 3583 humectum.
1100 3543 1243 3585 converso.
1254 3529 1317 3584 Post
1324 3526 1911 3586 tractatumbeCreatorectcnimcmunds'

280 3613 387 3670 tertius
407 3612 475 3669 ordo
490 3620 541 3679 est,
566 3612 594 3667 in
620 3613 673 3671 hac
701 3615 825 3672 humecta
852 3620 931 3686 parte
960 3611 1044 3679 aeris,

246 3704 320 3779 qaod
333 3703 370 3759 ita
386 3700 513 3757 delinitur
529 3717 536 3757 ε
559 3703 678 3761 Animal
694 3704 868 3771 humectum,
890 3701 1045 3767 rationale,

245 3793 418 3859 immortale,
434 3791 563 3864 patibile.
579 3791 663 3861 Cuius
684 3800 725 3849 est
744 3792 861 3850 officium
885 3789 1047 3846 humanitati

245 3882 380 3947 invidere,
397 3894 430 3935 ex
445 3878 546 3935 invidia
560 3880 684 3937 insidiari
700 3899 707 3936 ε
725 3882 789 3955 quia
810 3880 883 3937 unde
904 3878 1046 3936 descendit

1100 3616 1176 3675 etde
1190 3617 1373 3685 demonibus,
1385 3625 1470 3673 restat
1486 3625 1603 3673 tractare
1610 3616 1754 3673 detnima
1763 3614 1907 3673 bominis.

1101 3705 1156 3762 Sed
1171 3705 1233 3779 quia
1247 3704 1282 3762 de
1295 3705 1406 3762 homine
1419 3705 1538 3763 locuturi
1553 3722 1658 3773 sumus,
1674 3719 1765 3777 usque
1779 3704 1816 3759 ad
1830 3703 1912 3759 illum

1100 3795 1192 3852 locam
1206 3795 1241 3851 de
1255 3796 1315 3865 ejus
1331 3795 1420 3851 anima
1440 3793 1516 3868 loqui
1538 3792 1706 3865 differamus,
1725 3803 1752 3848 nt
1775 3791 1812 3847 sit
1833 3809 1912 3851 anus

1101 3892 1128 3942 et
1142 3885 1288 3941 conannas
1303 3892 1434 3942 tractatus
1448 3887 1486 3941 De
1503 3885 1617 3942 bomine
1631 3889 1660 3941 et
1674 3886 1735 3957 ejus
1749 3882 1863 3939 enimc.

245 3989 298 4045 1³0¹·
312 3968 480 4042 superbiam»
497 3968 578 4025 h⁰¹1¹⁰
602 3986 654 4041 Ρθῑ
671 3970 849 4027 humfliwlem
867 3968 1002 4036 ⁸⁸000dih
1019 3974 1046 4023 θῑ
1136 3976 1273 4031 Hactenus
1288 3974 1323 4029 de
1337 3974 1392 4029 illis
1407 3990 1469 4047 qnae
1484 3982 1556 4042 sunt,
1573 3982 1600 4029 et
1624 3989 1681 4029 aon
1703 3970 1831 4029 ridentur
1852 3987 1911 4027 no-

246 4070 288 4119 esl
301 4060 338 4115 ita
351 4058 532 4124 luxuriosum,
549 4058 623 4130 qtlod
637 4059 755 4133 alioquin
771 4059 930 4118 commiscet
945 4072 975 4112 Se
985 4072 1046 4111 tnu·
1099 4066 1157 4119 atra
1172 4062 1301 4119 disseruit
1315 4061 1412 4128 oratio,
1426 4078 1499 4121 nunc
1513 4062 1549 4118 ad
1563 4078 1598 4119 pp,
1611 4078 1673 4135 quae
1688 4069 1751 4117 sunt
1766 4068 1792 4117 et
1807 4059 1914 4119 viden.

246 4150 369 4215 lleribus,
386 4154 413 4203 el
426 4147 571 4219 aliquando
583 4156 707 4221 general.
720 4150 797 4205 Unde
808 4147 906 4205 incubi
917 4146 1048 4202 dicuntur
1100 4160 1154 4219 tur,
1174 4151 1261 4223 stylus
1275 4160 1466 4221 convertatur-3
1489 4151 1539 4208 sed
1563 4157 1711 4224 antequam
1734 4149 1842 4205 initium
1860 4150 1914 4206 di.

247 4240 395 4303 dictumest
409 4235 456 4307 (ιῑῑἰ
472 4236 511 4291 ῧῑθ
523 4237 718 4293 mummul-
734 4236 785 4308 Qui
800 4236 927 4293 differunt
942 4234 976 4289 ab
987 4233 1049 4289 aliis
1101 4241 1181 4297 cendi
1195 4239 1338 4307 tacmmus,
1355 4240 1474 4313 petimus
1489 4240 1555 4296 atsi
1570 4241 1714 4313 loquentes
1732 4239 1768 4295 de
1785 4239 1915 4296 visibili-

247 4326 426 4391 daemffifibus,
442 4323 469 4377 in
485 4325 537 4381 ¹1⁰⁰
552 4326 624 4397 (ιῦοᾱ
645 4326 699 4382 (¹110
714 4326 796 4397 lilim}
817 4325 928 4382 Ordines
948 4323 1050 4379 difflu-
1104 4330 1165 4398 hus,
1180 4329 1323 4401 probabile
1337 4338 1364 4385 et
1378 4345 1435 4385 non
1447 4329 1636 4386 necessarium
1647 4328 1781 4395 dicamus,
1800 4328 1845 4383 vel
1862 4346 1916 4387 ne-

249 4434 292 4483 tur
305 4413 500 4492 καλοδαίμονες,
516 4422 544 4478 id
561 4431 602 4479 est
613 4424 712 4480 bonnm
723 4426 839 4481 scientes
851 4442 858 4478 ι
870 4411 949 4481 καλός
964 4419 1050 4476 enimi
1101 4418 1254 4477 cessarium
1268 4426 1295 4474 et
1310 4433 1365 4474 non
1379 4418 1533 4489 probabile,
1552 4434 1608 4475 non
1622 4416 1888 4489 inderitnperemur
1907 4439 1915 4476 ε

247 4519 411 4587 cstbonum,
439 4510 537 4591 δαίμων
552 4516 654 4573 aciens.
670 4512 718 4569 isti
733 4529 797 4571 vero
811 4512 937 4571 dicuntur
964 4529 1047 4571 saxo·
1062 4502 1086 4558 D
1101 4516 1131 4565 ut
1144 4506 1299 4580 philosophi
1322 4508 1405 4575 enim,
1430 4507 1629 4574 necessarium,
1655 4506 1707 4563 etsi
1728 4522 1783 4562 aon
1801 4506 1917 4577 proba-

248 4602 366 4682 δαίμονες
378 4614 407 4669 id
421 4622 463 4670 est
476 4615 585 4671 malam
599 4610 732 4672 scienter,
748 4596 828 4667 κακός
850 4607 923 4665 enim
938 4612 1049 4669 mulum
1102 4596 1168 4667 bile,
1183 4597 1312 4669 ponimus
1327 4615 1335 4654 r
1351 4605 1381 4652 ut
1396 4596 1513 4670 physici,
1526 4612 1591 4653 vero
1613 4594 1765 4668 probabile,
1790 4595 1841 4650 etsi
1852 4612 1917 4654 non

247 4709 299 4758 est.
317 4704 357 4759 Ne
371 4704 522 4760 abhorreas
536 4699 653 4757 nominis
667 4696 897 4765 communitatem,
920 4700 995 4773 quod
1008 4701 1050 4756 illi
1101 4685 1297 4754 Πθΰθθῦὓῐὶιιωι
1315 4685 1500 4758 idtundimus·
1517 4685 1572 4741 Sed
1587 4684 1653 4741 illud
1664 4684 1799 4753 Videatur·
1818 4683 1841 4738 ⁸5
1855 4686 1917 4741 ³¹1·

248 4800 275 4849 ει
288 4792 333 4847 isti
351 4793 477 4851 dicuntur
498 4792 646 4857 daemones,
665 4786 744 4859 quasi
764 4786 884 4843 scientes
902 4802 908 4843 :
924 4805 987 4845 cum
1009 4789 1049 4845 illi
1102 4773 1149 4847 (lul
1162 4772 1233 4831 lule?
1256 4774 1406 4831 ¹¹¹0d0ffl⁰⁵
1428 4772 1598 4846 Ps0b⁸bffi⁰⁸
1624 4772 1688 4829 inde
1710 4780 1916 4833 tractaverunt·

250 4889 276 4938 et
289 4882 333 4937 isti
348 4882 440 4954 angeli
453 4882 587 4945 dieantur,
599 4874 769 4933 undemalus
782 4874 897 4947 angelus
911 4885 938 4933 et
949 4878 1047 4935 honus.
1101 4862 1254 4920 Tllssliluri
1268 4860 1351 4935 lilius
1365 4864 1399 4919 de
1415 4860 1457 4917 ¹¹5⁵
1479 4877 1540 4935 ‹1¹¹ae
1559 4870 1623 4918 ⁸⁰⁰¹
1643 4866 1671 4919 θῑ
1692 4861 1827 4930 Videmuh
1843 4864 1919 4933 ‘luia

249 4970 408 5028 interiorem
423 4980 528 5041 partem
543 4964 650 5033 mundi,
666 4963 692 5019 id
702 4970 856 5021 estterram
871 4965 973 5023 habitat
987 4968 1051 5023 ani·
1101 4968 1216 5025 ⁰0ii³⁰l³
1230 4960 1302 5020 ium,
1319 4960 1346 5007 θῑ
1366 4949 1459 5009 ΟΜΠῙΕ
1476 4966 1594 5023 ⁰⁰il>0m
1618 4968 1652 5009 ‘³¹
1674 4950 1817 5009 elemesslss
1839 4965 1919 5007 ⁰0¹¹·

249 5063 309 5117 mal
329 5061 481 5125 rationale,
497 5056 629 5125 mortale,
645 5054 674 5109 id
690 5060 731 5110 est
745 5054 837 5123 homo,
849 5054 884 5111 dc
894 5072 949 5128 quo
959 5056 1049 5114 insuo
1106 5049 1189 5110 situl»
1204 5042 1239 5097 ab
1249 5039 1390 5099 elementis
1405 5046 1529 5098 sumitur
1551 5040 1705 5109 millium,
1728 5046 1756 5097 el
1781 5040 1919 5097 oslessdti·

249 5148 311 5207 loco
325 5149 447 5205 dicemus
462 5147 524 5217 (lib.
540 5148 593 5216 rv).
1105 5130 1167 5186 mus
1180 5129 1246 5203 quid
1260 5128 1294 5186 sit
1316 5131 1491 5201 elementum,
1513 5137 1540 5187 et
1563 5147 1612 5188 cur
1633 5138 1748 5203 quatuor
1771 5127 1825 5184 sint
1851 5128 1919 5187 ele·

286 5258 351 5312 CR·
366 5255 444 5311 XIX·
456 5283 490 5296 ,
503 5254 604 5311 mmm
618 5266 734 5325 corpora
748 5252 808 5307 sint
825 5252 868 5309 ve,
882 5252 1012 5325 spirim
1105 5228 1207 5287 menta,
1223 5235 1274 5276 nec
1289 5220 1431 5291 pauciora,
1449 5220 1521 5293 quod
1535 5218 1586 5277 tuit
1600 5221 1685 5277 chaos
1700 5219 1917 5291 elementorum,

286 5347 325 5401 De
340 5343 461 5415 perdictis
482 5341 653 5399 daemonibus
675 5339 803 5413 quaritur
822 5349 912 5396 utrum
935 5356 1053 5415 corpora

251 5431 379 5499 habeant,
396 5448 458 5489 eum
471 5431 600 5488 animalia
615 5430 676 5498 sint,
694 5437 721 5486 et
735 5445 815 5485 omne
830 5428 931 5485 animal
946 5430 1054 5489 dicotur

256 5536 366 5593 corpus,
383 5536 418 5577 an
433 5521 487 5577 sint
501 5520 625 5593 spiritus,
642 5528 671 5575 ut
686 5519 712 5575 ai
733 5517 865 5590 propheta
883 5534 888 5571 :
906 5517 958 5585 Qui
977 5522 1052 5590 facit

252 5612 364 5683 angelos
380 5628 444 5669 saca
457 5612 576 5686 spiritam
592 5610 677 5681 (Psal.
694 5622 750 5675 ctrr,
763 5608 801 5677 t).
813 5604 877 5661 lade
888 5606 980 5663 dicunt
990 5609 1052 5681 qui-

253 5700 315 5755 dam
331 5702 404 5773 qaod
420 5716 537 5775 corpora
553 5699 618 5771 sint,
635 5697 683 5753 sod
700 5695 736 5749 ita
758 5692 865 5749 subtilia
879 5693 953 5765 quod
967 5712 1052 5756 sensu

1106 5316 1134 5367 et
1149 5308 1265 5382 qualiter
1278 5308 1407 5366 solatum.

1284 5414 1357 5474 -Can
1374 5416 1452 5474 xxi.
1462 5450 1497 5461 -
1511 5418 1549 5476 De
1564 5412 1725 5476 clementie.

1141 5520 1315 5581 Elementum
1326 5542 1404 5599 ergo,
1420 5534 1447 5581 ut
1462 5526 1501 5582 ait
1511 5524 1705 5582 Constantinus
1720 5525 1748 5580 in
1759 5514 1921 5599 Παντεχνῆ,

1106 5619 1149 5665 est
1162 5611 1262 5685 simpla
1276 5622 1304 5669 et
1317 5614 1426 5671 minima
1440 5630 1507 5686 pars
1521 5614 1634 5686 alicujus
1648 5614 1794 5687 corporis:
1811 5614 1921 5689 simpla

1105 5699 1140 5755 ad
1159 5702 1332 5774 qualitatem,
1355 5704 1467 5760 minima
1488 5704 1526 5761 ad
1539 5703 1719 5777 quantitatem
1734 5723 1742 5761 ι
1756 5704 1835 5787 caius
1860 5721 1921 5764 ex-
