3942 6067
94 353 143 412 iti
631 352 826 414 Expostulo
845 352 882 408 ΙΝ
901 349 1053 407 ctnrtct
1072 350 1211 408 canna.

1693 357 1746 413 toa

92 480 184 552 quiem
196 479 301 537 habere
316 480 415 553 possit.
434 482 489 538 Sed
501 495 584 554 quam
596 479 695 553 quaerit
714 477 759 535 hic
774 491 831 534 uon
844 475 889 532 in·
904 477 932 538 A
946 474 1049 534 scilicet
1062 475 1188 534 Ecclesia
1199 478 1323 549 gentium
1331 477 1366 533 ab
1380 475 1523 549 apostolis,
1534 476 1563 534 in
1574 477 1743 549 speculativa
1826 552 1832 562 .

90 569 174 638 venit,
191 569 264 642 quia,
280 570 402 641 quandiu
415 571 444 627 in
466 570 569 627 mundo
582 569 648 630 vivit
669 567 892 640 peregrinatura

89 658 207 714 Domino
228 660 267 728 (ll
292 660 352 717 Cor.
369 677 398 731 u,
416 659 454 732 6),
475 659 521 733 qui
543 667 587 716 est
608 673 661 730 pax
686 665 713 714 et
740 657 850 730 requies
864 663 891 712 et

89 746 240 804 beatitudo.
254 747 346 822 Surgit
357 763 424 823 ergo
439 756 465 804 at
488 748 585 805 circuit
608 747 754 814 civitatem,
771 745 835 820 quia
858 761 889 802 se

87 843 142 892 tota
155 836 254 892 virtute
273 836 355 912 erigit
378 838 412 893 ad
433 837 660 910 perscrutandam
685 851 791 892 sacrani
813 833 888 892 Scri-

85 933 212 996 pturam;
232 941 283 997 per
298 927 373 981 vicos
388 934 414 982 ει
428 927 532 998 plateas
556 926 686 982 dilectum
702 925 807 998 quaerit,
823 923 889 997 quia

87 1013 157 1068 ritas
182 1013 364 1086 spiritualium
387 1023 414 1070 et
433 1014 605 1072 secularium
629 1015 656 1069 in
679 1012 889 1085 contemplativa

85 1102 142 1158 rita
158 1109 184 1158 et
199 1103 289 1160 activa
304 1103 451 1159 viventium
466 1104 612 1176 percurrit.
639 1103 667 1159 Si
687 1102 754 1175 quid
777 1103 887 1158 imitan-

87 1189 152 1245 dum
168 1191 298 1258 inveniat,
322 1207 374 1263 per
388 1193 461 1265 quod
491 1192 591 1250 dilecto
618 1192 728 1264 placens
751 1190 786 1246 ad
811 1190 886 1246 illum

86 1279 241 1352 pertingam
257 1280 307 1338 sed
321 1280 366 1337 hic
379 1297 435 1337 non
449 1281 561 1348 invenit,
585 1281 659 1354 quia,
685 1279 805 1353 quandiu
825 1279 885 1350 ejus

86 1367 193 1424 visione
206 1383 261 1426 non
275 1367 381 1440 imitor,
399 1385 454 1427 non
469 1369 596 1443 quiescit.

122 1491 200 1548 lianc
213 1491 311 1566 uigiles
324 1493 444 1551 civitatis
461 1492 612 1561 inveniunt,
629 1493 692 1566 quia
713 1491 885 1564 expositores

85 1594 174 1636 sacrae
189 1581 335 1653 Scripturas
349 1583 378 1638 in
397 1581 524 1639 doctrina
544 1580 692 1656 pervigiles
715 1581 798 1638 talem
822 1580 883 1636 ani-

85 1682 159 1722 mam
174 1677 309 1741 quaerunt,
322 1686 404 1744 quam
419 1687 469 1727 suo
484 1671 612 1744 dogmate
622 1670 657 1727 ad
672 1669 808 1726 Christum
817 1685 883 1742 per-

85 1757 200 1813 ducant.
220 1759 277 1815 iios
291 1760 466 1834 interrogans
480 1759 616 1832 paululum
630 1759 788 1831 pertransit,
805 1767 832 1815 et
845 1759 885 1814 di-

947 565 1001 622 vite
1016 564 1169 633 informata,
1185 575 1243 622 eta
1262 564 1369 624 Christo
1396 565 1490 622 multis
1515 566 1596 624 donis
1623 567 1743 640 Spiritus

946 654 1034 712 sancti
1052 655 1191 722 decorata,
1220 671 1237 712 a
1256 665 1362 712 secreto
1388 655 1489 711 intimae
1503 656 1743 728 contemplationis

944 742 1039 814 sponsi
1054 743 1184 800 instinctu
1198 743 1233 800 ad
1250 744 1389 816 publicum
1413 745 1494 800 bonae
1518 743 1697 816 operationis,
1718 752 1746 800 ot

943 831 1147 902 predicationis
1161 832 1305 904 processit,
1321 834 1385 888 dum
1401 833 1525 905 exempla
1541 833 1677 904 patientiae
1692 850 1743 906 per
1778 841 1785 852 ³

945 920 1027 976 multa
1041 925 1176 978 tormenta
1195 921 1310 978 diversis
1329 923 1498 994 temporibus
1515 922 1647 992 proximis
1665 939 1740 992 prae-

943 1008 1011 1077 buit,
1027 1010 1104 1080 cuius
1116 1009 1332 1067 immutationem
1346 1026 1379 1066 ac
1397 1009 1536 1081 patientiae
1557 1025 1609 1082 pro
1635 1011 1740 1066 Christo

942 1097 1074 1154 uirtutem
1094 1098 1189 1156 lideles
1204 1099 1239 1155 de
1253 1099 1354 1154 iudaeis
1372 1097 1551 1167 admirantes,
1561 1100 1672 1173 magnis
1685 1100 1741 1156 lau·

941 1185 1021 1242 dibus
1036 1187 1177 1255 extollunt,
1189 1195 1216 1244 et
1225 1187 1360 1244 Christum
1374 1187 1409 1243 de
1423 1189 1572 1261 Synagoga
1586 1188 1738 1261 expulsum,
1789 1227 1793 1232 -

941 1273 970 1330 in
984 1290 1018 1331 ea
1031 1283 1062 1332 ιιι
1074 1277 1101 1332 in
1116 1276 1186 1334 lecto
1200 1275 1369 1349 requievisse
1382 1285 1492 1334 canunt.

976 1403 1027 1457 Est
1040 1403 1165 1474 proiecto
1178 1403 1303 1461 Ecclesia
1321 1403 1408 1460 lectus
1427 1401 1536 1472 Christi,
1553 1402 1615 1478 quia
1633 1402 1662 1458 in
1680 1405 1740 1473 ejus

940 1488 995 1547 fide
1012 1499 1040 1546 et
1054 1491 1199 1548 dilectione
1213 1499 1243 1547 ut
1256 1490 1355 1566 aliquis
1369 1492 1396 1547 in
1410 1492 1482 1548 lecto
1502 1491 1604 1562 iessrxs,
1619 1492 1740 1563 requies-

940 1579 989 1636 cit.
1005 1579 1052 1635 Est
1073 1588 1100 1635 et
1114 1581 1213 1636 domus
1230 1580 1358 1648 convivii,
1374 1580 1437 1653 quia
1456 1580 1579 1636 Christus
1595 1580 1654 1650 ejus
1676 1596 1739 1650 ope-

940 1667 1016 1722 ribus
1030 1667 1159 1736 relicitur,
1175 1669 1219 1725 vel
1235 1669 1361 1726 esuriens
1374 1669 1403 1724 in
1423 1669 1590 1741 pauperibus
1613 1668 1735 1726 cibatur.

940 1755 995 1812 Sed
1009 1765 1036 1813 et
1049 1756 1150 1814 vitulus
1161 1757 1305 1832 saginatus
1318 1758 1437 1832 prodigo
1453 1756 1509 1814 filio
1530 1757 1559 1812 in
1583 1773 1618 1814 ea
1637 1757 1739 1814 occidi·

85 1845 188 1902 lectam
202 1848 315 1916 invenit,
331 1849 394 1922 quia
417 1849 519 1921 scripta
539 1865 633 1906 corum
660 1848 807 1922 perlegens
830 1849 885 1905 cito
899 1836 926 1896 Β
940 1851 983 1901 tur
998 1847 1079 1916 (Luc.
1098 1863 1148 1913 xv,
1164 1848 1221 1918 at),
1237 1847 1302 1903 dum
1316 1846 1427 1920 gentilis
1447 1846 1564 1918 populns
1584 1861 1697 1918 corpore
1711 1853 1740 1902 et

85 1935 174 1992 Deum
189 1952 257 1994 xero
273 1937 379 2007 intuitu,
396 1938 499 1994 invenit
512 1954 594 2010 quern
616 1937 754 2011 quaesirit.
769 1938 821 1994 Per
838 1954 887 1994 eos

84 2025 193 2092 transit,
209 2024 274 2098 quia
288 2025 317 2082 in
332 2026 400 2100 ipsis
414 2027 488 2084 videt
502 2025 619 2083 iormam
637 2027 696 2097 ejus
717 2041 797 2100 quem
813 2042 887 2099 quae-

84 2113 129 2184 rit,
144 2121 174 2170 et
188 2121 280 2171 lamen
295 2115 404 2184 transit,
421 2116 483 2189 quia
497 2116 585 2172 Deum
599 2115 645 2190 qui
662 2116 733 2173 ultra
747 2124 789 2172 est
813 2115 886 2173 inci-

83 2202 123 2273 pit
137 2201 240 2258 imitari
253 2212 279 2261 ct
292 2204 409 2275 intueri;
424 2205 496 2263 huuc
510 2214 584 2262 tenet
603 2203 760 2273 dilectione,
776 2221 827 2262 nec
842 2205 886 2262 di-

83 2289 174 2356 mittit,
195 2289 251 2346 ulla
265 2292 485 2364 perturbatione;
509 2293 596 2351 donec
610 2293 743 2366 exemplis
757 2293 885 2351 introdu-

82 2378 218 2434 catillum
233 2380 262 2436 in
276 2381 435 2452 claustrum,
453 2380 563 2438 domum
579 2381 804 2456 congregationis
828 2398 886 2440 rna-

82 2467 132 2522 tris
147 2484 214 2538 snae,
232 2485 293 2542 quae
308 2469 384 2525 illurn
399 2486 448 2542 per
462 2471 680 2528 exhortationem
695 2471 800 2545 genuit,
816 2480 844 2528 et
857 2471 884 2528 in

81 2556 238 2614 cubiculum
252 2559 398 2630 genitricis
413 2575 478 2629 suae,
495 2559 523 2616 id
544 2567 596 2627 est,
611 2559 778 2617 intellectum
797 2576 885 2618 sacra

82 2645 317 2722 scripturaque
332 2663 394 2704 eum
417 2649 527 2706 nutrivit
548 2648 617 2708 lactc
637 2649 778 2716 scicntiae;
805 2659 835 2707 ut
858 2661 885 2708 et

82 2734 127 2789 alii
142 2750 205 2790 eum
219 2735 373 2811 intelligant
388 2739 487 2796 Deum.

116 2860 198 2916 Juxta
209 2859 332 2918 altiorem
347 2877 414 2919 vero
429 2861 606 2934 intellectum,
621 2864 734 2920 lectulus
756 2871 799 2920 cst
818 2879 884 2921 eor-

80 2963 131 3019 pus
146 2948 173 3004 in
190 2965 245 3021 quo
259 2951 349 3006 anima
359 2951 437 3022 qnasi
447 2968 523 3025 aegra
538 2953 657 3020 recubat,
673 2969 726 3008 nox
742 2969 811 3010 uero
839 2953 884 3010 hic

80 3037 199 3094 mundus
221 3039 342 3096 tenebris
364 3039 526 3113 ignorantiae
550 3041 667 3098 obsitus.
692 3041 818 3099 Ecclesia
839 3041 883 3100 iric

79 3129 260 3198 peregrinans
274 3128 384 3186 inlecto
410 3128 539 3187 dilectum
565 3147 614 3203 per
639 3139 747 3187 noctem
772 3131 879 3203 quaerit,

78 3214 143 3271 dum
158 3215 188 3270 in
201 3231 328 3288 corpore,
344 3218 416 3289 quod
441 3225 574 3290 aggravat
594 3219 714 3275 animam
732 3220 832 3292 posita,
853 3229 880 3277 et

78 3303 200 3359 tenebris
228 3305 391 3378 ignorantia
412 3306 662 3375 obstinatorum
682 3308 774 3364 lumen
795 3308 879 3365 Clari-

78 3401 150 3447 stum
166 3392 260 3450 uidere
275 3395 388 3466 appetit.
405 3394 494 3466 Quem
516 3396 582 3452 dum
601 3397 705 3454 invenit
728 3398 824 3471 surgit,
841 3398 880 3454 ci·

78 3480 190 3536 ritatem
204 3481 312 3549 circuit,
332 3499 384 3556 per
397 3484 472 3541 vicos
493 3493 519 3541 ει
539 3485 656 3557 plateas,
679 3501 760 3558 quem
778 3486 877 3558 diligit,

77 3569 185 3639 quaerit.
204 3569 276 3638 Quia
291 3580 387 3628 cuncta
401 3581 513 3629 terrena
527 3574 585 3644 ejus
599 3589 693 3630 amore
715 3575 827 3645 spernit,
843 3576 880 3633 ad

76 3655 203 3714 caelestia
217 3661 363 3716 scrutanda
379 3661 646 3735 seerigi130rdines
670 3663 830 3737 angelorum
851 3672 878 3720 et

76 3755 234 3802 sanctorum
250 3758 339 3805 mente
356 3749 461 3817 lustrat,
479 3751 502 3806 si
519 3750 587 3808 lorte
601 3767 649 3824 per
663 3766 711 3808 eos
726 3768 818 3808 veram
833 3753 877 3808 lu-

74 3847 136 3888 cem
164 3835 287 3907 aspiciat.
317 3837 392 3893 lianc
422 3839 550 3896 custodes
578 3839 695 3896 civitatis
724 3840 874 3908 inveniunt,

74 3921 875 4001 quiaangeli,quisemperuidentsociernPntr·is(tlatth.

74 4025 159 4078 xviri,
177 4013 232 4084 lii),
249 4013 274 4068 ei
289 4023 435 4071 occurrunt
453 4024 480 4071 et
497 4033 545 4088 per
562 4018 815 4089 contemplationem
831 4018 875 4073 di-

73 4098 137 4154 lecti
159 4099 275 4173 gloriam
295 4103 461 4172 ostendunt,
481 4107 532 4162 hos
553 4123 614 4162 cum
643 4105 783 4178 paululum
807 4123 874 4179 per-

73 4187 181 4258 transit,
197 4189 325 4246 dilectum
341 4192 452 4262 interiit,
468 4193 542 4266 quia,
558 4211 619 4251 cum
638 4197 738 4251 choros
761 4196 873 4269 augelo-

72 4293 129 4331 mm
146 4286 238 4334 mente
253 4281 459 4349 transcenderit,
476 4280 619 4339 Christum
635 4282 661 4338 in
682 4285 796 4340 dextera
817 4284 872 4338 Pa·

70 4365 119 4419 tris
135 4375 297 4438 regnantem
321 4369 433 4426 videbit.
454 4371 531 4427 llunc
554 4379 626 4427 tenet
649 4372 871 4442 contemplando,

70 4469 120 4510 nac
136 4453 256 4511 dimittet
270 4455 342 4511 ultra
357 4465 465 4514 terrena
485 4461 626 4527 sectando,
646 4460 734 4518 donec
757 4462 817 4533 ipsa
833 4462 872 4516 in-

70 4543 199 4600 troducat
213 4559 274 4600 cam
288 4544 315 4599 in
331 4545 471 4603 caelestem
493 4549 655 4618 Jerusalem,
676 4567 737 4622 quaa
755 4558 796 4606 est
818 4565 872 4606 ma·
886 4557 912 4618 D

69 4639 109 4686 ter
124 4639 221 4686 nostra
236 4640 264 4687 at
278 4633 374 4689 domus
387 4634 520 4709 angelicae
536 4637 726 4706 multitudinis,
738 4647 765 4696 et
778 4637 806 4694 in
821 4654 871 4695 cu·

70 4719 192 4776 biculum
208 4722 347 4792 genitricis
364 4739 430 4792 suar,
445 4723 472 4780 id
488 4733 539 4792 est,
556 4725 583 4781 in
604 4727 762 4798 paradisum
778 4726 871 4783 exsul-

70 4809 193 4878 tationis,
210 4811 255 4881 qui
269 4817 311 4866 est
325 4812 479 4868 cubiculum
495 4815 625 4870 Ecclesiae
641 4815 753 4871 nutricis
768 4832 834 4872 suae.

102 4935 144 4990 De
159 4934 293 5005 paradiso
307 4935 452 5008 uoluptatis
462 4937 592 5008 expulsus
601 4945 642 4994 est
657 4939 739 4995 homo
752 4954 872 5010 peccans

70 5037 129 5078 aum
150 5023 210 5078 suis
238 5025 415 5096 sequacibus.
435 5028 466 5081 ln
493 5026 654 5098 paradisum
682 5028 873 5085 exsultationis

940 1934 1076 2007 sanguine
1091 1936 1191 1991 Christi
1204 1934 1335 2001 reficitur,
1350 1943 1377 1991 et
1399 1935 1553 1992 esurientes
1567 1942 1594 1991 et
1617 1935 1740 1992 sitientes

936 2023 1072 2092 iustitiam
1085 2024 1168 2080 variis
1189 2025 1338 2096 Scripturae
1358 2022 1470 2080 ferculis
1493 2031 1661 2081 saturantur.
1681 2024 1739 2097 lgi-

940 2117 987 2168 tur
1001 2112 1057 2170 lilia
1079 2113 1241 2183 Pharaonis,
1265 2114 1318 2170 hoc
1346 2121 1389 2170 est
1413 2113 1538 2170 Ecclesia
1561 2113 1597 2170 dc
1623 2113 1737 2182 iudeis,

939 2200 1088 2258 admiratur
1100 2203 1173 2277 quod
1187 2203 1212 2259 ei
1226 2202 1281 2260 tilia
1295 2201 1454 2275 Babylonis,
1468 2202 1496 2258 id
1511 2209 1554 2261 est
1567 2201 1691 2260 Ecclesia
1704 2202 1740 2258 da

939 2290 1077 2362 gentibus,
1092 2307 1143 2365 ρει
1161 2292 1254 2350 omnia
1277 2298 1462 2364 comparatur,
1487 2299 1515 2348 ct
1538 2291 1739 2366 congaudendo

939 2379 1074 2437 exclamat
1095 2397 1101 2435 :

974 2549 1058 2604 l'aas.
1071 2552 1097 2604 ti.
1108 2579 1143 2590 -
1156 2551 1221 2619 Quia
1235 2555 1278 2606 est
1292 2553 1349 2606 istc
1362 2567 1424 2623 quta
1437 2551 1566 2607 ascendit
1579 2567 1631 2623 per
1644 2552 1738 2608 deacr-

939 2640 1014 2692 tuor.
1034 2636 1187 2693 Similitudo
1202 2646 1245 2694 est
1259 2652 1276 2694 a
1289 2637 1403 2710 populo,
1418 2655 1468 2710 per
1480 2639 1593 2710 lioysea
1607 2638 1642 2694 dc
1654 2639 1740 2711 Egy-

937 2733 984 2796 pto
998 2741 1049 2796 par
1063 2741 1138 2782 mare
1162 2725 1287 2782 liubrana
1311 2727 1418 2795 educto,
1448 2727 1495 2800 qui
1522 2742 1571 2799 per
1597 2726 1739 2783 desertum

938 2813 1041 2871 difficili
1056 2814 1098 2870 aia
1112 2813 1147 2870 ad
1161 2815 1279 2886 patriam
1294 2815 1429 2872 ascendit.
1449 2815 1500 2872 Cui
1522 2815 1632 2873 Amalec
1651 2816 1681 2870 in
1694 2816 1739 2872 aia

936 2918 1057 2976 pugnam
1073 2903 1172 2971 intulit,
1187 2919 1270 2976 quem
1283 2905 1377 2973 iosue,
1391 2904 1438 2976 qui
1453 2911 1479 2960 et
1494 2905 1584 2970 iesus,
1600 2903 1675 2971 vicit,
1691 2903 1739 2976 qui

936 2992 1069 3048 victorem
1083 2991 1214 3064 populum
1229 3008 1331 3050 manna
1354 2990 1485 3050 relectum
1498 2992 1526 3049 io
1551 3000 1653 3049 terram
1675 3007 1738 3064 pro-

935 3080 1074 3138 missionis
1088 3081 1247 3138 introduxit.
1267 3081 1313 3139 Sic
1325 3081 1450 3139 Ecclesia
1459 3081 1590 3154 gentium,
1602 3080 1638 3138 de
1651 3081 1738 3155 Egy-

893 3201 918 3266 C
934 3174 981 3267 pto
997 3169 1183 3239 hujusmundi
1198 3187 1248 3241 per
1258 3170 1396 3226 Christum
1411 3171 1446 3226 de
1460 3176 1597 3242 potestate
1618 3170 1737 3227 Pharao·

933 3273 985 3325 ms,
1001 3257 1028 3312 id
1042 3266 1084 3314 est
1097 3257 1198 3314 diaboli
1213 3258 1337 3324 liberata,
1353 3274 1404 3330 per
1417 3257 1583 3330 baptismum
1599 3259 1735 3331 sanguine

933 3346 1032 3401 Christi
1055 3346 1211 3415 rubricata,
1232 3355 1273 3402 est
1292 3344 1403 3403 educta.
1431 3346 1499 3415 Quae
1523 3361 1575 3418 per
1595 3345 1736 3403 desertum

932 3435 1027 3490 mundi
1043 3435 1112 3491 dura
1125 3435 1169 3491 via
1182 3435 1216 3491 ad
1231 3435 1347 3507 patriam
1362 3435 1425 3492 coeii
1440 3435 1575 3503 ascendit,
1598 3434 1662 3507 quia
1683 3451 1735 3507 per

933 3523 1031 3578 multas
1046 3523 1235 3581 tribulationes
1250 3531 1358 3596 oportet
1370 3539 1431 3580 earn
1446 3523 1558 3580 introire
1572 3523 1602 3578 ia
1617 3539 1736 3598 regnum

931 3612 1077 3668 coeiornm.
1096 3613 1145 3668 Cui
1160 3612 1281 3680 Amalec,
1297 3612 1324 3667 id
1340 3612 1535 3682 estdiabolus,
1560 3627 1683 3686 pugnam
1705 3613 1734 3667 in

932 3700 975 3756 tia
989 3701 1122 3773 aequitatis
1136 3701 1228 3768 inient,
1248 3715 1298 3772 ρει
1321 3707 1520 3772 persecutores,
1550 3717 1602 3772 per
1623 3701 1734 3757 haereti-

930 3804 989 3859 cos,
1006 3798 1031 3844 et
1045 3806 1093 3861 per
1107 3789 1192 3846 falsos
1207 3789 1387 3846 Christianos.
1408 3787 1467 3844 Sed
1481 3791 1540 3846 haec
1565 3790 1660 3844 omnin
1682 3807 1733 3862 per

930 3894 1026 3933 acrum
1038 3879 1131 3934 lesum
1145 3893 1223 3933 suum
1238 3869 1337 3934 ducem
1353 3877 1447 3944 vincit,
1463 3878 1509 3950 qui
1533 3893 1591 3933 eam
1615 3893 1733 3949 corpore

929 3974 956 4022 et
972 3967 1106 4039 sanguine
1120 3981 1172 4022 suo
1186 3965 1283 4038 pascit,
1300 3966 1372 4022 etin
1386 3973 1489 4022 terram
1504 3966 1664 4031 viventium,
1681 3966 1734 4022 sci-

929 4055 1001 4121 licet,
1020 4055 1176 4127 paradisum
1190 4053 1346 4119 introducit,
1361 4053 1428 4110 dicit
1439 4068 1509 4128 ergo
1521 4070 1527 4108 :
1540 4053 1607 4122 Quas
1621 4061 1663 4109 est
1676 4054 1732 4109 ista

929 4160 990 4215 quae
1004 4143 1128 4199 ascendit
1142 4157 1191 4215 ρει
1203 4143 1344 4199 desertum
1358 4145 1434 4199 sicut
1457 4144 1572 4214 virgula
1584 4145 1669 4215 sumi,
1691 4159 1729 4198 ca·

927 4233 1102 4290 aromatibus
1115 4233 1239 4306 myrrhae
1253 4237 1282 4289 et
1297 4233 1389 4288 thuris
1412 4237 1440 4288 et
1453 4233 1582 4288 uniuersi
1602 4232 1728 4305 pulveris

925 4320 1116 4394 pigmentarii
1122 4322 1137 4375 ‘l
1146 4321 1205 4378 iloc
1214 4320 1374 4378 admirando
1384 4320 1458 4388 dicit,
1469 4334 1525 4377 nan
1534 4320 1729 4392 interrogando

927 4410 1076 4484 Synagoga
1088 4417 1146 4466 erat
1161 4411 1211 4467 Dei
1226 4418 1310 4479 terra,
1325 4418 1416 4464 aratro
1431 4408 1502 4482 legis
1517 4409 1597 4476 culta,
1611 4410 1728 4482 prophe·

927 4497 961 4554 tis
975 4507 1001 4555 et
1015 4499 1076 4554 aliis
1088 4498 1171 4572 justis
1185 4497 1311 4556 ieaunda.
1324 4497 1469 4554 Gentilitas
1484 4513 1553 4554 vero
1563 4505 1620 4554 crat
1634 4498 1729 4555 deser-

927 4596 982 4643 tnm
997 4587 1074 4644 nulla
1087 4587 1217 4642 virtutum
1232 4586 1312 4661 lruge
1328 4585 1454 4653 locanda,
1468 4601 1484 4640 a
1498 4585 1574 4642 nullo
1596 4587 1729 4659 propheta

926 4676 969 4732 ael
985 4675 1085 4748 angelo
1098 4677 1134 4732 ad
1148 4675 1251 4732 cultum
1261 4675 1314 4731 Dei
1326 4675 1458 4732 instituta.
1472 4675 1584 4749 virgula
1593 4683 1636 4731 est
1649 4675 1730 4731 timor

926 4780 1074 4836 puerorum
1088 4765 1222 4822 correctio
1232 4764 1369 4829 vitiorum,
1380 4779 1431 4837 ρει
1445 4763 1554 4836 virgam
1568 4763 1730 4836 intelligitur

925 4853 1008 4910 timor
1022 4853 1140 4925 Domini,
1164 4870 1215 4926 ρει
1242 4869 1325 4925 quam
1350 4852 1477 4911 Ecclesia
1504 4852 1540 4909 ad
1566 4852 1730 4925 sapientiam

927 4935 1062 5010 ascendit‘,
1077 4951 1106 4999 ut
1119 4943 1267 5000 scribitur:
1280 4944 1401 4999 Initium
1415 4943 1565 5014 sapientire
1580 4943 1668 4998 timor
1676 4944 1728 4998 lto-

926 5033 1000 5088 otini
1011 5033 1101 5098 (Ptol.
1116 5049 1162 5098 cx,
1175 5033 1233 5102 to).
1248 5031 1352 5087 Fumus
1362 5039 1404 5088 est
1413 5039 1537 5087 sanctum
1547 5029 1724 5098 desiderium,

70 5121 197 5184 receptus
212 5119 255 5167 est
268 5112 338 5168 latro
362 5113 498 5185 poenitens
522 5131 584 5171 cum
607 5116 666 5171 suis
686 5117 866 5188 sequacibus.
926 5120 990 5192 igne
1005 5121 1106 5177 amoris
1119 5120 1203 5177 diuini
1226 5128 1409 5191 procreatum,
1432 5126 1555 5178 aromata
1570 5126 1635 5174 sunt
1653 5132 1723 5174 con-

69 5199 174 5274 llegina
188 5200 279 5255 austri
293 5216 310 5254 a
324 5201 414 5273 quiete
428 5203 573 5276 evigilans,
589 5204 625 5258 ab
640 5205 700 5275 ipso
715 5221 781 5278 rege
796 5207 871 5263 exci-
926 5208 1005 5266 l'cctio
1028 5209 1182 5280 specierum
1195 5251 1201 5273 ,
1223 5217 1251 5264 et
1273 5217 1380 5265 notatim
1399 5207 1544 5263 multitudo
1576 5206 1718 5262 virtutum.

68 5297 132 5360 tata,
148 5289 183 5344 de
198 5287 326 5366 cubiculo
341 5291 464 5360 procedit
486 5292 604 5364 gemmis
624 5301 731 5362 ornata,
748 5311 827 5367 quam
843 5293 872 5349 li·
925 5298 1033 5368 llyrrha
1045 5306 1087 5353 cst
1101 5295 1277 5354 mortificatio
1301 5306 1463 5369 martyrum,
1475 5297 1537 5351 thus
1555 5291 1723 5351 sacrificium

68 5377 278 5434 liederusalem
294 5391 356 5434 cum
377 5385 459 5435 cantu
485 5381 567 5450 (vers.
590 5385 617 5451 6)
634 5399 640 5434 :
659 5383 726 5450 Quae
744 5389 785 5439 est
800 5385 869 5454 istc,
924 5385 1124 5454 consessorum,
1149 5385 1296 5443 universus
1324 5385 1413 5458 puluis
1442 5383 1584 5458 pigmenti,
1614 5381 1724 5440 devotio

66 5466 216 5538 excipiunt,
232 5473 259 5522 et
273 5466 309 5522 ad
324 5466 424 5524 lactum
440 5467 594 5525 Salomonis
613 5471 762 5528 honorilice
786 5473 869 5528 dedu·
925 5476 1047 5531 omnium
1069 5475 1191 5532 fidelium
1217 5475 1328 5542 Christi,
1356 5473 1553 5548 pigmentarius
1582 5471 1655 5528 enirn
1683 5481 1724 5527 est

66 5563 139 5622 eunt,
156 5555 195 5610 ibi
210 5554 354 5610 tortissimi
375 5571 407 5612 cx
432 5557 516 5612 lsrael
543 5559 641 5613 armati
670 5569 825 5630 occurrunt,
843 5571 870 5618 et
924 5564 1057 5632 medicus,
1072 5565 1117 5639 qai
1132 5565 1283 5638 pigmenta,
1300 5565 1327 5619 id
1343 5573 1384 5620 est
1396 5563 1509 5620 diversa
1528 5560 1721 5631 medicamina,

66 5659 123 5698 aaut
138 5649 224 5708 [vara.
244 5647 273 5714 9)
289 5643 317 5698 in
332 5641 467 5700 lerculum
481 5645 648 5716 Salomonis,
665 5647 749 5704 idest
768 5649 796 5704 in
819 5649 869 5706 do·
924 5653 1043 5723 conficit,
1058 5663 1087 5711 et
1100 5653 1261 5727 intelligitur
1274 5653 1408 5722 Christus,
1425 5651 1471 5724 qui
1495 5652 1665 5725 Scripturam
1688 5651 1724 5706 ad

65 5749 140 5790 mum
160 5731 282 5792 eoudtii
310 5747 373 5790 curn
394 5747 497 5807 magno
525 5743 657 5807 apparatu
684 5737 867 5810 introducunt,
923 5743 1013 5803 vados
1026 5743 1153 5801 uitiorum
1165 5742 1278 5800 morbos
1292 5741 1461 5803 medicamen
1474 5742 1551 5802 lecit.
