3942 6067
144 264 196 319 rar
733 228 1146 319 carinianum-'ena
1158 253 1208 311 ιι.
1745 262 1799 319 7„

144 386 242 445 cordia
258 384 366 443 Domini
380 386 540 457 praeveniar,
557 394 582 443 et
598 394 739 460 sequatur.
755 385 879 457 Epistola
887 386 945 454 eius
959 380 989 441 A
1002 382 1067 437 dam
1088 390 1199 439 cantant
1211 379 1337 447 Alleluia,
1367 381 1533 450 Quitimcnt
1544 383 1696 441 Dominam
1706 385 1798 453 (Pani.
1821 439 1824 446 ,

145 471 274 529 effectum
288 470 428 541 exprimit,
449 487 530 543 quem
552 487 602 542 pro
617 472 718 545 populo
733 472 845 535 habuit:
864 471 946 529 Obse-
999 471 1089 542 αιιι),
1117 469 1191 544 quod
1214 470 1284 527 benc
1300 470 1408 526 Danieli
1423 514 1430 539 ,
1445 471 1490 527 vel
1503 472 1592 527 tribus
1606 473 1698 543 pueris
1720 474 1801 531 sociis

143 578 206 629 cro,
214 561 311 632 inquit,
323 576 379 628 nos,
390 576 428 617 ne
437 560 577 631 deficiatis
587 563 619 617 in
631 560 863 618 tribulationibus
874 560 945 616 meis
999 559 1067 628 ejus,
1093 559 1151 615 sire
1163 558 1298 615 Susanna
1319 558 1456 627 convenit,
1472 560 1520 631 qui
1541 560 1571 615 in
1593 560 1711 618 Domino
1733 577 1800 634 spe-

145 666 199 723 pro
213 649 407 721 robbfflpbes.
423 650 478 717 ιιι).
495 648 524 703 ln
541 648 683 717 Graeculi,
707 651 854 707 Timebnnt
875 664 945 721 pen·
999 654 1142 713 raserunt,
1159 646 1234 703 etde
1253 646 1384 718 periculis
1402 662 1451 703 cos
1474 648 1587 719 eripuit.
1620 648 1800 723 limupelinm

150 738 298 809 tes(Psal.
325 752 361 801 cr,
384 737 429 807 td)
446 736 684 794 reaediiioationem
705 738 856 794 ierusalem
879 753 945 810 pro·
1000 736 1082 807 (hac.
1110 736 1172 806 xia)
1199 750 1310 808 quoque
1335 735 1470 808 congruit,
1493 736 1559 809 quia
1577 736 1676 793 Daniel
1699 737 1802 795 Saecu-

143 825 307 898 phetet,ubi
321 824 400 881 dicit:
412 827 552 896 Quoniam
562 821 860 897 aedificaviilicminns
872 827 945 885 Sion
998 839 1064 879 nem
1086 823 1209 891 salvarit,
1230 838 1264 879 ec
1285 822 1401 881 dimisit.
1428 825 1490 895 lpse
1514 824 1714 883 innovissimo
1737 826 1799 884 loco

144 914 236 985 (tim,
256 915 314 984 tt).
334 914 365 969 ln
380 914 496 971 Alleluia
526 930 602 981 vero,
628 918 661 972 ln
686 917 770 973 snitu
798 917 888 973 lsrael
911 918 945 973 de
998 911 1132 979 recubuit,
1155 911 1222 967 dum
1243 926 1275 967 se
1296 912 1367 968 iuter
1388 912 1511 983 captivos
1534 928 1597 969 osse
1620 912 1721 984 doluit,
1745 915 1798 972 sed

144 1004 261 1077 AEpypto
276 1004 367 1071 (Pani.
384 1003 465 1073 exiri)
489 1004 676 1061 reversionem
699 1004 793 1076 populi
814 1020 943 1076 praenun-
998 1017 1046 1057 rex
1060 1016 1123 1057 eum
1147 999 1275 1072 superius
1295 1000 1445 1057 ascendere
1457 1000 1546 1069 iussit,
1570 1000 1635 1059 dum
1659 1019 1722 1059 eum
1749 1020 1797 1061 re-

142 1092 202 1161 tias,
223 1099 252 1147 ut
266 1090 336 1147 sieut
364 1091 427 1147 otim
451 1093 486 1149 de
504 1086 623 1167 AEgypm
647 1094 788 1161 exierant,
814 1094 850 1148 ira
871 1110 944 1152 nune
997 1088 1046 1161 eni
1059 1089 1212 1161 principem
1235 1096 1346 1159 possse
1369 1088 1509 1145 coustituit
1525 1092 1609 1159 (Dan.
1624 1092 1683 1161 ιιι).
1702 1090 1796 1150 Offer-

142 1180 180 1235 de
202 1178 340 1250 Babylone
362 1178 439 1234 exire
454 1180 585 1236 debeant.
606 1180 785 1255 Evangelium
800 1188 942 1247 consonat,
997 1177 1107 1241 torium,
1125 1177 1311 1235 mantheum
1332 1192 1429 1238 mma
1453 1179 1796 1252 resonantiarum),

142 1264 219 1335 quod
243 1271 384 1319 munuum
407 1263 516 1320 civitate
536 1265 645 1331 elatum,
661 1266 711 1321 sed
733 1265 882 1321 eDomino
895 1280 942 1321 re·
997 1265 1153 1337 specialiter
1177 1265 1332 1321 orationem
1355 1265 1417 1335 ejus
1440 1264 1579 1335 exprimit,
1594 1281 1797 1341 quamprope-

141 1352 302 1408 suseitatum
325 1362 460 1407 memorat
473 1356 556 1424 (Luc.
575 1360 636 1417 vii).
651 1354 721 1409 Nem
741 1354 870 1409 iudaicus
893 1370 943 1425 po·
995 1352 1060 1424 pulo
1073 1368 1211 1425 oppresso
1233 1352 1337 1419 hebuit,
1361 1354 1393 1407 ln
1418 1352 1628 1421 communione,
1656 1356 1752 1413 Vooete
1768 1364 1795 1413 et

142 1440 226 1515 pulns
248 1440 328 1513 quasi
347 1449 471 1496 mortuus
502 1442 538 1497 ad
569 1442 724 1514 sepulerum
756 1440 940 1510 efferebatur,
994 1442 1106 1499 reddite
1120 1443 1212 1511 (Paul.
1228 1446 1326 1512 cxxv),
1342 1439 1475 1513 populum
1496 1450 1599 1507 monet,
1615 1449 1644 1497 ut
1666 1450 1729 1499 rota
1743 1459 1795 1501 sae

140 1532 209 1585 dum
230 1529 265 1585 de
288 1529 440 1585 ierusalem
464 1530 492 1589 iu
515 1530 684 1602 Babylonem
709 1531 832 1603 captivus
855 1532 942 1587 duce·
995 1531 1054 1587 Deo
1067 1531 1184 1586 reddere
1199 1529 1317 1594 festinet,
1334 1530 1380 1601 qui
1395 1529 1521 1600 spiritum
1541 1528 1699 1601 principum
1722 1530 1803 1589 ebs-¹

141 1616 232 1673 hatur.
249 1616 333 1687 Quia
357 1619 475 1675 Domino
498 1620 656 1687 suscitetur,
679 1619 744 1675 dum
767 1621 802 1676 ad
824 1620 941 1691 patriam
995 1618 1064 1688 tulit,
1080 1619 1144 1673 dum
1160 1618 1419 1674 Nabuchodonosor
1432 1615 1618 1673 iuterbcstias
1640 1634 1703 1675 esse
1724 1634 1793 1676 ceu-

139 1714 302 1763 revocatur.
322 1705 353 1762 ln
369 1705 516 1764 offertorio
532 1709 664 1781 propbeta
678 1708 721 1764 rel
738 1708 855 1780 populus
866 1708 938 1763 divi·
953 1732 981 1794 Β
995 1708 1059 1776 suit,
1083 1707 1226 1763 Dalthaznr
1240 1707 1363 1763 hostibus
1385 1705 1568 1765 occidendum
1581 1706 1705 1765 tradidit.

140 1810 208 1851 num
221 1794 352 1850 auxilium
368 1795 486 1861 invocat,
502 1804 533 1851 ut
550 1812 580 1853 se
603 1798 652 1851 suh
675 1796 800 1853 hostibus
823 1798 934 1868 eripiat.
1153 1831 1223 1888 CH·
1242 1830 1396 1887 LXXXIII·
1414 1861 1450 1874 -
1464 1831 1519 1890 Sub
1534 1832 1641 1905 mm·

142 1884 282 1952 Domine,
304 1885 450 1941 ancilium
472 1901 567 1941 meum
593 1886 677 1953 (Pani.
700 1886 780 1943 nxxl.
804 1885 833 1940 ln
856 1887 941 1944 Com-

139 1973 282 2036 munione.
299 1972 426 2041 nomiae,
442 1974 618 2031 memorara-
632 1974 725 2047 (rura.)
741 1974 876 2045 pusiniam
890 1976 941 2033 uer
1032 1959 1083 2013 Per
1095 1958 1149 2014 ¹100
1163 1954 1282 2013 officium
1303 1956 1395 2013 areas
1416 1972 1489 2013 nunc
1512 1957 1619 2025 aaroni,
1636 1956 1709 2031 noi
1724 1958 1791 2017 olim

139 2060 247 2117 pandat,
995 2045 1023 2101 in
1044 2046 1167 2101 Ecclesia
1182 2046 1234 2100 sub
1248 2046 1356 2102 tuliano
1371 2045 1498 2118 contigit.
1517 2046 1567 2102 llic
1581 2045 1731 2117 imperator
1744 2063 1796 2118 po-

307 2186 378 2244 cr-
398 2186 528 2243 uxu-
548 2217 584 2231 -
599 2188 660 2245 su
673 2191 781 2261 aaa·
993 2133 1433 2292 eliminentur&
1448 2148 1576 2279 titt
1589 2133 1797 2295 tilieti:

178 2308 224 2365 Sic
249 2316 313 2381 post
341 2308 526 2366 Theodosium
552 2310 637 2367 lloma
664 2328 680 2367 a
707 2312 835 2387 gentihus
850 2321 942 2370 vaste·
996 2316 1024 2369 ct
1038 2315 1150 2368 rectum
1165 2312 1252 2377 (Psoi.
1268 2310 1382 2382 cxvnr).
1402 2312 1431 2365 ln
1453 2308 1597 2378 Oratione,
1614 2312 1666 2378 Do,
1688 2327 1797 2385 qnoesu·

137 2402 192 2463 tur,
209 2396 380 2453 Christianus
393 2398 510 2469 populus
524 2400 690 2471 captivatur.
710 2402 798 2468 Quem
813 2401 880 2459 ordo
889 2401 941 2459 do-
995 2417 1062 2457 mas
1070 2402 1196 2464 Domine,
1206 2399 1308 2472 populo
1324 2403 1382 2466 tuo,
1398 2413 1449 2470 pro
1462 2398 1564 2471 populo
1574 2398 1690 2472 flagitet,
1704 2407 1733 2456 ut
1746 2398 1794 2473 qui

137 2494 259 2554 ntorum,
286 2502 368 2558 quam
393 2487 581 2558 multipliciter
605 2490 782 2557 consoletur,
807 2490 942 2564 signifieat
996 2490 1047 2544 Dei
1066 2488 1170 2558 judicio
1190 2503 1240 2550 nro
1261 2487 1364 2542 meritis
1378 2487 1507 2561 gentibus
1527 2486 1647 2543 traditus
1663 2494 1732 2555 eret,
1752 2487 1794 2543 iu-

137 2569 285 2647 pr‘aeeipue
307 2576 476 2649 Augustiana
498 2577 526 2631 in
551 2576 631 2645 libro,
657 2579 703 2651 qui
719 2581 942 2637 Dcciur'tcteDet
995 2576 1165 2649 dulgentiam
1184 2575 1293 2631 sentiat.
1309 2575 1338 2630 ln
1360 2574 1484 2646 Epistola
1498 2574 1614 2649 (aphes.
1635 2576 1674 2646 rr)
1694 2576 1795 2632 admo-

96 2680 101 2699 ¹
137 2661 292 2719 intitulatur
314 2665 400 2735 (135).
425 2664 500 2721 ordo
524 2681 592 2739 ergo
611 2667 753 2723 doctorum
777 2684 828 2738 pro
849 2684 880 2724 se
902 2670 942 2726 sio
995 2664 1063 2720 nitio
1086 2662 1401 2731 doctoruminsinuatur,
1417 2679 1470 2735 qua
1483 2663 1599 2735 populus
1623 2662 1660 2719 ed
1680 2664 1793 2735 patien-

139 2752 231 2809 Deum
253 2752 373 2820 invocat,
392 2754 519 2811 iiiaererc
531 2756 597 2822 mei,
608 2757 723 2813 Domine
734 2757 819 2827 (Paul.
831 2772 940 2826 cxxxv,
995 2754 1058 2808 tiam
1074 2753 1279 2808 corroboretur.
1288 2752 1320 2807 ln
1334 2751 1464 2809 Graduali
1479 2752 1588 2808 beatam
1604 2760 1714 2826 gentem
1728 2766 1798 2823 prae·

138 2839 170 2912 3)
194 2856 246 2912 pro
268 2840 372 2911 populo
394 2850 484 2897 autern
505 2843 545 2898 sio
560 2850 620 2899 orat
641 2845 791 2913 :Absolve
808 2845 939 2915 Domine,
995 2840 1298 2909 dioat(l³so1.xxxn),
1315 2856 1396 2912 quam
1426 2841 1562 2897 Dominus
1586 2840 1632 2898 hic
1656 2839 1790 2915 flagellet.

138 2934 256 2985 tuorum
273 2930 387 2987 uinculo
403 2932 584 3004 populorum.
613 2934 642 2988 ln
665 2933 787 3004 Epistola
809 2943 941 2990 constan·
996 2932 1026 2983 lu
1052 2929 1179 2993 Alleluia,
1209 2929 1263 2996 Qut
1287 2930 1393 2985 timent
1408 2929 1561 2987 Dominum
1584 2930 1674 3001 (Psoi.
1700 2929 1793 2998 cxrrrl,

138 3016 206 3073 tiam
227 3026 254 3074 et
275 3018 434 3088 patientiam
471 3020 573 3091 populo
602 3022 743 3094 praedicar,
778 3038 857 3094 quem
881 3039 940 3080 mm
995 3018 1084 3073 Deum
1107 3015 1274 3073 laudandum
1296 3016 1451 3083 denuntiet,
1475 3017 1523 3090 qui
1545 3017 1574 3072 in
1599 3033 1629 3072 se
1654 3016 1794 3088 speranti-

138 3114 188 3163 net
210 3120 245 3161 ne
268 3106 296 3161 in
321 3106 541 3163 tribulationibus
566 3108 675 3166 deliciet
696 3112 808 3184 (Epium.
838 3112 879 3182 ιι).
910 3088 1045 3167 ianus
1060 3106 1168 3176 adjutor
1189 3106 1298 3163 existat.
1329 3104 1358 3160 ln
1373 3105 1708 3175 Aiielnicrcro,Dilcai,
1723 3118 1794 3177 puo-

140 3194 273 3250 Gredueli
292 3194 358 3252 dicit
382 3197 454 3269 quod
480 3205 577 3269 gentes
593 3202 679 3255 Deum
693 3200 821 3255 dicuntur
830 3200 936 3265 timere,
992 3197 1073 3251 niam
1100 3195 1193 3267 (Paul.
1219 3193 1317 3265 cxiv),
1343 3194 1400 3249 Deo
1426 3193 1540 3265 plaudit,
1564 3192 1611 3266 qui
1639 3190 1789 3262 exaudivit.

140 3290 170 3338 et
192 3298 288 3339 ornnes
309 3300 392 3357 reges
415 3286 533 3358 gloriam
558 3288 617 3342 Deo
636 3287 764 3343 debeant.
781 3288 810 3343 ln
824 3288 938 3345 Alleluia
992 3283 1174 3357 Evangelium
1203 3281 1229 3338 ei
1252 3281 1395 3348 convenit,
1416 3282 1462 3337 ubi
1477 3282 1552 3353 dicit,
1569 3280 1717 3355 quodcum
1733 3282 1793 3338 Do·

140 3371 229 3427 Deum
245 3370 272 3427 in
292 3372 464 3429 tribulatione
485 3374 607 3440 laudent,
632 3376 677 3448 qui
702 3392 761 3431 earn
785 3378 819 3432 rte
838 3378 939 3449 populo
993 3371 1083 3427 minus
1105 3372 1229 3444 superius
1245 3372 1396 3429 ascendere
1411 3369 1517 3438 iecerit,
1534 3378 1560 3427 et
1574 3371 1599 3426 ei
1613 3368 1730 3443 gloriam
1741 3384 1793 3426 co·

138 3455 259 3513 barbaro
273 3464 358 3523 eruat,
375 3456 620 3515 sanctificationem
645 3475 723 3515 saram
738 3460 766 3515 in
785 3460 825 3516 ais
840 3462 934 3518 iaciat.

136 3539 170 3594 ln
184 3539 338 3613 Evangelio
353 3542 440 3609 (filius
453 3542 556 3613 viduus)
572 3550 695 3598 mortuus
705 3544 852 3601 suscitatus
877 3562 938 3601 me-

139 3635 264 3683 moratur
279 3630 360 3696 (Lao.
378 3631 438 3700 ιιιι),
461 3632 528 3686 etin
543 3631 610 3702 ipsis
625 3633 793 3689 resurrectio
807 3634 842 3689 ed
857 3634 937 3690 vitam

139 3716 315 3788 predicatur.
356 3716 408 3787 Qui
440 3717 558 3789 populus
598 3719 718 3776 divinum
753 3723 881 3778 airxilium
910 3724 937 3778 in

139 3803 288 3861 Oliertorio
315 3806 450 3877 implorat,
478 3816 581 3863 uteum
612 3824 628 3864 a
655 3812 729 3865 melo
756 3810 867 3883 eripiat.
907 3814 937 3867 ln

139 3892 339 3950 Commuuione
351 3894 485 3964 justitiam
500 3896 552 3952 Dei
568 3898 737 3969 magnificat.

171 4034 240 4091 Can.
254 4034 395 4092 LXXXII.
404 4067 438 4078 -
446 4038 593 4095 Dominicis
604 4039 713 4096 decimo
723 4042 853 4113 raptione,
864 4043 935 4099 «Ja-

316 4147 376 4199 stas
392 4158 430 4207 aa,
448 4146 576 4209 Domine,
596 4147 672 4203 »snb
689 4149 756 4219 leue.

172 4230 315 4287 Dominira
332 4247 393 4303 qum
407 4233 531 4304 sequitur
545 4248 561 4289 a
576 4234 688 4291 Daniele
706 4236 837 4307 propbeta
855 4235 935 4291 insti-

139 4320 236 4376 tuitur.
264 4320 313 4375 llic
336 4320 364 4374 in
386 4321 541 4391 capiirirue
551 4324 655 4393 positus
667 4324 727 4397 regi
737 4324 937 4397 somniaexpo·

138 4408 200 4473 snit,
216 4408 371 4465 Susannam
394 4408 429 4465 de
454 4419 542 4467 morte
566 4412 664 4482 eripuit
687 4414 769 4481 (Dan.
791 4418 853 4475 ιιιιι)

138 4513 199 4553 suin
230 4513 296 4553 vero
323 4498 398 4553 Deus
418 4497 452 4553 de
475 4499 535 4554 lacu
557 4499 665 4555 leonum
686 4500 828 4566 liberarit,
853 4520 933 4574 quern

136 4584 177 4641 sic
197 4584 313 4641 laudans
338 4586 478 4653 exaltavit,
502 4588 601 4644 insius
625 4604 670 4655 es,
701 4592 815 4646 Domine
838 4592 929 4661 (Psoi.

135 4676 246 4738 οιιιιιι),
260 4672 288 4728 ίιι
304 4672 445 4743 Oratione,
464 4676 646 4748 Omnipotens
661 4680 834 4749 sempiterne
850 4682 932 4745 Deus,

135 4762 195 4817 Deo
219 4762 364 4833 supplicat,
380 4770 409 4817 ut
425 4764 552 4835 pupulus,
568 4764 614 4835 qui
630 4780 680 4835 pro
701 4766 807 4821 meritis
823 4768 849 4821 in
861 4768 933 4837 judi·

135 4849 207 4906 oium
230 4850 279 4905 Dei
293 4851 397 4916 incidit,
410 4852 610 4924 indulgentiam
631 4854 741 4923 sentiat,
755 4856 797 4909 vol
819 4872 845 4909 in
864 4856 932 4912 Ora-

135 4936 218 5001 tione,
244 4940 296 5003 Du,
318 4956 489 5011 quesumus,
505 4943 622 4997 Domine
645 4944 747 5014 populo
760 4949 808 4999 tuo
833 4960 932 5015 prece-

135 5033 189 5093 tur,
214 5033 243 5081 ut
266 5028 383 5099 populus
405 5028 495 5083 solum
520 5029 607 5084 Deum
639 5039 778 5103 sequatur.
805 5033 836 5087 ln
863 5032 932 5104 Epi·

134 5113 203 5169 stola
224 5128 254 5171 ee
277 5115 377 5172 rictum
411 5115 528 5183 clamat,
564 5120 695 5189 populum
727 5121 864 5190 captivum
897 5122 931 5177 ad

133 5204 294 5276 patientiam
313 5206 427 5262 roborat
441 5208 553 5279 (Ephes.
572 5210 619 5278 ιιι).
645 5210 672 5263 ln
697 5209 840 5265 Graducli.
865 5212 931 5265 Dea-

133 5300 187 5348 tem
202 5300 313 5367 gentem
328 5297 522 5364 cantattl’sul.
548 5297 652 5363 ιιιιιιιι),
676 5312 757 5369 quum
784 5299 856 5353 Deus
880 5298 930 5355 lla-

133 5381 263 5455 gellando
277 5382 380 5437 visitat.
400 5382 430 5438 ln
440 5383 562 5449 Alleluia,
577 5386 681 5447 Diioui,
693 5386 826 5457 mumioni
842 5390 929 5458 (Psoi.

132 5471 224 5541 cxiv).
244 5470 304 5527 Deo
319 5471 434 5543 plaudit,
452 5474 498 5545 qui
513 5490 608 5529 vocem
624 5476 683 5542 eius
694 5475 846 5531 exniidivit.
863 5476 931 5545 Qui·

992 3476 1054 3515 ram
1077 3460 1183 3517 cunctis
1202 3459 1324 3516 tribuerit
1338 3459 1421 3531 (luc.
1439 3460 1516 3531 xia).
1536 3457 1711 3517 offertorium
1728 3474 1792 3531 pre·

991 3565 1038 3605 ces
1070 3549 1132 3621 ejus
1160 3548 1296 3619 exprimit,
1329 3564 1398 3620 quas
1425 3564 1477 3619 pro
1505 3547 1599 3621 populi
1627 3544 1792 3605 liberatione

992 3637 1073 3693 ludit.
1101 3638 1131 3693 ln
1164 3636 1361 3693 communione
1393 3638 1550 3693 sacerdotes
1574 3633 1707 3707 populum
1728 3651 1793 3692 mo·

991 3731 1066 3788 nent,
1090 3730 1118 3776 ut
1140 3728 1202 3777 vota
1226 3720 1341 3776 terribili
1366 3721 1424 3776 Deo
1448 3720 1566 3777 reddere
1593 3738 1649 3779 non
1671 3719 1791 3785 tardent,

991 3811 1037 3883 qui
1060 3810 1184 3881 spiritum
1206 3808 1361 3880 principum
1383 3808 1510 3877 abstulit,
1541 3808 1606 3864 dum
1630 3809 1789 3872 Alaricum,

991 3898 1209 3966 Theodericum,
1243 3896 1374 3963 Totilsm,
1398 3904 1527 3969 tyrannos
1554 3914 1641 3971 regno
1675 3897 1789 3970 privans

991 3986 1102 4043 tartaris
1115 3985 1239 4041 tradidit.
1268 3986 1425 4041 Notandum
1449 3985 1522 4057 quod
1537 3984 1565 4041 in
1587 4001 1671 4042 versu
1694 3984 1787 4044 onar-

990 4076 1054 4131 torii
1079 4082 1203 4131 cantatur
1217 4073 1336 4131 Dictaei
1350 4075 1428 4130 uenit
1441 4074 1474 4129 in
1490 4074 1668 4145 adjutoriam
1680 4090 1786 4140 meam,

991 4164 1055 4235 quiin
1084 4164 1144 4219 hmo
1166 4161 1309 4218 Dominiea
1330 4161 1478 4233 aliquando
1500 4164 1575 4220 circa
1600 4161 1700 4219 festum
1721 4178 1788 4217 aan-

990 4253 1026 4308 eti
1058 4251 1199 4308 Michaelis
1228 4251 1364 4318 occurritr
1392 4249 1437 4306 rel
1460 4252 1524 4321 quis
1544 4251 1678 4309 memorie
1699 4250 1788 4308 sahmi

989 4340 1128 4397 Michaelis
1143 4339 1194 4394 suh
1209 4339 1343 4412 praedicto
1356 4338 1479 4410 principe
1492 4340 1615 4396 institute
1628 4340 1677 4397 sit.

865 4432 872 4481 3
890 4412 933 4483 ip·
949 4442 975 4501 D
1027 4464 1095 4519 cna.
1115 4462 1264 4520 Lxxxtv.
1277 4464 1731 4525 -Dominiendccimoootuons
1747 4466 1790 4523 Da

1246 4569 1347 4625 pacem
1365 4576 1376 4602 ι
1394 4552 1444 4610 snb
1455 4555 1527 4625 iope.

1022 4677 1052 4731 ln
1068 4676 1148 4745 hujns
1170 4675 1320 4733 Dominicae
1341 4675 1434 4735 allido
1451 4685 1664 4749 representatur
1685 4677 1786 4735 Danie-

986 4764 1021 4820 lis
1034 4765 1132 4829 oratio‚
1155 4772 1182 4821 at
1196 4764 1289 4837 angeli
1304 4765 1440 4825 Gabrielis
1453 4766 1612 4824 collocutio.
1630 4767 1788 4824 Transactis

987 4853 1088 4925 quippe
1111 4854 1287 4927 septuaginta
1308 4855 1390 4912 annis
1413 4856 1440 4910 in
1467 4855 1606 4921 servitute,
1622 4855 1708 4911 orarit
1722 4855 1785 4912 Ds-

986 4941 1040 4997 niel
1062 4958 1113 5013 pro
1136 4944 1229 5014 populi
1252 4944 1392 5001 libertate.
1411 4943 1460 5001 Cui
1479 4944 1598 5017 angelus
1612 4944 1724 5001 Gabriel
1739 4961 1787 5018 ap·

985 5030 1083 5101 paruit,
1100 5031 1270 5103 etpopulum
1291 5049 1307 5088 a
1330 5033 1402 5105 Cyro
1428 5032 1629 5100 dimittendum,
1652 5040 1680 5089 et
1702 5032 1785 5090 Chri-

985 5129 1056 5175 stum
1076 5136 1125 5188 pro
1148 5122 1267 5177 humane
1280 5120 1444 5177 liberatione
1457 5121 1627 5177 nascendum
1640 5120 1784 5193 siguifica-

984 5208 1032 5266 vit.
1061 5210 1191 5267 lutroitus
1218 5225 1286 5285 crgo
1311 5209 1394 5266 verba
1422 5209 1546 5266 Danielis
1583 5216 1779 5281 representat,

984 5298 1085 5368 qrribus
1108 5299 1147 5355 sic
1177 5315 1227 5370 pro
1250 5298 1343 5371 populi
1365 5296 1454 5354 salute
1476 5298 1576 5355 elamat
1592 5314 1599 5353 :
1616 5300 1780 5372 Dapuecm,

985 5388 1116 5452 Domine,
1132 5388 1340 5445 sustinentibus
1353 5391 1389 5444 ie.
1407 5391 1440 5443 at
1454 5388 1601 5461 prophete
1621 5388 1666 5444 tui
1684 5387 1782 5457 fideles

984 5477 1172 5534 inveniantur
1186 5478 1286 5548 (dccli.
1306 5476 1415 5546 xxxvi).
1428 5476 1457 5531 ln
1480 5476 1609 5534 Oratione
1623 5475 1739 5548 postulat
1752 5484 1783 5533 ut

166 5674 381 5748 (rutinagum.
408 5676 447 5734 De
470 5676 547 5734 cinit.
576 5677 627 5735 Dei
650 5693 713 5751 cap.
739 5678 786 5750 29,
801 5678 849 5735 lih.
858 5694 927 5749 xvir,
948 5694 1014 5754 cap.
1034 5681 1078 5751 lb,
1094 5688 1122 5738 et
1133 5680 1210 5739 alibi.
