3942 6067
84 280 134 337 su
500 272 1321 337 srncnanunastasia-ruocravtsnoemi.
1640 254 1645 272 '
1687 281 1740 341 ιιι

83 404 173 475 campi
189 404 329 477 exposuit,
346 413 375 461 et
386 412 442 461 tots
456 412 536 461 nocte
551 418 598 461 ros
612 403 719 460 coelitus
741 403 769 459 in
790 402 879 460 vellus
892 400 922 465 Α
935 402 1050 475 implere
1064 402 1156 477 legem
1170 420 1255 477 quam
1270 403 1357 461 dedit.
1374 402 1483 461 Primus
1496 410 1587 461 antem
1596 405 1738 463 Abraham

83 493 227 550 descendit
241 504 268 551 et
281 510 344 551 area
361 495 437 551 sicca
453 493 593 551 remansit.
605 493 787 567 Congregatis
801 492 883 567 igitur
936 492 1152 562 circumciditur,
1178 494 1221 551 cui
1249 493 1333 551 etiam
1365 493 1493 550 Christus
1522 496 1734 566 repromittitur.

82 581 179 639 decem
203 582 328 653 milibus,
353 583 471 641 occurrit
495 582 589 657 populi
615 582 664 639 Det
687 582 812 638 hostibus
836 579 884 655 qui
933 581 1042 639 Idcirco
1055 598 1121 639 vero
1135 584 1163 638 in
1178 582 1291 657 genitali
1306 584 1431 641 membro
1445 580 1526 640 fiebat
1550 583 1734 654 circumcisio,
1775 626 1778 632 -

84 680 162 727 erant
185 674 372 731 castremetati
395 672 430 729 ad
454 678 564 729 centum
585 671 682 745 viginti
696 670 783 727 milia.
801 674 884 727 lusan
938 670 1002 744 quia
1015 672 1043 727 in
1066 688 1099 729 eo
1121 672 1217 744 primis
1237 672 1395 744 parentibus
1418 681 1479 744 post
1504 681 1649 746 peccatum
1673 682 1736 731 orta

83 776 150 818 vero
175 762 320 819 Dominico
344 762 478 819 exercitus
499 763 534 818 ad
556 762 657 817 llumen
679 761 799 819 ducitur.
827 757 884 815 Tali
937 768 980 816 est
993 759 1129 819 conlusio.
1153 764 1186 818 lit
1201 761 1263 820 ideo
1276 761 1364 819 voluit
1386 762 1456 819 hanc
1478 761 1603 819 Christus
1626 761 1655 819 in
1678 762 1737 820 auis

82 850 166 907 modo
180 852 327 923 probatus;
343 852 378 907 ab
393 850 511 908 invicem
534 851 675 921 dividitur,
700 850 817 908 trecenti
831 864 883 921 po·
936 850 1066 906 membris
1079 849 1212 919 tolerare,
1228 850 1293 924 quia
1306 850 1381 909 venit
1392 850 1579 909 conlusionem
1594 851 1739 925 originalia

83 947 141 995 tum
155 941 281 997 manibus
296 942 458 1008 hauserunt,
475 940 573 1013 reliqui
597 956 664 999 vero
687 940 758 997 llexo
782 938 885 1011 poblite
937 939 1043 1011 peccati
1056 948 1212 1012 amputare.

83 1043 134 1085 ore
149 1030 288 1086 biberunt.
313 1029 366 1100 Qui
380 1030 494 1088 trecenti
510 1030 636 1087 hostibus
649 1029 758 1087 obviarn
773 1029 824 1095 irc,
840 1028 886 1085 ιιιι
973 1030 1009 1084 Et
1022 1029 1146 1097 debetis,
1172 1028 1274 1087 iratres
1297 1028 1456 1099 karissimi,
1478 1028 1552 1089 scire
1575 1031 1649 1105 quod
1669 1046 1741 1089 nun·

80 1118 151 1187 jussi
167 1127 229 1175 sunt
243 1119 353 1175 demum
368 1120 472 1176 redire.
499 1118 627 1177 Trecenti
642 1122 734 1191 itaque
756 1118 836 1175 tubae
859 1125 887 1177 ct
938 1132 1022 1191 quam
1036 1119 1280 1178 estsalvatusnisi
1294 1118 1486 1193 aliquomodo
1502 1119 1665 1194 baptizetur.
1676 1120 1738 1179 ati-

83 1206 199 1281 lagenas
214 1215 399 1281 sumpserunt,
416 1206 557 1281 lampades
579 1209 684 1282 lagenis
707 1208 885 1277 incluserunt,
939 1207 986 1281 qui
1000 1222 1119 1282 nmque
1133 1209 1262 1282 baptizati
1272 1216 1336 1266 sunt
1349 1208 1457 1265 uthbel
1466 1210 1614 1283 sanguinis
1628 1209 1739 1269 effusio·

85 1304 171 1353 noctu
197 1295 345 1370 improvise
368 1297 396 1353 in
420 1304 512 1353 castra
535 1297 653 1355 hostium
671 1296 799 1365 veniunt,
814 1295 887 1353 tubis
939 1312 985 1365 ne,
998 1305 1026 1353 ut
1039 1297 1151 1369 plurimi
1165 1297 1193 1355 in
1209 1297 1306 1371 figura,
1317 1305 1347 1353 ut
1358 1298 1418 1356 Noe
1438 1298 1470 1355 in
1483 1297 1579 1357 diluvii
1592 1298 1738 1369 effusione,

83 1385 229 1459 clangunt,
249 1386 363 1459 lagenas
387 1386 587 1458 complodendo
610 1386 750 1460 frangunt.
775 1385 888 1443 Lumina
940 1377 1066 1450 plerique
1080 1378 1108 1434 in
1123 1377 1214 1453 signo.
1228 1388 1258 1434 ul
1271 1380 1409 1435 Abraham
1429 1386 1456 1435 el
1478 1395 1529 1436 tut
1548 1381 1699 1452 posteritas
1713 1380 1743 1437 in

84 1491 145 1548 quae
167 1474 241 1531 intus
266 1476 389 1533 latebant
411 1484 611 1548 apparuerunt,
636 1484 663 1532 et
685 1476 778 1532 hostes
799 1473 888 1531 territi
940 1465 1160 1538 circumcisione,
1184 1467 1219 1541 (p
1241 1468 1287 1539 38)
1312 1468 1389 1524 multi
1409 1467 1437 1524 in
1461 1467 1562 1540 Spiritu
1586 1478 1696 1537 sancio,
1712 1476 1743 1527 ιιι

83 1576 181 1615 omnes
195 1560 337 1633 fugerunt.
370 1559 445 1630 Quos
470 1564 608 1632 persecuti
630 1559 724 1632 plures
748 1559 885 1627 occidunt,
940 1555 1088 1613 Christiani
1102 1557 1131 1612 in
1144 1572 1223 1631 aqnae
1235 1558 1429 1625 immersionc;
1448 1557 1498 1615 sed
1513 1557 1578 1631 quia
1590 1558 1682 1617 omnia
1695 1556 1742 1617 le-

83 1648 163 1719 panci
187 1648 230 1705 vix
254 1650 386 1705 evadunt.
414 1650 526 1707 Reverti
551 1666 646 1706 omncs
672 1648 793 1722 praedam
816 1647 888 1705 divi·
940 1646 1013 1719 galia
1036 1647 1159 1703 Christus
1177 1646 1261 1703 nobie
1277 1647 1413 1704 convertit
1426 1646 1455 1703 in
1470 1657 1641 1705 sacramenta
1659 1647 1742 1721 ιριιι-

85 1736 160 1793 dunt.
177 1737 223 1794 Sic
237 1738 389 1808 trophaeum
404 1738 528 1809 Gedeon,
546 1738 678 1810 superatis
693 1737 820 1805 inimicis,
837 1753 883 1794 re·
897 1762 925 1827 Β
940 1736 1031 1802 tualin,
1048 1735 1181 1793 debemus
1204 1751 1257 1793 noa
1274 1752 1330 1793 non
1345 1752 1428 1793 unum
1442 1735 1599 1793 membrum
1614 1745 1643 1793 ut
1655 1736 1744 1795 ludaei

85 1834 185 1899 portat,
197 1835 224 1883 et
238 1825 368 1898 populum
380 1827 429 1883 Dei
440 1828 474 1883 ab
484 1828 666 1899 oppressione
673 1828 770 1884 liberat
781 1828 883 1899 (lodic.
939 1825 1012 1883 lerro
1025 1825 1160 1893 mutilare,
1175 1825 1226 1881 sed
1248 1824 1283 1881 de
1305 1824 1423 1900 singulis
1437 1826 1565 1883 sensibus
1578 1826 1681 1884 nostrie
1695 1826 1740 1884 vi-

86 1932 126 1981 vr,
142 1917 202 1985 vu).
233 1914 303 1985 Quis
325 1932 455 1988 umquem
470 1917 583 1984 audivit,
600 1916 708 1984 iratres,
723 1916 830 1973 obviam
845 1916 887 1973 ire
940 1914 982 1972 cia
993 1914 1041 1971 tali
1054 1914 1137 1971 modo
1152 1924 1310 1988 amputare.
1334 1914 1429 1970 Visum
1443 1915 1578 1971 debemus
1598 1916 1744 1975 circumci-

86 2004 200 2059 armatis
214 2005 338 2062 hostibus
361 2022 424 2063 curn
445 2006 552 2079 lagenis
573 2013 600 2063 et
623 2006 820 2079 lampadibus?
836 2005 887 2061 sed
942 2004 1021 2072 dere,
1033 2012 1062 2061 ut
1076 2003 1207 2061 mulieres
1221 2004 1343 2062 nolimus
1358 2004 1393 2060 ad
1408 2005 1655 2078 concupiscendum
1669 2006 1746 2080 aspi·

88 2094 154 2167 quia
167 2094 195 2148 in
211 2091 297 2165 figura
313 2095 484 2167 contigerunt
496 2096 638 2167 propbetas
648 2096 736 2153 David
745 2104 772 2152 et
782 2097 888 2166 liseyas
942 2109 1016 2151 cere.
1034 2094 1161 2150 Auditum
1177 2094 1400 2150 circumcidimus
1414 2093 1437 2150 si
1449 2094 1524 2151 bunc
1537 2110 1554 2151 a
1569 2095 1745 2169 praviloquio

87 2183 124 2237 ad
138 2182 239 2238 Christi
262 2184 480 2241 incarnationem
503 2185 561 2241 lraec
585 2184 741 2241 retulerunt.
760 2184 813 2240 Per
828 2185 888 2239 lla-
942 2182 1122 2239 obstruimus.
1151 2183 1237 2240 Labie
1259 2193 1287 2240 et
1306 2182 1402 2257 lingua
1427 2183 1660 2242 circumciduntur
1683 2185 1746 2243 sia

88 2271 152 2327 dian
182 2287 300 2345 namque
323 2273 449 2330 diabolus
473 2272 633 2345 intelligitur
653 2289 669 2329 a
692 2289 747 2346 quo
773 2273 890 2345 populus
943 2269 1109 2338 mendaciis,
1124 2285 1141 2325 a
1155 2270 1295 2342 perjuriis,
1310 2271 1551 2329 adetractionibus
1566 2274 1744 2349 restringun-

95 2360 146 2415 Dei
161 2370 225 2417 ante
239 2360 339 2417 Christi
364 2363 510 2419 adventum
535 2362 688 2419 crudeliter
711 2362 887 2434 opprimitur.
944 2367 1002 2415 tur.
1029 2359 1084 2416 Cor
1108 2359 1315 2417 circumciditur
1331 2360 1356 2415 ιι
1379 2360 1407 2416 ιι
1429 2362 1507 2418 vania
1534 2361 1746 2435 cogitationibus

91 2449 216 2517 Gedeoo,
232 2452 278 2525 qui
294 2449 327 2519 (b
340 2451 374 2505 36
390 2452 430 2523 v0)
443 2452 574 2524 populum
597 2467 758 2523 oppressum
782 2452 890 2518 liberat,
944 2449 1041 2523 vagari
1055 2466 1110 2505 non
1123 2447 1234 2505 sinitur.
1264 2450 1359 2506 Manus
1374 2450 1595 2509 circumcidimus
1609 2452 1633 2509 si
1646 2468 1696 2510 eae
1710 2454 1747 2511 ad

89 2546 132 2595 est
146 2540 269 2595 Christus
283 2540 329 2612 qui
344 2556 432 2615 genus
449 2542 595 2597 humanum
611 2556 626 2596 a
641 2540 772 2597 servitute
787 2540 892 2597 diaboli
945 2540 1049 2595 malum
1068 2539 1236 2611 operandum
1259 2554 1337 2595 ιιιιι
1359 2556 1414 2597 non
1438 2539 1580 2599 efficimus.
1604 2542 1746 2600 Genitalis

90 2628 253 2686 reduxerat.
271 2629 364 2686 llellus
389 2630 507 2702 positum
522 2630 549 2685 in
564 2646 628 2687 area
644 2638 686 2686 est
700 2630 779 2686 beata
796 2630 891 2703 Virgo,
946 2628 1158 2685 circumcisione
1171 2637 1323 2702 purgentur
1343 2629 1367 2685 ei
1390 2645 1405 2685 a
1427 2629 1540 2687 libidine
1561 2629 1746 2689 refrenantur.

93 2718 182 2774 electa
196 2718 230 2775 dc
240 2720 399 2793 synagoga.
416 2719 471 2776 Ros
487 2721 515 2775 in
530 2719 617 2775 vellus
632 2718 773 2776 descendit
788 2728 814 2775 et
828 2735 893 2775 area
948 2716 1036 2773 Pedes
1048 2717 1283 2775 circumciduntur
1296 2718 1321 2773 si
1331 2719 1367 2775 ed
1380 2718 1482 2774 malum
1493 2734 1607 2777 currere
1616 2737 1671 2777 non
1681 2737 1748 2793 peo-

93 2808 169 2864 sicca
190 2810 331 2875 remansit,
348 2809 410 2881 quia
435 2810 515 2866 besta
530 2808 613 2865 bieria
627 2810 662 2866 de
677 2809 729 2865 Dei
746 2809 843 2867 virtute
867 2816 894 2865 et
946 2806 1102 2863 mittuntur.
1116 2806 1150 2862 ιιι
1166 2814 1193 2862 ιι
1216 2805 1245 2861 in
1258 2807 1367 2864 Christo
1389 2824 1439 2879 per
1461 2807 1555 2864 omnia
1573 2808 1747 2880 innovemur,

92 2896 143 2952 Dei
158 2897 292 2968 sapientia
306 2897 465 2967 immaduit,
482 2906 509 2954 et
524 2898 674 2974 Synagoge
688 2899 716 2955 in
731 2896 894 2956 infidelitate
948 2911 998 2967 per
1012 2910 1078 2951 eves
1093 2894 1173 2951 etism
1188 2896 1350 2953 edocemur.
1379 2896 1483 2953 Dicitur
1496 2897 1571 2970 qnod
1588 2897 1686 2972 aquila
1699 2915 1748 2957 sc·

92 2986 174 3042 aruit.
201 2985 296 3057 Campi
311 3003 421 3060 quoque
435 2987 544 3043 ariditas
560 2996 601 3043 est
615 2997 717 3045 sanctae
733 2988 823 3045 llariaa
837 2988 894 3044 vir·
948 2985 1071 3041 noscenti
1086 2998 1175 3041 cornu
1189 2985 1247 3043 orie
1269 2984 1297 3041 in
1322 2994 1427 3041 tentum
1441 2985 1598 3046 incurvetur
1615 2996 1643 3044 ut
1666 2987 1749 3047 etiarn

93 3075 205 3149 ginitas,
221 3076 331 3133 velleris
345 3077 547 3146 humiditarest
561 3078 656 3134 matris
671 3077 773 3134 Christi
795 3078 891 3135 lecun-
948 3090 1001 3129 usu
1016 3074 1115 3131 edendi
1129 3074 1268 3146 privetur;
1286 3090 1347 3149 qnae
1371 3075 1425 3134 hoc
1449 3076 1570 3133 sentiens
1595 3076 1690 3133 ιιιιιιι
1712 3077 1749 3135 ad

94 3165 176 3220 ditas.
196 3166 328 3222 Dominus
343 3184 410 3240 ergo
426 3168 494 3224 sicut
511 3167 602 3240 pluvia
623 3170 652 3223 in
672 3168 759 3225 vellus
773 3168 891 3225 descen·
908 3126 933 3191 G
948 3172 1052 3235 petram
1066 3163 1137 3219 acuit
1151 3163 1241 3221 donec
1254 3163 1374 3221 curvitas
1397 3163 1442 3220 illa
1466 3166 1575 3237 prosilit
1598 3174 1626 3223 et
1649 3166 1690 3225 sic
1712 3166 1749 3225 ad

93 3254 147 3321 dit,
165 3256 230 3329 quia
245 3256 340 3311 matris
365 3256 556 3313 fecunditatem
580 3256 681 3323 attulit,
708 3257 892 3331 virginitatem
946 3268 1024 3309 esum
1039 3260 1252 3324 recuperaturet
1265 3253 1357 3309 denuo
1370 3252 1431 3323 ejus
1445 3255 1576 3324 iuventus
1590 3255 1745 3315 innovetur.

93 3360 148 3400 non
163 3344 286 3399 abstulit.
302 3346 446 3401 Exercitus
460 3347 492 3403 sd
508 3362 606 3419 equam
621 3347 791 3418 probandam
812 3346 893 3404 duci·
948 3340 994 3398 Sic
1004 3358 1065 3409 nos,
1077 3340 1228 3411 karissimi,
1241 3357 1304 3399 cum
1314 3343 1341 3397 ιι
1352 3342 1463 3417 llagitiis
1478 3344 1659 3412 senescimus,
1670 3353 1697 3402 et
1710 3344 1747 3403 ab

93 3440 147 3499 tur,
164 3432 229 3505 quia
244 3434 361 3504 popalus
376 3434 524 3491 salvandus
539 3435 639 3492 Christi
662 3436 824 3507 baptismate
841 3436 892 3490 ab·
949 3446 1001 3487 esn
1015 3429 1077 3487 vitae
1091 3430 1242 3498 deficimus,
1266 3431 1399 3487 ιιιιιιιιι
1420 3448 1471 3505 per
1492 3432 1699 3492 confessionem
1711 3434 1747 3491 ed

92 3520 186 3579 luitur.
212 3522 336 3579 Trecenti
351 3522 398 3595 qui
420 3525 548 3579 manibus
572 3534 665 3597 potum
680 3524 816 3592 hauriunt,
832 3534 895 3581 sunt
946 3529 1054 3591 petram
1069 3518 1205 3575 Christum
1219 3533 1342 3583 currere,
1358 3528 1386 3576 et
1401 3536 1451 3593 per
1463 3521 1652 3593 poenitentiam
1673 3522 1749 3580 duri·

93 3610 130 3665 hii
147 3614 191 3683 qui
216 3610 245 3666 in
267 3609 322 3668 fide
346 3622 448 3669 sanctae
462 3613 602 3669 Trinitatis
619 3614 783 3686 baptismum
798 3614 891 3686 perci·

93 3700 184 3771 piunt,
196 3708 226 3755 et
237 3700 306 3757 lianc
319 3698 402 3758 iidem
417 3718 467 3773 ριι
476 3703 641 3777 decalogum
651 3703 720 3777 legis
730 3703 890 3775 implebunt,

92 3785 156 3842 ideo
172 3788 279 3854 hostes,
295 3787 381 3844 idest
397 3790 466 3846 vicia
481 3798 508 3845 et
522 3790 661 3847 demones
684 3795 890 3865 expugnabunt.

91 3874 136 3930 ilii
151 3892 218 3933 vcro
233 3874 300 3950 [qui]
314 3876 393 3934 lleais
407 3878 522 3949 genibus
545 3879 658 3949 hibunt,
684 3888 749 3936 sunt
771 3880 810 3937 hii
832 3880 889 3952 qui,

90 3968 222 4033 percepto
247 3962 393 4033 baptismo,
409 3971 439 4018 ut
452 3963 532 4020 bruta
546 3964 676 4021 animalia
691 3964 795 4034 vivunt,
812 3973 839 4022 et
852 3966 890 4023 hii

91 4050 157 4123 quia
177 4059 271 4107 contra
294 4052 387 4109 hostes
412 4067 467 4108 non
489 4052 567 4108 ibunt
590 4055 626 4110 ob
650 4054 776 4111 inertiam
804 4054 889 4112 inter·

90 4140 179 4195 ibunt.
197 4140 322 4196 Trecenti
337 4156 406 4197 sono
421 4141 549 4197 tuburum
572 4150 661 4199 castra
683 4142 801 4199 hostiurn
822 4160 889 4217 per·

77 4228 207 4297 turbant,
220 4228 282 4303 quia
297 4228 414 4302 apostoli
428 4238 455 4285 et
468 4230 513 4285 elii
522 4230 654 4288 Ecclesiae
668 4233 796 4290 doctores
809 4231 888 4289 clan-

90 4334 159 4390 gore
174 4318 296 4374 altisone
311 4318 512 4391 predicationis
535 4320 627 4377 turbae
650 4321 805 4377 daemonum
819 4338 889 4395 pro·

89 4407 214 4479 pulsant.
233 4408 318 4464 Porro
332 4424 383 4479 ριι
397 4406 526 4481 lagenam
541 4408 641 4466 Christi
656 4412 821 4483 humanitas,
836 4427 887 4484 per

947 3608 1012 3664 tiam
1026 3607 1142 3665 maliciae
1156 3615 1256 3665 nostrae
1265 3624 1376 3677 acuere,
1389 3618 1417 3666 ιι
1431 3617 1494 3668 tunc
1508 3610 1536 3666 in
1551 3611 1631 3668 nebia
1644 3610 1692 3668 ille
1702 3610 1747 3683 jn·

946 3705 1044 3754 ventus
1058 3696 1240 3768 pergratiam
1263 3706 1412 3753 renovatur
1423 3714 1485 3771 quaa
1501 3699 1582 3755 nobis
1604 3700 1633 3756 in
1653 3698 1746 3773 bapti·

946 3794 1034 3843 amate
1047 3802 1098 3857 per
1112 3784 1242 3857 Spiritum
1256 3794 1381 3843 sanctum
1403 3784 1534 3843 dabatur.
1561 3786 1615 3857 Qui
1630 3788 1671 3845 sic
1685 3796 1745 3847 ιιι-

945 3875 1011 3932 dent
1025 3889 1097 3932 nunc
1110 3873 1139 3929 in
1148 3873 1256 3931 Christo
1270 3875 1408 3942 renovari,
1432 3890 1448 3930 a
1470 3875 1579 3932 Christo
1594 3876 1745 3935 mereban-

945 3972 992 4020 tur
1005 3961 1171 4036 qnandoque
1186 3961 1213 4017 in
1228 3961 1306 4019 coelie
1320 3962 1449 4020 laureari.
1472 3962 1527 4020 Sed
1543 3966 1597 4021 heu
1609 3962 1745 4038 liquidam

944 4052 1037 4109 miseri
1052 4060 1080 4108 et
1092 4051 1206 4108 nimium
1216 4051 1341 4109 infelices
1354 4052 1389 4108 de
1403 4068 1516 4111 numero
1526 4050 1647 4111 fidelium
1659 4054 1745 4130 (quod

945 4158 1008 4200 cum
1023 4140 1101 4216 gravi
1116 4142 1190 4199 luctu
1204 4142 1298 4198 dicere
1319 4140 1456 4214 cogimur)
1480 4143 1533 4200 hec
1557 4158 1640 4201 sacra
1663 4154 1743 4205 nocte

944 4232 1029 4289 ritum
1044 4240 1185 4289 sectantur
1198 4230 1351 4307 gentilium.
1364 4231 1526 4289 Curiositete
1536 4232 1637 4307 qnippe
1646 4232 1742 4306 illecti,

943 4320 1028 4379 immo
1042 4336 1060 4377 a
1073 4321 1246 4379 demonibus
1259 4320 1379 4393 decepti,
1394 4321 1459 4378 dum
1474 4324 1600 4394 quaedam
1620 4338 1693 4383 nora
1714 4333 1743 4383 ct

943 4426 1016 4469 vena
1029 4410 1101 4468 scire
1113 4409 1235 4484 eupiunt,
1251 4409 1279 4466 in
1296 4425 1381 4483 grave
1395 4409 1495 4469 anime
1507 4412 1659 4485 pericnlum
1674 4424 1742 4473 cor-

88 4495 247 4569 lampadem
261 4496 334 4553 intus
347 4496 477 4553 latentem
496 4496 656 4571 intelligitur
668 4500 727 4571 ejus
741 4501 881 4559 divinitas.
899 4482 927 4547 D
942 4508 1035 4557 ruunt.
1059 4498 1244 4557 Christianam
1266 4498 1428 4573 religionem
1449 4499 1612 4573 profanant,
1635 4502 1741 4563 animas

88 4584 199 4659 Lageus
214 4584 347 4659 frangitur
367 4594 395 4644 et
417 4586 511 4643 lrnnen
524 4586 613 4645 latens
628 4590 789 4658 ostenditur,
804 4598 885 4665 atque
939 4606 1004 4646 suae
1016 4588 1141 4646 nefandis
1156 4586 1309 4646 sceleribus
1331 4587 1526 4659 contaminant,
1541 4590 1630 4649 Dalm
1643 4609 1739 4652 ιιιιιιι

87 4674 206 4731 hostium
225 4688 334 4732 caterva
358 4674 497 4748 perterrita
520 4676 548 4732 in
571 4676 663 4751 lugam
679 4679 801 4750 vertitur,
819 4680 885 4753 quie
939 4678 1087 4753 abnegent,
1113 4676 1222 4735 diabolo
1245 4692 1276 4734 se
1299 4678 1426 4734 omnibns
1450 4678 1540 4737 modis
1563 4678 1733 4755 mancipant.

39 4754 47 4771 '
87 4780 153 4823 cero
161 4764 258 4821 Christi
267 4764 295 4821 in
305 4765 435 4837 passione
449 4764 589 4823 confracte
605 4770 680 4823 velot
689 4775 757 4825 teste
767 4770 881 4841 exaruit,
937 4767 1005 4825 lllos
1017 4768 1081 4825 dico
1094 4768 1142 4841 qui
1154 4766 1283 4825 instinctu
1296 4767 1402 4825 diaboli
1421 4766 1450 4823 in
1472 4768 1589 4826 desertis
1604 4770 1673 4827 locis
1685 4785 1738 4844 ριι·

86 4860 112 4909 ιι
137 4854 229 4911 lumen
252 4852 399 4910 divinitatis
422 4855 484 4925 eius
508 4872 557 4927 per
576 4856 709 4915 miracula
728 4857 756 4914 ln
780 4858 882 4917 mundo
936 4856 1069 4915 maleficia
1083 4856 1223 4914 daemones
1236 4856 1383 4926 invocant;
1408 4854 1469 4913 ιιιιι
1488 4855 1627 4932 incognita
1641 4858 1678 4915 ab
1693 4860 1736 4918 hie

85 4942 194 5009 claruit,
221 4942 368 5000 multitudo
391 4944 545 5001 daemonum
560 4961 577 5001 a
591 4944 718 5004 fidelibus
732 4948 876 5021 disparuit.
935 4948 1042 5005 discere
1056 4945 1227 5003 desiderant.
1253 4945 1290 5002 ιιι
1304 4960 1420 5002 ιιιιιιι
1436 4952 1478 5001 ιιι
1491 4952 1522 5001 ιι
1536 4946 1579 5003 ιιι
1593 4946 1736 5007 ιοιιιιιιι

86 5030 212 5100 Gedeou,
226 5033 311 5105 potita
325 5032 446 5098 victoria,
463 5048 525 5091 curn
540 5050 639 5109 pompa
662 5036 760 5109 preda
781 5054 880 5113 regre-
934 5036 963 5093 iu
977 5035 1154 5093 damnatione
1168 5034 1267 5107 quibus
1282 5034 1554 5091 communicaremnt
1566 5035 1594 5091 in
1610 5036 1734 5096 collocu-

84 5119 166 5190 ditur,
182 5128 209 5177 et
224 5122 340 5193 populus
355 5136 371 5178 ι
386 5122 533 5179 tormidine
548 5125 664 5180 hostium
687 5126 799 5195 eruitur,
816 5130 879 5203 qnia
933 5126 1020 5183 tione.
1049 5126 1083 5181 ιιι
1097 5124 1177 5198 quale
1191 5123 1244 5180 hoc
1257 5122 1338 5179 nelae
1353 5122 1389 5179 sit
1403 5123 1469 5181 bino
1491 5123 1607 5194 potestis
1630 5125 1732 5184 adver·

84 5208 206 5265 Christus
229 5210 337 5267 devicto
360 5210 468 5267 inlerno
492 5228 554 5269 cum
576 5212 660 5270 nobili
680 5214 819 5287 triumpho
842 5219 878 5276 ad
932 5221 1001 5281 tere,
1016 5230 1079 5271 curn
1093 5213 1136 5269 lea
1151 5213 1243 5268 dicat:
1260 5211 1400 5281 ιιιιιριιιι
1409 5216 1439 5268 ιι
1447 5211 1598 5271 amorne
1605 5217 1731 5287 pactam

83 5298 181 5355 coelum
198 5300 351 5370 revertitur,
367 5308 396 5357 et
407 5300 523 5373 populna
546 5301 634 5357 lidelie
656 5316 671 5357 a
695 5304 795 5361 diaboli
806 5308 878 5381 juge
932 5304 1024 5361 eicere
1040 5301 1141 5376 (senc.
1161 5302 1247 5373 aare).
1269 5298 1409 5358 canonice
1424 5315 1534 5375 qnoque
1547 5317 1666 5360 censura
1679 5320 1730 5378 pro

81 5388 153 5445 liber
167 5386 294 5445 eflicitur.
312 5390 387 5446 Tunc
401 5391 502 5463 quippe
516 5398 653 5461 sceptrum
676 5393 809 5450 exactorie
832 5412 878 5453 su·
932 5393 980 5450 tali
995 5392 1100 5449 scelere
1114 5399 1218 5462 septem
1232 5404 1320 5446 annos
1335 5389 1501 5462 poenitentie
1518 5388 1650 5466 injnngit,
1667 5395 1729 5453 vet.

80 5485 169 5549 peret,
187 5478 249 5549 quie
264 5477 418 5535 violentiam
434 5478 547 5547 diaboli,
565 5478 611 5551 qai
623 5478 775 5537 indebitum
789 5484 876 5542 servi-
931 5481 971 5539 uti
985 5481 1025 5537 illi
1040 5480 1087 5555 qui
1101 5488 1199 5553 sponte
1221 5478 1360 5536 hominem
1382 5479 1525 5536 occiderit.
1553 5478 1635 5551 Quod
1654 5484 1727 5543 enim

80 5568 148 5622 dum
173 5566 209 5622 ab
227 5568 346 5623 hnmano
360 5583 465 5642 genere
483 5567 585 5639 iugiter
606 5568 749 5643 exigebat,
776 5572 875 5635 virtute
930 5571 1106 5630 homicidium
1126 5571 1209 5629 borno
1232 5576 1325 5643 potest
1345 5570 1435 5640 majus
1458 5571 1629 5630 committere
1643 5588 1727 5649 quam

80 5656 174 5714 crucis
189 5656 342 5728 proculcat.
928 5662 1048 5719 animem
1071 5676 1150 5719 scam
1170 5660 1351 5718 immortalem
1370 5658 1422 5716 teli
1443 5659 1554 5736 ilagicio
1574 5664 1723 5735 perimere.

116 5744 172 5819 Qui
188 5744 270 5803 hodie
283 5746 597 5811 cucmncislonemideo
611 5752 714 5827 accepit
728 5754 876 5829 quierem
928 5752 1020 5813 bean
1034 5752 1119 5814 vitam
1132 5750 1168 5827 (ι
1183 5750 1273 5826 tter)
1286 5750 1440 5810 animarum
1464 5751 1624 5827 relinquere
1645 5762 1673 5813 et
1696 5770 1727 5815 ae

178 5843 310 5913 Peraea.
331 5842 485 5914 CLXXII.
1543 5848 1585 5920 ιι
