3942 6067
182 190 250 247 liii
445 189 595 249 HONOllll
609 188 861 249 AUGUSTODUN.
881 188 961 246 otte.
979 189 1070 247 PARS
1085 190 1137 245 lV.
1157 222 1191 232 -
1206 190 1363 249 poeula.
1379 193 1424 249 ET
1439 192 1579 251 ascet:
1767 192 1852 253 tatu

183 316 1848 353 Μ

645 561 728 664 DE
767 559 923 667 Vtra
960 558 1380 669 oblustrant.

273 834 325 903 (Ex
340 832 404 893 cod.
419 833 566 891 carthusiae
579 832 771 891 Gemnieensia
790 829 1347 977 emitbxepcbl’affipogggs'Wydemunn
1364 854 1372 906 ;
1392 838 1477 897 edidit
1491 839 1523 898 li.
1543 841 1572 896 P.
1589 841 1675 897 Bern.
1698 840 1753 897 Per

933 1140 1087 1153 ναι-ι...-

222 1369 381 1428 claustralis
395 1371 450 1428 vita
465 1377 507 1428 est
520 1371 557 1427 ab
568 1369 629 1443 ipso
639 1368 756 1427 Domino
769 1368 902 1426 instituta.
922 1368 986 1427 llaec
1001 1368 1027 1429 Α
1042 1361 1229 1442 requiescunt.
1250 1373 1289 1430 De
1304 1390 1357 1447 quo
1367 1374 1439 1431 lecto
1448 1374 1513 1431 dicit
1523 1374 1656 1431 Dominus
1670 1374 1697 1431 in
1708 1376 1853 1451 Evange-
1960 1410 1961 1413 =

185 1459 365 1534 spiritualiter
393 1461 490 1517 decern
515 1460 598 1516 rebus
622 1459 814 1524 assimilatur;
834 1459 905 1517 sieut
931 1467 987 1515 tota
1041 1457 1096 1515 lic:
1111 1460 1212 1519 bauto
1226 1463 1852 1540 lectaunascraumctttr,sluttere-elinque·
1960 1494 1961 1497 ¹

183 1548 313 1606 Ecclesia
335 1549 432 1607 decem
453 1548 608 1623 virginibus
629 1556 817 1621 comparatur.
844 1549 892 1604 Est
914 1548 986 1604 enim
1042 1554 1091 1606 tur
1104 1549 1183 1622 (Luc.
1200 1552 1288 1625 xvtr);
1304 1551 1461 1627 significans
1475 1553 1530 1609 duo
1544 1570 1649 1628 genera
1664 1554 1805 1611 hominum
1819 1556 1852 1611 in

184 1637 320 1709 imprimis
348 1638 445 1694 similis
472 1637 554 1694 littori
584 1637 677 1705 maris,
707 1638 780 1710 quod
808 1638 844 1694 de
866 1637 988 1709 periculo
1043 1638 1162 1697 clanstro
1179 1640 1346 1713 degentium,
1364 1658 1457 1710 unum,
1473 1643 1548 1716 quod
1563 1642 1703 1699 carnalem
1718 1644 1851 1717 requiem

183 1727 268 1783 maris
282 1725 423 1784 venientes
447 1727 552 1799 recipit,
568 1735 597 1783 et
609 1742 660 1799 pro
683 1726 830 1783 securitate
842 1724 988 1783 soliditatis
1043 1731 1146 1780 tantum
1162 1724 1261 1799 diligit,
1286 1726 1370 1795 aliud,
1393 1726 1467 1801 quod
1488 1726 1657 1800 spiritualem
1681 1729 1852 1801 semperin-
1960 1732 1961 1737 ’

183 1808 278 1888 patrie
292 1815 420 1872 restituit.
449 1816 547 1873 lotum
575 1816 676 1889 quippe
697 1814 725 1871 id
749 1815 879 1872 saeculum
903 1822 945 1871 est
960 1822 989 1871 ut
1043 1813 1138 1886 quirit.

183 1920 261 1961 mare
276 1905 469 1978 procellosum,
490 1904 555 1980 quia
569 1905 610 1963 sio
625 1905 753 1961 turbatur
767 1904 857 1971 bellis,
870 1912 899 1960 ut
913 1918 989 1960 mere
1077 1902 1183 1973 Quarto
1196 1910 1237 1961 est
1251 1901 1356 1977 asylum
1374 1904 1417 1961 tel
1431 1904 1529 1961 domus
1548 1904 1661 1979 refugii.
1692 1904 1761 1975 Quis
1774 1904 1850 1963 sicut

183 1994 324 2067 procellis,
340 2002 369 2051 et
382 1994 445 2052 ideo
459 1994 506 2066 qui
521 1994 593 2051 inter
618 1993 732 2050 insidias
760 1993 937 2051 inimieorum
951 1992 989 2048 ti·
1043 1992 1070 2049 in
1087 1992 1149 2066 lege
1167 2002 1225 2049 erat
1239 1993 1336 2052 civitas
1351 1993 1535 2067 iugitiromm,
1551 1994 1578 2050 in
1593 2010 1674 2067 quant
1692 1994 1730 2051 rei
1745 1996 1849 2053 coniu-

184 2098 263 2139 more
279 2090 406 2153 aestuant,
423 2092 486 2139 sunt
500 2082 574 2141 velut
588 2082 626 2152 bi,
642 2083 688 2156 qui
703 2082 732 2137 in
747 2090 912 2155 tempestate
927 2097 988 2138 ma·
1044 2082 1153 2155 pientes
1167 2083 1203 2138 ab
1217 2082 1340 2139 hostibus
1363 2083 1538 2141 salvabantur
1553 2098 1561 2155 ;
1588 2083 1626 2141 ita
1641 2083 1789 2141 claustrum
1802 2094 1848 2143 εει

184 2172 222 2229 ris
236 2173 378 2239 fluctuant,
395 2171 442 2246 qui
460 2188 527 2230 uero
546 2173 618 2229 inter
636 2171 708 2228 bella
729 2180 755 2228 et
773 2172 922 2229 seditiones
936 2172 989 2228 ba·
1044 2171 1154 2228 unicum
1168 2171 1302 2245 refugium
1319 2188 1437 2241 reorum,
1454 2172 1482 2229 in
1496 2189 1550 2246 quo
1564 2172 1694 2230 mundum
1707 2172 1848 2247 fugientes

182 2261 283 2332 bitant,
298 2270 363 2318 sunt
384 2270 412 2319 ut
425 2260 464 2329 hi,
490 2262 537 2335 qui
551 2262 622 2319 inter
639 2261 776 2333 procellas
790 2270 818 2318 et
832 2270 928 2319 uentos
940 2275 989 2319 na·
1044 2260 1244 2317 adaemonibus
1259 2260 1406 2318 salvantur.

182 2350 291 2423 rigant.
310 2350 362 2421 Qui
377 2352 593 2423 auteminpace
616 2349 731 2423 degunt,
759 2357 823 2407 sunt
842 2359 871 2407 ut
886 2352 924 2417 ht,
942 2350 989 2423 qui
1080 2349 1179 2420 Quinto
1198 2358 1237 2405 est
1264 2348 1360 2407 ecbola
1379 2350 1533 2419 infantium,
1563 2350 1590 2407 in
1619 2367 1671 2425 qua
1696 2350 1802 2423 parvuli
1817 2351 1849 2407 in

183 2440 212 2495 in
233 2438 379 2513 tranquillo
403 2441 471 2497 mari
493 2456 593 2497 narem
617 2440 737 2509 uehunt3
764 2438 799 2497 de
825 2440 927 2513 quibus
948 2448 991 2497 est
1044 2437 1151 2495 Christo
1174 2452 1191 2495 a
1212 2438 1346 2512 ldugistro
1371 2439 1466 2514 regula
1486 2440 1522 2496 ad
1546 2439 1660 2497 virtutes
1689 2438 1847 2496 informan-

185 2529 297 2587 dubinm
325 2538 415 2586 utrum
449 2530 484 2585 ad
520 2529 596 2586 littus
628 2528 779 2586 incolumes
810 2528 984 2601 perveniant.
1044 2534 1099 2581 tur.

140 2688 150 2701 ἱ
183 2618 469 2676 ldultienimournad
493 2618 569 2674 littus
595 2618 787 2691 pervenerint,
812 2620 889 2689 juxta
914 2618 989 2675 littus
1080 2616 1162 2673 Sexto
1178 2617 1406 2691 estgymnasium
1429 2617 1620 2675 inierusalem
1643 2626 1844 2688 consumtum,

183 2707 282 2764 incauti
297 2708 377 2763 undis
397 2708 625 2781 submerguntur.
657 2707 709 2778 Qui
731 2716 821 2764 autem
835 2708 911 2763 littus
924 2724 986 2764 cunt
1003 2704 1087 2795 Bvel
1105 2706 1180 2763 locus
1195 2706 1319 2763 exercitii
1344 2706 1370 2761 in
1383 2706 1505 2765 Ecclesia
1526 2706 1697 2775 constitutus,
1714 2706 1760 2762 ubi
1775 2708 1845 2764 tiro-

185 2811 271 2853 onere
283 2797 428 2870 attingunt,
452 2805 514 2852 sunt
540 2796 578 2865 bi,
601 2796 647 2870 qni
669 2796 702 2853 ad
723 2797 871 2854 claustmm
887 2813 986 2869 perve·
1043 2810 1092 2851 nes
1111 2794 1211 2851 Christi
1235 2796 1272 2851 ad
1296 2795 1386 2853 variam
1411 2810 1519 2869 pugnas
1542 2795 1671 2853 vitiorum
1700 2812 1732 2853 se
1757 2811 1846 2853 exer-

184 2885 262 2942 ninnt
277 2905 285 2947 ς
300 2885 329 2941 in
341 2902 396 2959 quo
410 2901 506 2943 secure
526 2885 668 2942 venientes
684 2887 720 2943 ad
736 2886 851 2942 Patriam
866 2885 928 2945 coeli
943 2903 989 2942 re-
1042 2891 1120 2941 ecnt.

184 2973 280 3031 deunt.
299 2965 340 3030 De
354 2974 407 3031 hoo
420 2974 510 3031 littore
520 2974 546 3030 in
562 2974 714 3049 Evangelio
727 2975 837 3049 legitur,
854 2976 928 3049 quod
943 2990 988 3031 sa·
1078 2975 1199 3047 Septimo
1215 2983 1296 3033 estut
1311 2990 1419 3044 carcer,
1434 2976 1461 3032 in
1481 2992 1536 3051 quo
1551 2974 1689 3034 criminosi
1703 2974 1847 3032 altataria

184 3080 258 3137 gena
270 3064 356 3120 misse
377 3064 499 3137 piscibus
513 3064 596 3136 plena
609 3064 639 3121 in
657 3063 734 3123 littus
758 3072 801 3121 est
826 3065 936 3133 educta,
960 3073 988 3121 et
1042 3066 1182 3123 vanientes
1194 3066 1412 3137 incarcerantur,
1435 3075 1464 3123 ut
1477 3066 1559 3123 latam
1573 3066 1634 3124 eoeli
1649 3065 1736 3123 aulum
1752 3064 1847 3139 ingre-

183 3152 248 3211 boni
263 3153 354 3225 pisces
369 3154 396 3209 in
413 3169 480 3211 vasa
494 3162 556 3210 sunt
575 3154 654 3211 electi
671 3172 679 3222 ;
703 3153 767 3209 mali
794 3162 886 3210 autem
913 3152 987 3210 iuras
1042 3154 1068 3211 di
1083 3164 1252 3213 mereantur.

185 3242 264 3310 eiecti
279 3243 391 3311 (llottb.
407 3246 484 3308 rrrrtr
500 3242 699 3316 quiavidelioet
714 3251 777 3299 sunt
791 3241 885 3314 plures
899 3242 988 3299 homi·
1078 3245 1181 3303 Octavo
1206 3255 1249 3302 est
1277 3244 1400 3302 caminus
1427 3243 1593 3312 tentationis,
1631 3242 1659 3299 in
1695 3258 1750 3317 quo
1777 3258 1846 3300 rasa

184 3346 234 3386 nes
249 3330 284 3387 de
299 3331 358 3387 salo
371 3332 466 3387 saeculi
479 3347 531 3405 per
544 3339 601 3389 rete
615 3331 763 3403 Scriptores
777 3331 902 3400 extracti,
916 3336 944 3389 et
960 3332 987 3386 in
1041 3334 1137 3409 gloriae
1164 3334 1322 3406 probantur,
1351 3348 1418 3389 vasu
1441 3348 1505 3391 vero
1541 3332 1713 3390 contumeliae
1744 3348 1843 3405 repro-

185 3418 360 3477 olaustraiem
377 3419 461 3476 ritem
482 3422 617 3493 perducti.
648 3420 816 3478 Obedientes
830 3422 866 3477 ab
879 3422 988 3496 angelis
1043 3423 1153 3480 bantur.

185 3508 213 3565 in
229 3508 385 3580 paradisum
399 3509 579 3583 recipiuntur,
592 3510 783 3568 inobedientes
796 3510 870 3567 iuras
881 3511 909 3568 in
924 3528 988 3584 sup-
1076 3510 1157 3565 Nono
1175 3514 1218 3563 est
1235 3506 1334 3563 similis
1349 3506 1466 3575 interno,
1483 3506 1511 3563 in
1526 3522 1579 3579 quo
1594 3506 1759 3579 prenitentes
1773 3522 1847 3579 pur-

185 3596 297 3671 plicium
312 3599 466 3656 mittuntur.
494 3598 549 3657 Sed
572 3604 601 3656 et
614 3600 679 3655 boni
702 3600 795 3673 pisces
808 3607 881 3668 sunt,
898 3600 945 3674 qui
959 3600 987 3655 in
1042 3606 1151 3671 gantur,
1174 3596 1301 3654 malevoli
1316 3600 1344 3653 et
1362 3595 1523 3655 duricordes
1550 3596 1692 3669 suppliciis
1713 3594 1845 3655 emcian-

185 3686 318 3759 spiritueli
332 3686 504 3758 professione
518 3706 606 3763 usque
619 3689 648 3745 in
657 3688 739 3745 linem
751 3689 987 3760 perseverabuntr
1041 3696 1097 3743 tur.

185 3776 250 3834 mali
265 3792 331 3835 aero
345 3776 436 3850 pisces
453 3786 525 3848 sunt,
541 3778 587 3851 qui
602 3778 699 3836 relicto
712 3777 833 3835 claustro
848 3778 883 3835 ad
898 3792 987 3835 soecn-
1076 3776 1119 3833 Ad
1133 3783 1284 3833 extremum
1298 3782 1325 3831 et
1346 3772 1453 3833 decimo
1472 3774 1640 3831 assimilatur
1661 3772 1799 3847 paradiso,
1815 3773 1845 3830 in

185 3864 242 3921 lum
257 3866 380 3923 redeunt.
1042 3883 1096 3940 quo
1109 3874 1173 3923 sunt
1187 3865 1292 3923 deliciae
1303 3864 1515 3937 scripturarum,
1531 3863 1603 3921 caria
1617 3862 1747 3921 exercitia
1755 3863 1844 3934 justo-

222 3954 348 4013 Secundo
362 3964 404 4012 est
417 3955 569 4013 claustrum
591 3964 622 4011 ut
639 3955 840 4022 umbraculum,
856 3956 930 4027 quod
944 3954 988 4011 iti·
1041 3971 1111 4022 rum,
1127 3954 1237 4012 diversa
1250 3953 1325 4027 ligna
1340 3969 1498 4026 pomomm.

185 4051 318 4100 nerantcs
331 4042 486 4112 obumbrat,
500 4053 528 4103 et
541 4045 577 4101 nb
598 4053 666 4101 aestu
693 4044 856 4117 refrigerat.
884 4042 1027 4153 OmnesC
1078 4040 1162 4114 Igitur
1188 4039 1338 4098 claustrum
1360 4044 1401 4095 est
1423 4039 1550 4095 omuibus
1577 4036 1670 4095 omnia
1695 4056 1703 4105 ς
1737 4036 1844 4096 acilioei

186 4130 270 4198 enim,
288 4132 399 4203 quosin
413 4132 533 4207 negotiis
547 4133 641 4191 seculi
664 4147 732 4191 oure
748 4132 852 4197 anxiat,
868 4131 987 4190 etsolli·
1042 4129 1221 4203 principibus,
1252 4128 1388 4185 bellorum
1420 4127 1557 4201 proeellas
1595 4125 1771 4201 fugientibus,
1801 4137 1845 4185 est

186 4219 278 4277 eitndo
305 4221 415 4292 premit,
440 4230 513 4288 sunt,
541 4230 573 4277 ut
598 4222 638 4290 hi,
667 4222 715 4294 qui
747 4220 859 4278 difficile
887 4221 939 4278 iter
959 4221 989 4277 in
1044 4226 1136 4291 portus
1149 4217 1265 4285 salutis3
1291 4216 1517 4289 negotiatoribus,
1542 4225 1637 4275 testum
1653 4232 1780 4273 curarum
1795 4218 1844 4275 de.

187 4318 288 4375 magno
310 4312 378 4363 aestu
405 4314 501 4379 apum,
531 4314 559 4363 et
576 4306 737 4362 umbrosum
762 4305 864 4376 locum,
887 4322 941 4380 quo
957 4322 989 4364 se
1043 4307 1219 4375 elinantibus,
1234 4315 1276 4363 εει
1287 4304 1428 4381 refrigerii
1441 4304 1681 4368 obumbraculumr
1698 4306 1784 4363 servis
1800 4302 1843 4362 tel

187 4392 361 4464 refrigerent,
384 4401 522 4466 querunt.
541 4394 674 4463 Quidum
700 4393 737 4451 ed
758 4393 911 4453 claustrum
938 4394 988 4452 Dei
1044 4396 1165 4463 arctetis,
1177 4396 1285 4453 animio
1300 4394 1393 4453 labore
1408 4394 1588 4462 cessantibus,
1604 4403 1647 4453 est
1661 4393 1747 4451 lectus
1762 4394 1843 4467 quie-

187 4480 326 4547 iestinnnt,
343 4481 422 4554 quasi
439 4482 468 4537 in
491 4482 680 4540 umbraculum
706 4482 855 4547 declinant,
878 4483 908 4539 in
935 4499 990 4556 quo
1044 4486 1078 4541 tis
1097 4504 1105 4553 ;
1121 4484 1250 4541 militibus
1264 4484 1358 4541 hostes
1380 4500 1445 4540 suos
1473 4482 1655 4557 fugientibus,
1679 4489 1723 4539 est
1737 4490 1845 4541 mrtutn

188 4586 283 4628 vemm
304 4570 481 4645 reingerium
507 4570 658 4639 inveniunt,
678 4580 704 4627 et
726 4580 755 4627 nt
777 4573 912 4645 propheta
928 4573 965 4629 ait
981 4590 988 4627 :
1044 4574 1160 4646 asylum,
1176 4581 1205 4629 ut
1220 4570 1328 4630 firmum
1342 4581 1462 4631 castrum
1477 4592 1486 4640 ·,
1502 4572 1630 4637 indoctis,
1645 4571 1740 4629 schola
1755 4570 1843 4629 virtu·

188 4659 368 4717 Securitatem
381 4675 398 4717 a
413 4660 530 4728 turbine,
546 4668 574 4717 et
599 4660 735 4734 apluvia,
751 4660 794 4718 rel
809 4662 844 4717 ab
864 4662 992 4719 hostibus
1045 4672 1100 4720 tum
1126 4661 1317 4729 inexercitatis,
1349 4662 1508 4719 exercitium
1541 4662 1711 4719 diversarum
1732 4662 1842 4729 artium,

176 4756 216 4805 ·et
230 4749 310 4807 trellis
324 4750 391 4821 (lto.
406 4754 458 4821 tv).
1045 4752 1122 4825 vagis
1131 4752 1176 4809 rel
1194 4750 1349 4809 criminosis
1363 4766 1469 4821 carcer,
1490 4750 1546 4807 imo
1569 4750 1738 4821 hospitium:
1768 4750 1844 4809 iner-

223 4839 318 4896 Tertio
331 4846 376 4896 est
391 4847 420 4895 ut
433 4838 521 4897 lectus
544 4839 573 4895 in
588 4854 641 4912 quo
665 4838 845 4914 requiescunt
859 4839 990 4897 laboran·
1045 4842 1131 4914 pertis
1146 4841 1269 4899 caminus
1291 4839 1470 4913 probationis,
1494 4839 1692 4913 penitentibus
1721 4838 1843 4897 internus

191 4934 247 4983 tes.
267 4926 322 4998 Qui
340 4927 413 4984 enim
436 4928 489 4983 sub
509 4927 581 4984 duro
595 4928 716 4987 dominio
738 4938 814 4993 sunt,
833 4936 862 4985 et
875 4930 991 4986 terrenis
1045 4946 1179 5005 purgans,
1202 4928 1350 4987 rebellibus
1370 4927 1492 4985 internus
1512 4928 1647 4997 crucians,
1676 4928 1843 5001 sapientibus

189 5015 288 5087 opibus
303 5016 465 5084 inserviunt,
488 5015 518 5072 in
535 5030 638 5090 magno
656 5017 753 5075 labore
766 5026 843 5073 sunt.
876 5018 910 5073 lii
929 5034 992 5075 curn
1046 5029 1073 5077 et
1084 5019 1215 5077 charitate
1229 5018 1397 5075 icruentibus
1418 5017 1565 5090 paradisus
1588 5018 1705 5077 alllnens
1726 5017 1841 5090 deliciis,

189 5107 225 5162 nd
248 5105 397 5162 claustrum
424 5106 597 5177 perveniunt,
620 5107 699 5180 quasi
719 5122 735 5162 a
757 5106 851 5164 labore
871 5106 900 5161 in
919 5106 992 5164 lecto
1047 5108 1156 5167 aetemis
1170 5123 1218 5165 eos
1231 5107 1340 5179 replens
1354 5106 1467 5164 divitiis.
1488 5106 1589 5164 Amen.
