<?xml version="1.0" encoding="UTF-8"?>
<!DOCTYPE html PUBLIC "-//W3C//DTD XHTML 1.0 Transitional//EN"
    "http://www.w3.org/TR/xhtml1/DTD/xhtml1-transitional.dtd">
<html xmlns="http://www.w3.org/1999/xhtml" xml:lang="en" lang="en">
 <head>
  <title>
</title>
<meta http-equiv="Content-Type" content="text/html;charset=utf-8" />
  <meta name='ocr-system' content='tesseract 3.04.00' />
  <meta name='ocr-capabilities' content='ocr_page ocr_carea ocr_par ocr_line ocrx_word'/>
</head>
<body>
  <div class='ocr_page' id='page_1' title='image "./patrologiaecurs120unkngoog_0529.png"; bbox 0 0 3942 6067; ppageno 0'>
   <div class='ocr_carea' id='block_1_1' title="bbox 1653 1 1868 12">
    <p class='ocr_par' dir='ltr' id='par_1_1' title="bbox 1653 1 1868 12">
     <span class='ocr_line' id='line_1_1' title="bbox 1653 1 1868 12; baseline 0.009 -8"><span class='ocrx_word' id='word_1_1' title='bbox 1653 1 1842 12; x_wconf 74' lang='grc'>-.,.--,,-,,-..</span> <span class='ocrx_word' id='word_1_2' title='bbox 1864 4 1868 6; x_wconf 95' lang='grc'>.</span> 
     </span>
    </p>
   </div>
   <div class='ocr_carea' id='block_1_2' title="bbox 114 177 1779 286">
    <p class='ocr_par' dir='ltr' id='par_1_2' title="bbox 114 177 1779 286">
     <span class='ocr_line' id='line_1_2' title="bbox 114 177 1779 286; baseline -0.002 0"><span class='ocrx_word' id='word_1_3' title='bbox 114 230 187 286; x_wconf 77' lang='lat' dir='ltr'><strong>inec</strong></span> <span class='ocrx_word' id='word_1_4' title='bbox 455 219 641 280; x_wconf 81' lang='lat' dir='ltr'><strong>seacunuu</strong></span> <span class='ocrx_word' id='word_1_5' title='bbox 660 219 850 279; x_wconf 76' lang='lat' dir='ltr'><strong>sconsam.</strong></span> <span class='ocrx_word' id='word_1_6' title='bbox 874 249 909 261; x_wconf 84' lang='lat'>-</span> <span class='ocrx_word' id='word_1_7' title='bbox 927 214 1017 275; x_wconf 86' lang='lat' dir='ltr'><strong>nou.</strong></span> <span class='ocrx_word' id='word_1_8' title='bbox 1040 218 1067 277; x_wconf 84' lang='lat' dir='ltr'>x</span> <span class='ocrx_word' id='word_1_9' title='bbox 1086 218 1174 279; x_wconf 83' lang='lat' dir='ltr'><strong>voss</strong></span> <span class='ocrx_word' id='word_1_10' title='bbox 1193 177 1458 279; x_wconf 81' lang='lat' dir='ltr'><strong>rnurnuosrnu.</strong></span> <span class='ocrx_word' id='word_1_11' title='bbox 1710 226 1779 285; x_wconf 77' lang='lat' dir='ltr'><strong>rosc</strong></span> 
     </span>
    </p>
   </div>
   <div class='ocr_carea' id='block_1_3' title="bbox 98 332 1891 2117">
    <p class='ocr_par' dir='ltr' id='par_1_3' title="bbox 98 332 1891 2117">
     <span class='ocr_line' id='line_1_3' title="bbox 114 332 1891 425; baseline 0.001 -18"><span class='ocrx_word' id='word_1_12' title='bbox 114 348 250 425; x_wconf 86' lang='lat' dir='ltr'><strong>migiarit‚</strong></span> <span class='ocrx_word' id='word_1_13' title='bbox 266 346 315 404; x_wconf 87' lang='lat' dir='ltr'><strong>sed</strong></span> <span class='ocrx_word' id='word_1_14' title='bbox 338 360 399 403; x_wconf 90' lang='lat' dir='ltr'><strong>eam</strong></span> <span class='ocrx_word' id='word_1_15' title='bbox 422 352 500 417; x_wconf 88' lang='lat' dir='ltr'><strong>pater</strong></span> <span class='ocrx_word' id='word_1_16' title='bbox 519 346 691 403; x_wconf 80' lang='lat' dir='ltr'>duodennem</span> <span class='ocrx_word' id='word_1_17' title='bbox 712 346 769 417; x_wconf 89' lang='lat' dir='ltr'><strong>jam</strong></span> <span class='ocrx_word' id='word_1_18' title='bbox 790 343 920 402; x_wconf 90' lang='lat' dir='ltr'><strong>eminenti</strong></span> <span class='ocrx_word' id='word_1_19' title='bbox 933 350 962 413; x_wconf 76' lang='grc' dir='ltr'>Α</span> <span class='ocrx_word' id='word_1_20' title='bbox 976 344 1077 405; x_wconf 87' lang='lat' dir='ltr'><strong>multas</strong></span> <span class='ocrx_word' id='word_1_21' title='bbox 1092 345 1257 406; x_wconf 73' lang='lat' dir='ltr'>elemosinas</span> <span class='ocrx_word' id='word_1_22' title='bbox 1276 349 1335 418; x_wconf 89' lang='lat' dir='ltr'><strong>ejus</strong></span> <span class='ocrx_word' id='word_1_23' title='bbox 1359 348 1469 404; x_wconf 87' lang='lat' dir='ltr'><strong>hortatu</strong></span> <span class='ocrx_word' id='word_1_24' title='bbox 1485 346 1582 423; x_wconf 91' lang='lat' dir='ltr'><strong>gessit.</strong></span> <span class='ocrx_word' id='word_1_25' title='bbox 1606 332 1777 423; x_wconf 72' lang='lat' dir='ltr'>smaragdus</span> <span class='ocrx_word' id='word_1_26' title='bbox 1883 408 1891 425; x_wconf 77' lang='lat'>‚</span> 
     </span>
     <span class='ocr_line' id='line_1_4' title="bbox 114 432 1777 510; baseline -0.001 -13"><span class='ocrx_word' id='word_1_27' title='bbox 114 441 176 497; x_wconf 91' lang='lat' dir='ltr'><strong>viro</strong></span> <span class='ocrx_word' id='word_1_28' title='bbox 191 434 378 510; x_wconf 75' lang='lat' dir='ltr'><strong>desponsavit.</strong></span> <span class='ocrx_word' id='word_1_29' title='bbox 405 434 473 491; x_wconf 86' lang='lat' dir='ltr'><strong>Cum</strong></span> <span class='ocrx_word' id='word_1_30' title='bbox 499 440 591 492; x_wconf 91' lang='lat' dir='ltr'><strong>antem</strong></span> <span class='ocrx_word' id='word_1_31' title='bbox 609 436 643 492; x_wconf 89' lang='lat' dir='ltr'><strong>nd</strong></span> <span class='ocrx_word' id='word_1_32' title='bbox 673 435 783 508; x_wconf 77' lang='lat' dir='ltr'><strong>nuptias</strong></span> <span class='ocrx_word' id='word_1_33' title='bbox 810 432 923 489; x_wconf 83' lang='lat' dir='ltr'>deberet</span> <span class='ocrx_word' id='word_1_34' title='bbox 976 433 1068 508; x_wconf 86' lang='lat' dir='ltr'><strong>itaque</strong></span> <span class='ocrx_word' id='word_1_35' title='bbox 1080 435 1107 491; x_wconf 91' lang='lat' dir='ltr'><strong>in</strong></span> <span class='ocrx_word' id='word_1_36' title='bbox 1123 446 1219 497; x_wconf 86' lang='lat' dir='ltr'><strong>sancta</strong></span> <span class='ocrx_word' id='word_1_37' title='bbox 1233 436 1444 495; x_wconf 88' lang='lat' dir='ltr'><strong>conversatione</strong></span> <span class='ocrx_word' id='word_1_38' title='bbox 1459 436 1541 493; x_wconf 86' lang='lat' dir='ltr'><strong>XXX</strong></span> <span class='ocrx_word' id='word_1_39' title='bbox 1559 446 1587 493; x_wconf 89' lang='lat' dir='ltr'><strong>et</strong></span> <span class='ocrx_word' id='word_1_40' title='bbox 1609 454 1711 495; x_wconf 86' lang='lat' dir='ltr'><strong>novem</strong></span> <span class='ocrx_word' id='word_1_41' title='bbox 1726 457 1777 496; x_wconf 88' lang='lat' dir='ltr'><strong>an-</strong></span> 
     </span>
     <span class='ocr_line' id='line_1_5' title="bbox 113 520 1776 599; baseline 0 -13"><span class='ocrx_word' id='word_1_42' title='bbox 113 528 197 598; x_wconf 83' lang='lat' dir='ltr'><strong>tradi‚</strong></span> <span class='ocrx_word' id='word_1_43' title='bbox 211 543 228 584; x_wconf 90' lang='lat' dir='ltr'><strong>a</strong></span> <span class='ocrx_word' id='word_1_44' title='bbox 244 534 321 599; x_wconf 90' lang='lat' dir='ltr'><strong>patre</strong></span> <span class='ocrx_word' id='word_1_45' title='bbox 339 525 368 581; x_wconf 91' lang='lat' dir='ltr'><strong>in</strong></span> <span class='ocrx_word' id='word_1_46' title='bbox 388 524 526 599; x_wconf 81' lang='lat' dir='ltr'><strong>quoddam</strong></span> <span class='ocrx_word' id='word_1_47' title='bbox 549 526 748 583; x_wconf 89' lang='lat' dir='ltr'><strong>monasterium</strong></span> <span class='ocrx_word' id='word_1_48' title='bbox 769 520 922 579; x_wconf 90' lang='lat' dir='ltr'><strong>introduci·</strong></span> <span class='ocrx_word' id='word_1_49' title='bbox 975 539 1028 580; x_wconf 90' lang='lat' dir='ltr'><strong>nos</strong></span> <span class='ocrx_word' id='word_1_50' title='bbox 1042 524 1172 596; x_wconf 88' lang='lat' dir='ltr'><strong>impletis,</strong></span> <span class='ocrx_word' id='word_1_51' title='bbox 1188 524 1271 584; x_wconf 86' lang='lat' dir='ltr'><strong>finem</strong></span> <span class='ocrx_word' id='word_1_52' title='bbox 1285 529 1349 585; x_wconf 79' lang='lat' dir='ltr'><strong>vitm</strong></span> <span class='ocrx_word' id='word_1_53' title='bbox 1364 542 1421 583; x_wconf 88' lang='lat' dir='ltr'><strong>suae</strong></span> <span class='ocrx_word' id='word_1_54' title='bbox 1446 525 1497 582; x_wconf 91' lang='lat' dir='ltr'><strong>sibi</strong></span> <span class='ocrx_word' id='word_1_55' title='bbox 1521 526 1620 583; x_wconf 82' lang='lat' dir='ltr'>edesse</span> <span class='ocrx_word' id='word_1_56' title='bbox 1646 528 1776 599; x_wconf 87' lang='lat' dir='ltr'><strong>sentiens,</strong></span> 
     </span>
     <span class='ocr_line' id='line_1_6' title="bbox 113 611 1778 690; baseline 0.001 -16"><span class='ocrx_word' id='word_1_57' title='bbox 113 626 160 677; x_wconf 89' lang='lat' dir='ltr'><strong>tnr</strong></span> <span class='ocrx_word' id='word_1_58' title='bbox 174 625 202 674; x_wconf 93' lang='lat' dir='ltr'><strong>ut</strong></span> <span class='ocrx_word' id='word_1_59' title='bbox 216 616 252 672; x_wconf 88' lang='lat' dir='ltr'><strong>ab</strong></span> <span class='ocrx_word' id='word_1_60' title='bbox 265 616 363 671; x_wconf 83' lang='lat' dir='ltr'><strong>abbate</strong></span> <span class='ocrx_word' id='word_1_61' title='bbox 378 614 574 681; x_wconf 76' lang='lat' dir='ltr'><strong>benedicatur:</strong></span> <span class='ocrx_word' id='word_1_62' title='bbox 591 630 674 689; x_wconf 89' lang='lat' dir='ltr'><strong>quam</strong></span> <span class='ocrx_word' id='word_1_63' title='bbox 687 613 734 671; x_wconf 91' lang='lat' dir='ltr'><strong>ilie</strong></span> <span class='ocrx_word' id='word_1_64' title='bbox 754 611 923 669; x_wconf 91' lang='lat' dir='ltr'><strong>benedicens</strong></span> <span class='ocrx_word' id='word_1_65' title='bbox 976 621 1081 686; x_wconf 86' lang='lat' dir='ltr'><strong>patrem</strong></span> <span class='ocrx_word' id='word_1_66' title='bbox 1097 630 1186 685; x_wconf 82' lang='lat' dir='ltr'><strong>suum,</strong></span> <span class='ocrx_word' id='word_1_67' title='bbox 1201 617 1247 690; x_wconf 90' lang='lat' dir='ltr'><strong>qui</strong></span> <span class='ocrx_word' id='word_1_68' title='bbox 1263 626 1326 674; x_wconf 89' lang='lat' dir='ltr'><strong>tunc</strong></span> <span class='ocrx_word' id='word_1_69' title='bbox 1346 617 1449 684; x_wconf 90' lang='lat' dir='ltr'><strong>aderet,</strong></span> <span class='ocrx_word' id='word_1_70' title='bbox 1477 616 1597 681; x_wconf 87' lang='lat' dir='ltr'><strong>vocavit,</strong></span> <span class='ocrx_word' id='word_1_71' title='bbox 1612 632 1646 673; x_wconf 88' lang='lat' dir='ltr'><strong>ue</strong></span> <span class='ocrx_word' id='word_1_72' title='bbox 1665 614 1778 676; x_wconf 88' lang='lat' dir='ltr'><strong>ulterius</strong></span> 
     </span>
     <span class='ocr_line' id='line_1_7' title="bbox 117 700 1777 779; baseline -0.001 -15"><span class='ocrx_word' id='word_1_73' title='bbox 117 707 153 764; x_wconf 92' lang='lat' dir='ltr'><strong>ad</strong></span> <span class='ocrx_word' id='word_1_74' title='bbox 169 705 325 763; x_wconf 85' lang='lat' dir='ltr'><strong>castitatem</strong></span> <span class='ocrx_word' id='word_1_75' title='bbox 339 704 471 760; x_wconf 89' lang='lat' dir='ltr'><strong>hortetur.</strong></span> <span class='ocrx_word' id='word_1_76' title='bbox 490 700 537 758; x_wconf 89' lang='lat' dir='ltr'><strong>lile</strong></span> <span class='ocrx_word' id='word_1_77' title='bbox 552 707 643 759; x_wconf 86' lang='lat' dir='ltr'><strong>autem</strong></span> <span class='ocrx_word' id='word_1_78' title='bbox 660 702 838 760; x_wconf 79' lang='lat' dir='ltr'><strong>considerans</strong></span> <span class='ocrx_word' id='word_1_79' title='bbox 852 716 921 757; x_wconf 91' lang='lat' dir='ltr'><strong>cou-</strong></span> <span class='ocrx_word' id='word_1_80' title='bbox 977 702 1013 759; x_wconf 89' lang='lat' dir='ltr'><strong>de</strong></span> <span class='ocrx_word' id='word_1_81' title='bbox 1027 701 1083 759; x_wconf 87' lang='lat' dir='ltr'><strong>dlis</strong></span> <span class='ocrx_word' id='word_1_82' title='bbox 1097 719 1148 759; x_wconf 91' lang='lat' dir='ltr'><strong>sua</strong></span> <span class='ocrx_word' id='word_1_83' title='bbox 1162 705 1295 763; x_wconf 88' lang='lat' dir='ltr'><strong>sollicitus</strong></span> <span class='ocrx_word' id='word_1_84' title='bbox 1309 705 1343 763; x_wconf 91' lang='lat' dir='ltr'><strong>sit</strong></span> <span class='ocrx_word' id='word_1_85' title='bbox 1358 704 1475 779; x_wconf 88' lang='lat' dir='ltr'><strong>rogavit,</strong></span> <span class='ocrx_word' id='word_1_86' title='bbox 1492 720 1522 761; x_wconf 84' lang='lat' dir='ltr'><strong>se</strong></span> <span class='ocrx_word' id='word_1_87' title='bbox 1537 704 1621 761; x_wconf 86' lang='lat' dir='ltr'><strong>tiliam</strong></span> <span class='ocrx_word' id='word_1_88' title='bbox 1642 722 1717 761; x_wconf 88' lang='lat' dir='ltr'><strong>suam</strong></span> <span class='ocrx_word' id='word_1_89' title='bbox 1732 706 1777 763; x_wconf 90' lang='lat' dir='ltr'><strong>in·</strong></span> 
     </span>
     <span class='ocr_line' id='line_1_8' title="bbox 115 788 1777 867; baseline 0.002 -17"><span class='ocrx_word' id='word_1_90' title='bbox 115 792 301 850; x_wconf 83' lang='lat' dir='ltr'><strong>versationem</strong></span> <span class='ocrx_word' id='word_1_91' title='bbox 326 791 535 854; x_wconf 73' lang='lat' dir='ltr'><strong>monachornm,</strong></span> <span class='ocrx_word' id='word_1_92' title='bbox 562 790 700 847; x_wconf 84' lang='lat' dir='ltr'><strong>hestiiicat</strong></span> <span class='ocrx_word' id='word_1_93' title='bbox 727 805 776 845; x_wconf 90' lang='lat' dir='ltr'><strong>eos</strong></span> <span class='ocrx_word' id='word_1_94' title='bbox 804 788 851 861; x_wconf 91' lang='lat' dir='ltr'><strong>qui</strong></span> <span class='ocrx_word' id='word_1_95' title='bbox 878 788 923 845; x_wconf 93' lang='lat' dir='ltr'><strong>hic</strong></span> <span class='ocrx_word' id='word_1_96' title='bbox 977 792 1061 860; x_wconf 87' lang='lat' dir='ltr'><strong>dicat,</strong></span> <span class='ocrx_word' id='word_1_97' title='bbox 1078 800 1104 849; x_wconf 88' lang='lat' dir='ltr'><strong>et</strong></span> <span class='ocrx_word' id='word_1_98' title='bbox 1126 801 1155 849; x_wconf 91' lang='lat' dir='ltr'><strong>ut</strong></span> <span class='ocrx_word' id='word_1_99' title='bbox 1178 794 1230 851; x_wconf 91' lang='lat' dir='ltr'><strong>hoc</strong></span> <span class='ocrx_word' id='word_1_100' title='bbox 1255 794 1346 852; x_wconf 88' lang='lat' dir='ltr'><strong>nullus</strong></span> <span class='ocrx_word' id='word_1_101' title='bbox 1370 795 1438 853; x_wconf 86' lang='lat' dir='ltr'><strong>sciat</strong></span> <span class='ocrx_word' id='word_1_102' title='bbox 1462 794 1591 867; x_wconf 86' lang='lat' dir='ltr'><strong>postulat,</strong></span> <span class='ocrx_word' id='word_1_103' title='bbox 1611 796 1777 853; x_wconf 88' lang='lat' dir='ltr'><strong>monasterio</strong></span> 
     </span>
     <span class='ocr_line' id='line_1_9' title="bbox 114 878 1778 956; baseline 0.001 -16"><span class='ocrx_word' id='word_1_104' title='bbox 114 890 209 940; x_wconf 88' lang='lat' dir='ltr'><strong>essent</strong></span> <span class='ocrx_word' id='word_1_105' title='bbox 221 881 378 937; x_wconf 83' lang='lat' dir='ltr'><strong>imitatores</strong></span> <span class='ocrx_word' id='word_1_106' title='bbox 395 879 569 953; x_wconf 85' lang='lat' dir='ltr'><strong>angelorum,</strong></span> <span class='ocrx_word' id='word_1_107' title='bbox 592 886 656 951; x_wconf 86' lang='lat' dir='ltr'><strong>post</strong></span> <span class='ocrx_word' id='word_1_108' title='bbox 679 878 760 936; x_wconf 86' lang='lat' dir='ltr'><strong>icturi</strong></span> <span class='ocrx_word' id='word_1_109' title='bbox 781 886 923 934; x_wconf 78' lang='lat' dir='ltr'><strong>consortes</strong></span> <span class='ocrx_word' id='word_1_110' title='bbox 977 898 1024 937; x_wconf 86' lang='lat' dir='ltr'><strong>res</strong></span> <span class='ocrx_word' id='word_1_111' title='bbox 1037 898 1104 938; x_wconf 88' lang='lat' dir='ltr'><strong>suas</strong></span> <span class='ocrx_word' id='word_1_112' title='bbox 1119 882 1251 951; x_wconf 82' lang='lat' dir='ltr'><strong>conterat,</strong></span> <span class='ocrx_word' id='word_1_113' title='bbox 1274 900 1325 956; x_wconf 90' lang='lat' dir='ltr'><strong>pro</strong></span> <span class='ocrx_word' id='word_1_114' title='bbox 1340 901 1370 940; x_wconf 90' lang='lat' dir='ltr'><strong>se</strong></span> <span class='ocrx_word' id='word_1_115' title='bbox 1391 900 1489 955; x_wconf 86' lang='lat' dir='ltr'><strong>preces</strong></span> <span class='ocrx_word' id='word_1_116' title='bbox 1509 898 1576 939; x_wconf 86' lang='lat' dir='ltr'><strong>suas</strong></span> <span class='ocrx_word' id='word_1_117' title='bbox 1600 884 1709 941; x_wconf 83' lang='lat' dir='ltr'><strong>tundat.</strong></span> <span class='ocrx_word' id='word_1_118' title='bbox 1728 884 1778 943; x_wconf 85' lang='lat' dir='ltr'><strong>His</strong></span> 
     </span>
     <span class='ocr_line' id='line_1_10' title="bbox 114 965 1778 1048; baseline 0.002 -20"><span class='ocrx_word' id='word_1_119' title='bbox 114 986 227 1029; x_wconf 89' lang='lat' dir='ltr'><strong>eornm.</strong></span> <span class='ocrx_word' id='word_1_120' title='bbox 243 968 362 1026; x_wconf 87' lang='lat' dir='ltr'><strong>Domum</strong></span> <span class='ocrx_word' id='word_1_121' title='bbox 388 968 515 1035; x_wconf 86' lang='lat' dir='ltr'><strong>veniens,</strong></span> <span class='ocrx_word' id='word_1_122' title='bbox 536 968 659 1041; x_wconf 82' lang='lat' dir='ltr'><strong>deposita</strong></span> <span class='ocrx_word' id='word_1_123' title='bbox 681 974 759 1026; x_wconf 87' lang='lat' dir='ltr'><strong>veste</strong></span> <span class='ocrx_word' id='word_1_124' title='bbox 783 965 920 1048; x_wconf 78' lang='lat' dir='ltr'><strong>muliebri¹</strong></span> <span class='ocrx_word' id='word_1_125' title='bbox 977 971 1057 1028; x_wconf 91' lang='lat' dir='ltr'><strong>dictis</strong></span> <span class='ocrx_word' id='word_1_126' title='bbox 1071 972 1166 1029; x_wconf 84' lang='lat' dir='ltr'><strong>ocules</strong></span> <span class='ocrx_word' id='word_1_127' title='bbox 1180 972 1207 1028; x_wconf 91' lang='lat' dir='ltr'><strong>in</strong></span> <span class='ocrx_word' id='word_1_128' title='bbox 1224 982 1312 1029; x_wconf 87' lang='lat' dir='ltr'><strong>morte</strong></span> <span class='ocrx_word' id='word_1_129' title='bbox 1326 974 1436 1045; x_wconf 86' lang='lat' dir='ltr'><strong>sopitat,</strong></span> <span class='ocrx_word' id='word_1_130' title='bbox 1453 972 1563 1042; x_wconf 88' lang='lat' dir='ltr'><strong>claudit,</strong></span> <span class='ocrx_word' id='word_1_131' title='bbox 1579 982 1605 1031; x_wconf 87' lang='lat' dir='ltr'><strong>et</strong></span> <span class='ocrx_word' id='word_1_132' title='bbox 1632 973 1721 1031; x_wconf 91' lang='lat' dir='ltr'><strong>lucem</strong></span> <span class='ocrx_word' id='word_1_133' title='bbox 1736 976 1778 1031; x_wconf 93' lang='lat' dir='ltr'><strong>in·</strong></span> 
     </span>
     <span class='ocr_line' id='line_1_11' title="bbox 112 1056 1777 1137; baseline 0.003 -21"><span class='ocrx_word' id='word_1_134' title='bbox 112 1059 223 1117; x_wconf 89' lang='lat' dir='ltr'><strong>virilem</strong></span> <span class='ocrx_word' id='word_1_135' title='bbox 238 1057 335 1128; x_wconf 88' lang='lat' dir='ltr'><strong>induit,</strong></span> <span class='ocrx_word' id='word_1_136' title='bbox 352 1058 385 1113; x_wconf 89' lang='lat' dir='ltr'><strong>ad</strong></span> <span class='ocrx_word' id='word_1_137' title='bbox 406 1057 604 1114; x_wconf 86' lang='lat' dir='ltr'><strong>monasterium</strong></span> <span class='ocrx_word' id='word_1_138' title='bbox 619 1058 692 1115; x_wconf 89' lang='lat' dir='ltr'><strong>veuit</strong></span> <span class='ocrx_word' id='word_1_139' title='bbox 712 1056 808 1115; x_wconf 90' lang='lat' dir='ltr'><strong>dicens</strong></span> <span class='ocrx_word' id='word_1_140' title='bbox 827 1072 857 1113; x_wconf 88' lang='lat' dir='ltr'><strong>se</strong></span> <span class='ocrx_word' id='word_1_141' title='bbox 872 1071 922 1111; x_wconf 88' lang='lat' dir='ltr'><strong>eu·</strong></span> <span class='ocrx_word' id='word_1_142' title='bbox 976 1060 1166 1117; x_wconf 81' lang='lat' dir='ltr'><strong>accessibilem</strong></span> <span class='ocrx_word' id='word_1_143' title='bbox 1181 1078 1231 1134; x_wconf 91' lang='lat' dir='ltr'><strong>per</strong></span> <span class='ocrx_word' id='word_1_144' title='bbox 1259 1062 1374 1136; x_wconf 77' lang='lat' dir='ltr'><strong>angelos</strong></span> <span class='ocrx_word' id='word_1_145' title='bbox 1398 1063 1478 1120; x_wconf 90' lang='lat' dir='ltr'><strong>ducta</strong></span> <span class='ocrx_word' id='word_1_146' title='bbox 1505 1062 1581 1132; x_wconf 84' lang='lat' dir='ltr'><strong>abiit,</strong></span> <span class='ocrx_word' id='word_1_147' title='bbox 1607 1071 1687 1137; x_wconf 85' lang='lat' dir='ltr'><strong>pater</strong></span> <span class='ocrx_word' id='word_1_148' title='bbox 1712 1078 1777 1121; x_wconf 89' lang='lat' dir='ltr'><strong>vero</strong></span> 
     </span>
     <span class='ocr_line' id='line_1_12' title="bbox 112 1144 1778 1222; baseline 0.001 -15"><span class='ocrx_word' id='word_1_149' title='bbox 112 1150 235 1206; x_wconf 91' lang='lat' dir='ltr'><strong>nuchum</strong></span> <span class='ocrx_word' id='word_1_150' title='bbox 250 1146 360 1204; x_wconf 91' lang='lat' dir='ltr'><strong>nomine</strong></span> <span class='ocrx_word' id='word_1_151' title='bbox 375 1146 557 1219; x_wconf 89' lang='lat' dir='ltr'><strong>Smaragdum</strong></span> <span class='ocrx_word' id='word_1_152' title='bbox 571 1154 598 1203; x_wconf 89' lang='lat' dir='ltr'><strong>et</strong></span> <span class='ocrx_word' id='word_1_153' title='bbox 622 1146 711 1220; x_wconf 89' lang='lat' dir='ltr'><strong>poscit</strong></span> <span class='ocrx_word' id='word_1_154' title='bbox 736 1162 767 1203; x_wconf 86' lang='lat' dir='ltr'><strong>se</strong></span> <span class='ocrx_word' id='word_1_155' title='bbox 786 1144 845 1202; x_wconf 88' lang='lat' dir='ltr'><strong>lieri</strong></span> <span class='ocrx_word' id='word_1_156' title='bbox 867 1158 924 1201; x_wconf 90' lang='lat' dir='ltr'><strong>mo-</strong></span> <span class='ocrx_word' id='word_1_157' title='bbox 976 1149 1125 1206; x_wconf 85' lang='lat' dir='ltr'><strong>semivivus</strong></span> <span class='ocrx_word' id='word_1_158' title='bbox 1140 1150 1167 1205; x_wconf 91' lang='lat' dir='ltr'><strong>in</strong></span> <span class='ocrx_word' id='word_1_159' title='bbox 1182 1158 1285 1207; x_wconf 87' lang='lat' dir='ltr'><strong>terram</strong></span> <span class='ocrx_word' id='word_1_160' title='bbox 1308 1150 1419 1207; x_wconf 88' lang='lat' dir='ltr'><strong>corruit.</strong></span> <span class='ocrx_word' id='word_1_161' title='bbox 1448 1150 1501 1222; x_wconf 85' lang='lat' dir='ltr'><strong>Qui</strong></span> <span class='ocrx_word' id='word_1_162' title='bbox 1527 1151 1563 1207; x_wconf 93' lang='lat' dir='ltr'><strong>ad</strong></span> <span class='ocrx_word' id='word_1_163' title='bbox 1589 1168 1620 1208; x_wconf 90' lang='lat' dir='ltr'><strong>se</strong></span> <span class='ocrx_word' id='word_1_164' title='bbox 1649 1168 1778 1209; x_wconf 88' lang='lat' dir='ltr'><strong>reversus</strong></span> 
     </span>
     <span class='ocr_line' id='line_1_13' title="bbox 114 1233 1777 1312; baseline 0.001 -17"><span class='ocrx_word' id='word_1_165' title='bbox 114 1238 244 1295; x_wconf 85' lang='lat' dir='ltr'><strong>uscham.</strong></span> <span class='ocrx_word' id='word_1_166' title='bbox 260 1236 327 1306; x_wconf 79' lang='lat' dir='ltr'><strong>Quae</strong></span> <span class='ocrx_word' id='word_1_167' title='bbox 342 1236 415 1292; x_wconf 90' lang='lat' dir='ltr'><strong>inter</strong></span> <span class='ocrx_word' id='word_1_168' title='bbox 437 1236 512 1293; x_wconf 90' lang='lat' dir='ltr'><strong>viros</strong></span> <span class='ocrx_word' id='word_1_169' title='bbox 538 1244 666 1309; x_wconf 87' lang='lat' dir='ltr'><strong>suscepta</strong></span> <span class='ocrx_word' id='word_1_170' title='bbox 693 1234 816 1308; x_wconf 83' lang='lat' dir='ltr'><strong>plurimis</strong></span> <span class='ocrx_word' id='word_1_171' title='bbox 843 1233 923 1289; x_wconf 86' lang='lat' dir='ltr'><strong>annis</strong></span> <span class='ocrx_word' id='word_1_172' title='bbox 976 1255 1038 1295; x_wconf 90' lang='lat' dir='ltr'><strong>cum</strong></span> <span class='ocrx_word' id='word_1_173' title='bbox 1061 1254 1161 1311; x_wconf 89' lang='lat' dir='ltr'><strong>magno</strong></span> <span class='ocrx_word' id='word_1_174' title='bbox 1181 1238 1282 1307; x_wconf 85' lang='lat' dir='ltr'><strong>ejulatu</strong></span> <span class='ocrx_word' id='word_1_175' title='bbox 1306 1255 1389 1311; x_wconf 88' lang='lat' dir='ltr'><strong>super</strong></span> <span class='ocrx_word' id='word_1_176' title='bbox 1408 1256 1509 1312; x_wconf 88' lang='lat' dir='ltr'><strong>corpus</strong></span> <span class='ocrx_word' id='word_1_177' title='bbox 1536 1240 1643 1308; x_wconf 85' lang='lat' dir='ltr'><strong>cecidit,</strong></span> <span class='ocrx_word' id='word_1_178' title='bbox 1661 1242 1777 1298; x_wconf 87' lang='lat' dir='ltr'><strong>vocibus</strong></span> 
     </span>
     <span class='ocr_line' id='line_1_14' title="bbox 112 1323 1776 1393; baseline 0.002 -10"><span class='ocrx_word' id='word_1_179' title='bbox 112 1327 183 1383; x_wconf 82' lang='lat' dir='ltr'><strong>vivit</strong></span> <span class='ocrx_word' id='word_1_180' title='bbox 196 1326 224 1382; x_wconf 92' lang='lat' dir='ltr'><strong>in</strong></span> <span class='ocrx_word' id='word_1_181' title='bbox 240 1325 315 1383; x_wconf 91' lang='lat' dir='ltr'><strong>omni</strong></span> <span class='ocrx_word' id='word_1_182' title='bbox 339 1324 529 1383; x_wconf 87' lang='lat' dir='ltr'><strong>sanctimonia.</strong></span> <span class='ocrx_word' id='word_1_183' title='bbox 546 1325 629 1381; x_wconf 78' lang='lat' dir='ltr'><strong>Pater</strong></span> <span class='ocrx_word' id='word_1_184' title='bbox 653 1340 720 1381; x_wconf 87' lang='lat' dir='ltr'><strong>vero</strong></span> <span class='ocrx_word' id='word_1_185' title='bbox 745 1323 856 1380; x_wconf 92' lang='lat' dir='ltr'><strong>demum</strong></span> <span class='ocrx_word' id='word_1_186' title='bbox 879 1338 921 1380; x_wconf 90' lang='lat' dir='ltr'><strong>re·</strong></span> <span class='ocrx_word' id='word_1_187' title='bbox 976 1336 1003 1384; x_wconf 92' lang='lat' dir='ltr'><strong>et</strong></span> <span class='ocrx_word' id='word_1_188' title='bbox 1016 1328 1126 1385; x_wconf 84' lang='lat' dir='ltr'><strong>fletibus</strong></span> <span class='ocrx_word' id='word_1_189' title='bbox 1141 1328 1230 1384; x_wconf 91' lang='lat' dir='ltr'><strong>dolori</strong></span> <span class='ocrx_word' id='word_1_190' title='bbox 1246 1328 1387 1385; x_wconf 78' lang='lat' dir='ltr'><strong>satisfecit.</strong></span> <span class='ocrx_word' id='word_1_191' title='bbox 1397 1327 1453 1393; x_wconf 89' lang='lat' dir='ltr'><strong>Qui</strong></span> <span class='ocrx_word' id='word_1_192' title='bbox 1467 1329 1559 1385; x_wconf 91' lang='lat' dir='ltr'><strong>audito</strong></span> <span class='ocrx_word' id='word_1_193' title='bbox 1569 1346 1665 1386; x_wconf 88' lang='lat' dir='ltr'><strong>omues</strong></span> <span class='ocrx_word' id='word_1_194' title='bbox 1679 1330 1776 1387; x_wconf 79' lang='lat' dir='ltr'><strong>iratres</strong></span> 
     </span>
     <span class='ocr_line' id='line_1_15' title="bbox 112 1411 1776 1492; baseline 0.001 -19"><span class='ocrx_word' id='word_1_195' title='bbox 112 1416 194 1473; x_wconf 89' lang='lat' dir='ltr'><strong>diens</strong></span> <span class='ocrx_word' id='word_1_196' title='bbox 205 1416 345 1489; x_wconf 76' lang='lat' dir='ltr'><strong>filiamque</strong></span> <span class='ocrx_word' id='word_1_197' title='bbox 359 1431 415 1471; x_wconf 92' lang='lat' dir='ltr'><strong>non</strong></span> <span class='ocrx_word' id='word_1_198' title='bbox 428 1414 582 1481; x_wconf 87' lang='lat' dir='ltr'><strong>inveniens,</strong></span> <span class='ocrx_word' id='word_1_199' title='bbox 599 1428 663 1471; x_wconf 91' lang='lat' dir='ltr'><strong>cum</strong></span> <span class='ocrx_word' id='word_1_200' title='bbox 678 1412 767 1470; x_wconf 87' lang='lat' dir='ltr'><strong>servis</strong></span> <span class='ocrx_word' id='word_1_201' title='bbox 785 1420 812 1469; x_wconf 91' lang='lat' dir='ltr'><strong>et</strong></span> <span class='ocrx_word' id='word_1_202' title='bbox 825 1411 921 1469; x_wconf 90' lang='lat' dir='ltr'><strong>amicis</strong></span> <span class='ocrx_word' id='word_1_203' title='bbox 977 1424 1133 1485; x_wconf 88' lang='lat' dir='ltr'><strong>occurrunt,</strong></span> <span class='ocrx_word' id='word_1_204' title='bbox 1150 1416 1217 1472; x_wconf 89' lang='lat' dir='ltr'><strong>mira</strong></span> <span class='ocrx_word' id='word_1_205' title='bbox 1240 1426 1385 1475; x_wconf 89' lang='lat' dir='ltr'><strong>cernentes</strong></span> <span class='ocrx_word' id='word_1_206' title='bbox 1408 1416 1435 1473; x_wconf 91' lang='lat' dir='ltr'><strong>iu</strong></span> <span class='ocrx_word' id='word_1_207' title='bbox 1462 1418 1556 1473; x_wconf 86' lang='lat' dir='ltr'><strong>leudes</strong></span> <span class='ocrx_word' id='word_1_208' title='bbox 1579 1418 1630 1475; x_wconf 89' lang='lat' dir='ltr'><strong>Dei</strong></span> <span class='ocrx_word' id='word_1_209' title='bbox 1648 1434 1776 1492; x_wconf 89' lang='lat' dir='ltr'><strong>prorum·</strong></span> 
     </span>
     <span class='ocr_line' id='line_1_16' title="bbox 111 1500 1776 1579; baseline 0.002 -18"><span class='ocrx_word' id='word_1_210' title='bbox 111 1502 457 1579; x_wconf 88' lang='lat' dir='ltr'><strong>peremniamonasteria,</strong></span> <span class='ocrx_word' id='word_1_211' title='bbox 473 1518 523 1575; x_wconf 91' lang='lat' dir='ltr'><strong>per</strong></span> <span class='ocrx_word' id='word_1_212' title='bbox 545 1502 638 1559; x_wconf 90' lang='lat' dir='ltr'><strong>omnia</strong></span> <span class='ocrx_word' id='word_1_213' title='bbox 664 1502 726 1558; x_wconf 90' lang='lat' dir='ltr'><strong>loca</strong></span> <span class='ocrx_word' id='word_1_214' title='bbox 749 1501 832 1556; x_wconf 89' lang='lat' dir='ltr'><strong>totius</strong></span> <span class='ocrx_word' id='word_1_215' title='bbox 855 1500 921 1556; x_wconf 76' lang='lat' dir='ltr'><strong>dle·</strong></span> <span class='ocrx_word' id='word_1_216' title='bbox 974 1512 1060 1579; x_wconf 88' lang='lat' dir='ltr'><strong>punt;</strong></span> <span class='ocrx_word' id='word_1_217' title='bbox 1086 1504 1132 1579; x_wconf 93' lang='lat' dir='ltr'><strong>qui</strong></span> <span class='ocrx_word' id='word_1_218' title='bbox 1147 1507 1211 1562; x_wconf 92' lang='lat' dir='ltr'><strong>dum</strong></span> <span class='ocrx_word' id='word_1_219' title='bbox 1236 1514 1361 1563; x_wconf 87' lang='lat' dir='ltr'><strong>sanctum</strong></span> <span class='ocrx_word' id='word_1_220' title='bbox 1382 1522 1483 1579; x_wconf 90' lang='lat' dir='ltr'><strong>corpus</strong></span> <span class='ocrx_word' id='word_1_221' title='bbox 1503 1506 1667 1575; x_wconf 87' lang='lat' dir='ltr'><strong>osculantur,</strong></span> <span class='ocrx_word' id='word_1_222' title='bbox 1690 1507 1776 1565; x_wconf 85' lang='lat' dir='ltr'><strong>irater</strong></span> 
     </span>
     <span class='ocr_line' id='line_1_17' title="bbox 98 1591 1775 1669; baseline 0.001 -18"><span class='ocrx_word' id='word_1_223' title='bbox 98 1594 247 1661; x_wconf 57' lang='lat' dir='ltr'><strong>mandrie,</strong></span> <span class='ocrx_word' id='word_1_224' title='bbox 264 1592 347 1650; x_wconf 87' lang='lat' dir='ltr'><strong>totins</strong></span> <span class='ocrx_word' id='word_1_225' title='bbox 361 1592 469 1665; x_wconf 73' lang='lat' dir='ltr'><strong>AEggpti</strong></span> <span class='ocrx_word' id='word_1_226' title='bbox 485 1608 545 1648; x_wconf 88' lang='lat' dir='ltr'><strong>eam</strong></span> <span class='ocrx_word' id='word_1_227' title='bbox 561 1591 691 1663; x_wconf 79' lang='lat' dir='ltr'><strong>quaesivit</strong></span> <span class='ocrx_word' id='word_1_228' title='bbox 705 1599 732 1646; x_wconf 93' lang='lat' dir='ltr'><strong>et</strong></span> <span class='ocrx_word' id='word_1_229' title='bbox 752 1604 806 1646; x_wconf 91' lang='lat' dir='ltr'><strong>uon</strong></span> <span class='ocrx_word' id='word_1_230' title='bbox 821 1591 920 1645; x_wconf 88' lang='lat' dir='ltr'><strong>inven-</strong></span> <span class='ocrx_word' id='word_1_231' title='bbox 975 1595 1096 1669; x_wconf 89' lang='lat' dir='ltr'><strong>qnidam,</strong></span> <span class='ocrx_word' id='word_1_232' title='bbox 1111 1596 1158 1669; x_wconf 92' lang='lat' dir='ltr'><strong>qui</strong></span> <span class='ocrx_word' id='word_1_233' title='bbox 1180 1611 1267 1651; x_wconf 90' lang='lat' dir='ltr'><strong>unum</strong></span> <span class='ocrx_word' id='word_1_234' title='bbox 1295 1594 1404 1652; x_wconf 91' lang='lat' dir='ltr'><strong>oculum</strong></span> <span class='ocrx_word' id='word_1_235' title='bbox 1429 1603 1533 1651; x_wconf 90' lang='lat' dir='ltr'><strong>tantum</strong></span> <span class='ocrx_word' id='word_1_236' title='bbox 1561 1596 1663 1663; x_wconf 90' lang='lat' dir='ltr'><strong>habuit,</strong></span> <span class='ocrx_word' id='word_1_237' title='bbox 1689 1596 1775 1653; x_wconf 89' lang='lat' dir='ltr'><strong>altero</strong></span> 
     </span>
     <span class='ocr_line' id='line_1_18' title="bbox 114 1678 1775 1759; baseline 0.003 -22"><span class='ocrx_word' id='word_1_238' title='bbox 114 1691 172 1739; x_wconf 90' lang='lat' dir='ltr'><strong>tam</strong></span> <span class='ocrx_word' id='word_1_239' title='bbox 188 1683 294 1755; x_wconf 83' lang='lat' dir='ltr'><strong>absque</strong></span> <span class='ocrx_word' id='word_1_240' title='bbox 308 1681 500 1739; x_wconf 89' lang='lat' dir='ltr'><strong>consolatione</strong></span> <span class='ocrx_word' id='word_1_241' title='bbox 516 1680 593 1737; x_wconf 83' lang='lat' dir='ltr'><strong>luxit.</strong></span> <span class='ocrx_word' id='word_1_242' title='bbox 614 1680 678 1737; x_wconf 87' lang='lat' dir='ltr'><strong>Post</strong></span> <span class='ocrx_word' id='word_1_243' title='bbox 700 1678 760 1736; x_wconf 79' lang='lat' dir='ltr'><strong>nec</strong></span> <span class='ocrx_word' id='word_1_244' title='bbox 783 1679 819 1735; x_wconf 89' lang='lat' dir='ltr'><strong>ed</strong></span> <span class='ocrx_word' id='word_1_245' title='bbox 846 1678 919 1734; x_wconf 86' lang='lat' dir='ltr'><strong>idem</strong></span> <span class='ocrx_word' id='word_1_246' title='bbox 974 1690 1083 1756; x_wconf 87' lang='lat' dir='ltr'><strong>recepto</strong></span> <span class='ocrx_word' id='word_1_247' title='bbox 1097 1684 1254 1741; x_wconf 71' lang='lat' dir='ltr'><strong>letabatur.</strong></span> <span class='ocrx_word' id='word_1_248' title='bbox 1275 1684 1375 1741; x_wconf 88' lang='lat' dir='ltr'><strong>iterum</strong></span> <span class='ocrx_word' id='word_1_249' title='bbox 1390 1693 1470 1758; x_wconf 90' lang='lat' dir='ltr'><strong>atque</strong></span> <span class='ocrx_word' id='word_1_250' title='bbox 1486 1684 1583 1741; x_wconf 89' lang='lat' dir='ltr'><strong>iterum</strong></span> <span class='ocrx_word' id='word_1_251' title='bbox 1598 1686 1775 1759; x_wconf 89' lang='lat' dir='ltr'><strong>congeminat</strong></span> 
     </span>
     <span class='ocr_line' id='line_1_19' title="bbox 113 1766 1777 1848; baseline 0.001 -20"><span class='ocrx_word' id='word_1_252' title='bbox 113 1772 311 1829; x_wconf 88' lang='lat' dir='ltr'><strong>monesterium</strong></span> <span class='ocrx_word' id='word_1_253' title='bbox 337 1770 451 1827; x_wconf 89' lang='lat' dir='ltr'><strong>veniens</strong></span> <span class='ocrx_word' id='word_1_254' title='bbox 471 1770 584 1825; x_wconf 90' lang='lat' dir='ltr'><strong>multam</strong></span> <span class='ocrx_word' id='word_1_255' title='bbox 608 1768 769 1841; x_wconf 85' lang='lat' dir='ltr'><strong>peccuniam</strong></span> <span class='ocrx_word' id='word_1_256' title='bbox 790 1766 919 1823; x_wconf 85' lang='lat' dir='ltr'><strong>iratribus</strong></span> <span class='ocrx_word' id='word_1_257' title='bbox 974 1774 1033 1843; x_wconf 78' lang='lat' dir='ltr'><strong>ejus</strong></span> <span class='ocrx_word' id='word_1_258' title='bbox 1047 1772 1184 1847; x_wconf 84' lang='lat' dir='ltr'><strong>magnalia</strong></span> <span class='ocrx_word' id='word_1_259' title='bbox 1197 1772 1243 1847; x_wconf 92' lang='lat' dir='ltr'><strong>qui</strong></span> <span class='ocrx_word' id='word_1_260' title='bbox 1257 1772 1339 1830; x_wconf 87' lang='lat' dir='ltr'><strong>etiam</strong></span> <span class='ocrx_word' id='word_1_261' title='bbox 1353 1774 1381 1828; x_wconf 92' lang='lat' dir='ltr'><strong>in</strong></span> <span class='ocrx_word' id='word_1_262' title='bbox 1397 1788 1464 1829; x_wconf 82' lang='lat' dir='ltr'><strong>sexu</strong></span> <span class='ocrx_word' id='word_1_263' title='bbox 1479 1774 1571 1848; x_wconf 86' lang='lat' dir='ltr'><strong>fragili</strong></span> <span class='ocrx_word' id='word_1_264' title='bbox 1585 1781 1657 1829; x_wconf 91' lang='lat' dir='ltr'><strong>tanta</strong></span> <span class='ocrx_word' id='word_1_265' title='bbox 1678 1788 1777 1846; x_wconf 89' lang='lat' dir='ltr'><strong>opera-</strong></span> 
     </span>
     <span class='ocr_line' id='line_1_20' title="bbox 112 1854 1774 1937; baseline 0.001 -18"><span class='ocrx_word' id='word_1_266' title='bbox 112 1862 232 1934; x_wconf 85' lang='lat' dir='ltr'><strong>largitnr</strong></span> <span class='ocrx_word' id='word_1_267' title='bbox 246 1860 375 1917; x_wconf 83' lang='lat' dir='ltr'><strong>utDenm</strong></span> <span class='ocrx_word' id='word_1_268' title='bbox 390 1859 541 1931; x_wconf 87' lang='lat' dir='ltr'><strong>postulent,</strong></span> <span class='ocrx_word' id='word_1_269' title='bbox 558 1858 611 1914; x_wconf 92' lang='lat' dir='ltr'><strong>sibi</strong></span> <span class='ocrx_word' id='word_1_270' title='bbox 625 1856 730 1930; x_wconf 91' lang='lat' dir='ltr'><strong>aliquid</strong></span> <span class='ocrx_word' id='word_1_271' title='bbox 744 1856 780 1913; x_wconf 93' lang='lat' dir='ltr'><strong>de</strong></span> <span class='ocrx_word' id='word_1_272' title='bbox 803 1854 858 1912; x_wconf 84' lang='lat' dir='ltr'><strong>lilia</strong></span> <span class='ocrx_word' id='word_1_273' title='bbox 872 1872 921 1913; x_wconf 88' lang='lat' dir='ltr'><strong>re·</strong></span> <span class='ocrx_word' id='word_1_274' title='bbox 974 1864 1051 1920; x_wconf 75' lang='lat' dir='ltr'><strong>batur</strong></span> <span class='ocrx_word' id='word_1_275' title='bbox 1065 1862 1209 1919; x_wconf 79' lang='lat' dir='ltr'><strong>mirabilia.</strong></span> <span class='ocrx_word' id='word_1_276' title='bbox 1226 1862 1332 1936; x_wconf 87' lang='lat' dir='ltr'><strong>Corpus</strong></span> <span class='ocrx_word' id='word_1_277' title='bbox 1359 1862 1442 1937; x_wconf 92' lang='lat' dir='ltr'><strong>igitur</strong></span> <span class='ocrx_word' id='word_1_278' title='bbox 1469 1862 1498 1918; x_wconf 92' lang='lat' dir='ltr'><strong>in</strong></span> <span class='ocrx_word' id='word_1_279' title='bbox 1523 1872 1700 1921; x_wconf 86' lang='lat' dir='ltr'><strong>monumento</strong></span> <span class='ocrx_word' id='word_1_280' title='bbox 1728 1880 1774 1937; x_wconf 88' lang='lat' dir='ltr'><strong>pa·</strong></span> 
     </span>
     <span class='ocr_line' id='line_1_21' title="bbox 112 1944 1776 2025; baseline 0 -14"><span class='ocrx_word' id='word_1_281' title='bbox 112 1949 201 2007; x_wconf 79' lang='lat' dir='ltr'><strong>velari</strong></span> <span class='ocrx_word' id='word_1_282' title='bbox 214 1956 355 2022; x_wconf 59' lang='lat' dir='ltr'><strong>pacatur·</strong></span> <span class='ocrx_word' id='word_1_283' title='bbox 373 1947 426 2017; x_wconf 80' lang='lat' dir='ltr'><strong>Qui</strong></span> <span class='ocrx_word' id='word_1_284' title='bbox 451 1948 554 2022; x_wconf 65' lang='lat' dir='ltr'><strong>vigiliis</strong></span> <span class='ocrx_word' id='word_1_285' title='bbox 568 1946 672 2017; x_wconf 66' lang='lat' dir='ltr'><strong>jejunit</strong></span> <span class='ocrx_word' id='word_1_286' title='bbox 691 1944 857 2013; x_wconf 71' lang='lat' dir='ltr'><strong>⁰⁰11²i¹¹¹1³¹1h</strong></span> <span class='ocrx_word' id='word_1_287' title='bbox 874 1960 921 2001; x_wconf 68' lang='grc' dir='ltr'><strong>ΒΘ·</strong></span> <span class='ocrx_word' id='word_1_288' title='bbox 976 1962 1046 2009; x_wconf 90' lang='lat' dir='ltr'><strong>trum</strong></span> <span class='ocrx_word' id='word_1_289' title='bbox 1068 1952 1224 2021; x_wconf 87' lang='lat' dir='ltr'><strong>tumuletur,</strong></span> <span class='ocrx_word' id='word_1_290' title='bbox 1252 1953 1330 2021; x_wconf 78' lang='lat' dir='ltr'><strong>cuius</strong></span> <span class='ocrx_word' id='word_1_291' title='bbox 1357 1952 1449 2009; x_wconf 88' lang='lat' dir='ltr'><strong>anima</strong></span> <span class='ocrx_word' id='word_1_292' title='bbox 1476 1960 1505 2009; x_wconf 89' lang='lat' dir='ltr'><strong>ut</strong></span> <span class='ocrx_word' id='word_1_293' title='bbox 1534 1968 1632 2009; x_wconf 88' lang='lat' dir='ltr'><strong>aarum</strong></span> <span class='ocrx_word' id='word_1_294' title='bbox 1658 1952 1686 2009; x_wconf 89' lang='lat' dir='ltr'><strong>in</strong></span> <span class='ocrx_word' id='word_1_295' title='bbox 1711 1952 1776 2025; x_wconf 88' lang='lat' dir='ltr'><strong>igne</strong></span> 
     </span>
     <span class='ocr_line' id='line_1_22' title="bbox 111 2035 1778 2117; baseline 0.002 -23"><span class='ocrx_word' id='word_1_296' title='bbox 111 2039 265 2113; x_wconf 84' lang='lat' dir='ltr'><strong>ptimanam</strong></span> <span class='ocrx_word' id='word_1_297' title='bbox 279 2045 391 2094; x_wconf 88' lang='lat' dir='ltr'><strong>orantes</strong></span> <span class='ocrx_word' id='word_1_298' title='bbox 414 2035 481 2093; x_wconf 87' lang='lat' dir='ltr'><strong>nihil</strong></span> <span class='ocrx_word' id='word_1_299' title='bbox 505 2037 672 2108; x_wconf 79' lang='lat' dir='ltr'><strong>impetrent3</strong></span> <span class='ocrx_word' id='word_1_300' title='bbox 695 2043 722 2091; x_wconf 83' lang='lat' dir='ltr'><strong>et</strong></span> <span class='ocrx_word' id='word_1_301' title='bbox 744 2035 922 2091; x_wconf 65' lang='lat' dir='ltr'><strong>tumescent</strong></span> <span class='ocrx_word' id='word_1_302' title='bbox 977 2042 1131 2117; x_wconf 88' lang='lat' dir='ltr'><strong>probatum,</strong></span> <span class='ocrx_word' id='word_1_303' title='bbox 1160 2040 1200 2098; x_wconf 89' lang='lat' dir='ltr'><strong>sic</strong></span> <span class='ocrx_word' id='word_1_304' title='bbox 1227 2041 1254 2097; x_wconf 92' lang='lat' dir='ltr'><strong>in</strong></span> <span class='ocrx_word' id='word_1_305' title='bbox 1282 2041 1390 2099; x_wconf 88' lang='lat' dir='ltr'><strong>camino</strong></span> <span class='ocrx_word' id='word_1_306' title='bbox 1417 2040 1600 2098; x_wconf 89' lang='lat' dir='ltr'><strong>tribulationis</strong></span> <span class='ocrx_word' id='word_1_307' title='bbox 1624 2042 1778 2099; x_wconf 82' lang='lat' dir='ltr'><strong>examinata</strong></span> 
     </span>
    </p>
   </div>
   <div class='ocr_carea' id='block_1_4' title="bbox 111 2124 1776 2291">
    <p class='ocr_par' dir='ltr' id='par_1_4' title="bbox 111 2124 1776 2291">
     <span class='ocr_line' id='line_1_23' title="bbox 111 2124 1776 2205; baseline 0.002 -21"><span class='ocrx_word' id='word_1_308' title='bbox 111 2128 228 2184; x_wconf 87' lang='lat' dir='ltr'><strong>trecenti</strong></span> <span class='ocrx_word' id='word_1_309' title='bbox 242 2126 440 2201; x_wconf 77' lang='lat' dir='ltr'><strong>quinquaginta</strong></span> <span class='ocrx_word' id='word_1_310' title='bbox 456 2125 548 2181; x_wconf 84' lang='lat' dir='ltr'><strong>oratic</strong></span> <span class='ocrx_word' id='word_1_311' title='bbox 563 2125 721 2181; x_wconf 75' lang='lat' dir='ltr'><strong>Eufrosinoe</strong></span> <span class='ocrx_word' id='word_1_312' title='bbox 736 2124 862 2180; x_wconf 83' lang='lat' dir='ltr'><strong>omnium</strong></span> <span class='ocrx_word' id='word_1_313' title='bbox 877 2140 924 2179; x_wconf 82' lang='lat' dir='ltr'><strong>stt-</strong></span> <span class='ocrx_word' id='word_1_314' title='bbox 976 2131 1046 2187; x_wconf 90' lang='lat' dir='ltr'><strong>inter</strong></span> <span class='ocrx_word' id='word_1_315' title='bbox 1069 2130 1229 2188; x_wconf 87' lang='lat' dir='ltr'><strong>candidulas</strong></span> <span class='ocrx_word' id='word_1_316' title='bbox 1252 2130 1372 2205; x_wconf 88' lang='lat' dir='ltr'><strong>virgines</strong></span> <span class='ocrx_word' id='word_1_317' title='bbox 1386 2130 1547 2205; x_wconf 85' lang='lat' dir='ltr'><strong>gratulatur.</strong></span> <span class='ocrx_word' id='word_1_318' title='bbox 1569 2130 1650 2187; x_wconf 85' lang='lat' dir='ltr'><strong>Peter</strong></span> <span class='ocrx_word' id='word_1_319' title='bbox 1665 2147 1732 2187; x_wconf 88' lang='lat' dir='ltr'><strong>vero</strong></span> <span class='ocrx_word' id='word_1_320' title='bbox 1746 2146 1776 2187; x_wconf 90' lang='lat' dir='ltr'><strong>se</strong></span> 
     </span>
     <span class='ocr_line' id='line_1_24' title="bbox 112 2211 1776 2291; baseline -0.002 -18"><span class='ocrx_word' id='word_1_321' title='bbox 112 2214 223 2291; x_wconf 84' lang='lat' dir='ltr'><strong>pererit</strong></span> <span class='ocrx_word' id='word_1_322' title='bbox 245 2215 384 2275; x_wconf 87' lang='lat' dir='ltr'><strong>oramina,</strong></span> <span class='ocrx_word' id='word_1_323' title='bbox 408 2214 539 2289; x_wconf 76' lang='lat' dir='ltr'><strong>quadie</strong></span> <span class='ocrx_word' id='word_1_324' title='bbox 565 2221 704 2286; x_wconf 88' lang='lat' dir='ltr'><strong>noctuque</strong></span> <span class='ocrx_word' id='word_1_325' title='bbox 727 2211 926 2285; x_wconf 81' lang='lat' dir='ltr'><strong>deprecabatur</strong></span> <span class='ocrx_word' id='word_1_326' title='bbox 978 2216 1068 2289; x_wconf 90' lang='lat' dir='ltr'><strong>ipsum</strong></span> <span class='ocrx_word' id='word_1_327' title='bbox 1092 2230 1153 2271; x_wconf 92' lang='lat' dir='ltr'><strong>cum</strong></span> <span class='ocrx_word' id='word_1_328' title='bbox 1180 2213 1256 2270; x_wconf 89' lang='lat' dir='ltr'><strong>omni</strong></span> <span class='ocrx_word' id='word_1_329' title='bbox 1283 2213 1434 2271; x_wconf 87' lang='lat' dir='ltr'><strong>substantia</strong></span> <span class='ocrx_word' id='word_1_330' title='bbox 1469 2229 1518 2269; x_wconf 88' lang='lat' dir='ltr'><strong>sua</strong></span> <span class='ocrx_word' id='word_1_331' title='bbox 1555 2214 1584 2271; x_wconf 95' lang='lat' dir='ltr'><strong>in</strong></span> <span class='ocrx_word' id='word_1_332' title='bbox 1610 2215 1776 2271; x_wconf 88' lang='lat' dir='ltr'><strong>monasterio</strong></span> 
     </span>
    </p>
   </div>
   <div class='ocr_carea' id='block_1_5' title="bbox 113 2302 1777 2732">
    <p class='ocr_par' dir='ltr' id='par_1_5' title="bbox 113 2302 1777 2732">
     <span class='ocr_line' id='line_1_25' title="bbox 113 2302 1773 2371; baseline -0.001 -10"><span class='ocrx_word' id='word_1_333' title='bbox 113 2321 150 2362; x_wconf 91' lang='lat' dir='ltr'><strong>ne</strong></span> <span class='ocrx_word' id='word_1_334' title='bbox 163 2306 192 2361; x_wconf 93' lang='lat' dir='ltr'><strong>in</strong></span> <span class='ocrx_word' id='word_1_335' title='bbox 214 2306 266 2362; x_wconf 91' lang='lat' dir='ltr'><strong>hac</strong></span> <span class='ocrx_word' id='word_1_336' title='bbox 280 2304 335 2361; x_wconf 90' lang='lat' dir='ltr'><strong>vita</strong></span> <span class='ocrx_word' id='word_1_337' title='bbox 349 2303 588 2361; x_wconf 76' lang='lat' dir='ltr'><strong>manifestaretur.</strong></span> <span class='ocrx_word' id='word_1_338' title='bbox 604 2302 700 2358; x_wconf 82' lang='lat' dir='ltr'><strong>dbhas</strong></span> <span class='ocrx_word' id='word_1_339' title='bbox 715 2310 807 2358; x_wconf 89' lang='lat' dir='ltr'><strong>autem</strong></span> <span class='ocrx_word' id='word_1_340' title='bbox 822 2316 925 2357; x_wconf 91' lang='lat' dir='ltr'><strong>consc-</strong></span> <span class='ocrx_word' id='word_1_341' title='bbox 977 2304 1102 2371; x_wconf 90' lang='lat' dir='ltr'><strong>contulit,</strong></span> <span class='ocrx_word' id='word_1_342' title='bbox 1119 2304 1268 2359; x_wconf 90' lang='lat' dir='ltr'><strong>monachus</strong></span> <span class='ocrx_word' id='word_1_343' title='bbox 1287 2302 1377 2360; x_wconf 84' lang='lat' dir='ltr'><strong>iactus</strong></span> <span class='ocrx_word' id='word_1_344' title='bbox 1400 2304 1427 2359; x_wconf 92' lang='lat' dir='ltr'><strong>in</strong></span> <span class='ocrx_word' id='word_1_345' title='bbox 1449 2311 1542 2359; x_wconf 88' lang='lat' dir='ltr'><strong>sancta</strong></span> <span class='ocrx_word' id='word_1_346' title='bbox 1562 2304 1773 2360; x_wconf 86' lang='lat' dir='ltr'><strong>couversatione</strong></span> 
     </span>
     <span class='ocr_line' id='line_1_26' title="bbox 114 2390 1777 2466; baseline -0.001 -16"><span class='ocrx_word' id='word_1_347' title='bbox 114 2393 189 2450; x_wconf 88' lang='lat' dir='ltr'><strong>latus</strong></span> <span class='ocrx_word' id='word_1_348' title='bbox 213 2393 380 2457; x_wconf 87' lang='lat' dir='ltr'><strong>Painutium,</strong></span> <span class='ocrx_word' id='word_1_349' title='bbox 395 2391 484 2464; x_wconf 76' lang='lat' dir='ltr'><strong>iussit</strong></span> <span class='ocrx_word' id='word_1_350' title='bbox 497 2408 561 2447; x_wconf 88' lang='lat' dir='ltr'><strong>enm</strong></span> <span class='ocrx_word' id='word_1_351' title='bbox 585 2390 647 2447; x_wconf 90' lang='lat' dir='ltr'><strong>duci</strong></span> <span class='ocrx_word' id='word_1_352' title='bbox 671 2390 707 2447; x_wconf 90' lang='lat' dir='ltr'><strong>ad</strong></span> <span class='ocrx_word' id='word_1_353' title='bbox 732 2390 925 2463; x_wconf 67' lang='lat' dir='ltr'><strong>smaragdum,</strong></span> <span class='ocrx_word' id='word_1_354' title='bbox 979 2392 1077 2450; x_wconf 86' lang='lat' dir='ltr'><strong>finiens</strong></span> <span class='ocrx_word' id='word_1_355' title='bbox 1093 2392 1177 2447; x_wconf 89' lang='lat' dir='ltr'><strong>vitem</strong></span> <span class='ocrx_word' id='word_1_356' title='bbox 1192 2391 1275 2448; x_wconf 86' lang='lat' dir='ltr'><strong>filiam</strong></span> <span class='ocrx_word' id='word_1_357' title='bbox 1291 2407 1371 2449; x_wconf 85' lang='lat' dir='ltr'><strong>suam</strong></span> <span class='ocrx_word' id='word_1_358' title='bbox 1387 2393 1412 2447; x_wconf 93' lang='lat' dir='ltr'><strong>in</strong></span> <span class='ocrx_word' id='word_1_359' title='bbox 1427 2392 1516 2466; x_wconf 89' lang='lat' dir='ltr'><strong>gloria</strong></span> <span class='ocrx_word' id='word_1_360' title='bbox 1532 2390 1641 2449; x_wconf 89' lang='lat' dir='ltr'><strong>visurus</strong></span> <span class='ocrx_word' id='word_1_361' title='bbox 1656 2392 1777 2449; x_wconf 87' lang='lat' dir='ltr'><strong>coelestia</strong></span> 
     </span>
     <span class='ocr_line' id='line_1_27' title="bbox 116 2480 1776 2555; baseline -0.001 -16"><span class='ocrx_word' id='word_1_362' title='bbox 116 2498 180 2539; x_wconf 87' lang='lat' dir='ltr'><strong>nam</strong></span> <span class='ocrx_word' id='word_1_363' title='bbox 193 2482 253 2554; x_wconf 90' lang='lat' dir='ltr'><strong>ipse</strong></span> <span class='ocrx_word' id='word_1_364' title='bbox 267 2482 295 2537; x_wconf 91' lang='lat' dir='ltr'><strong>in</strong></span> <span class='ocrx_word' id='word_1_365' title='bbox 310 2482 381 2539; x_wconf 90' lang='lat' dir='ltr'><strong>cella</strong></span> <span class='ocrx_word' id='word_1_366' title='bbox 396 2481 520 2537; x_wconf 89' lang='lat' dir='ltr'><strong>solitaria</strong></span> <span class='ocrx_word' id='word_1_367' title='bbox 533 2480 628 2555; x_wconf 90' lang='lat' dir='ltr'><strong>deguit</strong></span> <span class='ocrx_word' id='word_1_368' title='bbox 652 2488 678 2536; x_wconf 92' lang='lat' dir='ltr'><strong>et</strong></span> <span class='ocrx_word' id='word_1_369' title='bbox 701 2486 755 2535; x_wconf 91' lang='lat' dir='ltr'><strong>tcta</strong></span> <span class='ocrx_word' id='word_1_370' title='bbox 769 2493 919 2535; x_wconf 83' lang='lat' dir='ltr'><strong>conversa·</strong></span> <span class='ocrx_word' id='word_1_371' title='bbox 972 2482 1050 2539; x_wconf 87' lang='lat' dir='ltr'><strong>adiit.</strong></span> <span class='ocrx_word' id='word_1_372' title='bbox 1066 2482 1162 2551; x_wconf 89' lang='lat' dir='ltr'><strong>Hujus,</strong></span> <span class='ocrx_word' id='word_1_373' title='bbox 1178 2480 1328 2548; x_wconf 83' lang='lat' dir='ltr'><strong>karissimi,</strong></span> <span class='ocrx_word' id='word_1_374' title='bbox 1349 2482 1469 2555; x_wconf 88' lang='lat' dir='ltr'><strong>Virginis</strong></span> <span class='ocrx_word' id='word_1_375' title='bbox 1491 2482 1613 2537; x_wconf 88' lang='lat' dir='ltr'><strong>meritum</strong></span> <span class='ocrx_word' id='word_1_376' title='bbox 1638 2482 1776 2538; x_wconf 90' lang='lat' dir='ltr'><strong>omnium-</strong></span> 
     </span>
     <span class='ocr_line' id='line_1_28' title="bbox 114 2566 1776 2645; baseline -0.001 -17"><span class='ocrx_word' id='word_1_377' title='bbox 114 2572 153 2629; x_wconf 84' lang='lat' dir='ltr'><strong>tic</strong></span> <span class='ocrx_word' id='word_1_378' title='bbox 167 2571 228 2645; x_wconf 81' lang='lat' dir='ltr'><strong>ejus</strong></span> <span class='ocrx_word' id='word_1_379' title='bbox 240 2570 268 2627; x_wconf 93' lang='lat' dir='ltr'><strong>iu</strong></span> <span class='ocrx_word' id='word_1_380' title='bbox 283 2571 361 2628; x_wconf 85' lang='lat' dir='ltr'><strong>coelis</strong></span> <span class='ocrx_word' id='word_1_381' title='bbox 377 2569 437 2626; x_wconf 89' lang='lat' dir='ltr'><strong>init.</strong></span> <span class='ocrx_word' id='word_1_382' title='bbox 455 2569 558 2626; x_wconf 84' lang='lat' dir='ltr'><strong>Videas</strong></span> <span class='ocrx_word' id='word_1_383' title='bbox 580 2578 672 2626; x_wconf 90' lang='lat' dir='ltr'><strong>entem</strong></span> <span class='ocrx_word' id='word_1_384' title='bbox 692 2576 809 2643; x_wconf 87' lang='lat' dir='ltr'><strong>patrem,</strong></span> <span class='ocrx_word' id='word_1_385' title='bbox 832 2575 860 2623; x_wconf 88' lang='lat' dir='ltr'><strong>et</strong></span> <span class='ocrx_word' id='word_1_386' title='bbox 882 2566 919 2621; x_wconf 88' lang='lat' dir='ltr'><strong>ti·</strong></span> <span class='ocrx_word' id='word_1_387' title='bbox 974 2579 1198 2645; x_wconf 87' lang='lat' dir='ltr'><strong>quesanctorum</strong></span> <span class='ocrx_word' id='word_1_388' title='bbox 1214 2570 1392 2643; x_wconf 87' lang='lat' dir='ltr'><strong>imploremus</strong></span> <span class='ocrx_word' id='word_1_389' title='bbox 1406 2568 1555 2644; x_wconf 83' lang='lat' dir='ltr'><strong>sulimgia;</strong></span> <span class='ocrx_word' id='word_1_390' title='bbox 1579 2586 1613 2626; x_wconf 92' lang='lat' dir='ltr'><strong>ne</strong></span> <span class='ocrx_word' id='word_1_391' title='bbox 1628 2586 1679 2626; x_wconf 90' lang='lat' dir='ltr'><strong>nos</strong></span> <span class='ocrx_word' id='word_1_392' title='bbox 1702 2570 1776 2627; x_wconf 89' lang='lat' dir='ltr'><strong>Deus</strong></span> 
     </span>
     <span class='ocr_line' id='line_1_29' title="bbox 115 2654 1777 2732; baseline -0.004 -15"><span class='ocrx_word' id='word_1_393' title='bbox 115 2676 195 2717; x_wconf 88' lang='lat' dir='ltr'><strong>mens</strong></span> <span class='ocrx_word' id='word_1_394' title='bbox 222 2659 390 2732; x_wconf 88' lang='lat' dir='ltr'><strong>agnosei,in</strong></span> <span class='ocrx_word' id='word_1_395' title='bbox 421 2659 549 2717; x_wconf 83' lang='lat' dir='ltr'><strong>tserimas</strong></span> <span class='ocrx_word' id='word_1_396' title='bbox 578 2657 698 2729; x_wconf 86' lang='lat' dir='ltr'><strong>solvitur,</strong></span> <span class='ocrx_word' id='word_1_397' title='bbox 729 2657 778 2714; x_wconf 91' lang='lat' dir='ltr'><strong>sed</strong></span> <span class='ocrx_word' id='word_1_398' title='bbox 806 2655 919 2713; x_wconf 89' lang='lat' dir='ltr'><strong>minime</strong></span> <span class='ocrx_word' id='word_1_399' title='bbox 974 2654 1056 2712; x_wconf 90' lang='lat' dir='ltr'><strong>simul</strong></span> <span class='ocrx_word' id='word_1_400' title='bbox 1074 2655 1161 2711; x_wconf 89' lang='lat' dir='ltr'><strong>tradat</strong></span> <span class='ocrx_word' id='word_1_401' title='bbox 1179 2670 1240 2711; x_wconf 91' lang='lat' dir='ltr'><strong>cum</strong></span> <span class='ocrx_word' id='word_1_402' title='bbox 1264 2654 1456 2727; x_wconf 87' lang='lat' dir='ltr'><strong>peccatoribus</strong></span> <span class='ocrx_word' id='word_1_403' title='bbox 1478 2663 1504 2711; x_wconf 90' lang='lat' dir='ltr'><strong>et</strong></span> <span class='ocrx_word' id='word_1_404' title='bbox 1528 2669 1583 2711; x_wconf 93' lang='lat' dir='ltr'><strong>non</strong></span> <span class='ocrx_word' id='word_1_405' title='bbox 1608 2670 1659 2711; x_wconf 92' lang='lat' dir='ltr'><strong>nos</strong></span> <span class='ocrx_word' id='word_1_406' title='bbox 1677 2656 1777 2728; x_wconf 89' lang='lat' dir='ltr'><strong>perdat</strong></span> 
     </span>
    </p>
   </div>
   <div class='ocr_carea' id='block_1_6' title="bbox 115 2742 1775 3003">
    <p class='ocr_par' dir='ltr' id='par_1_6' title="bbox 115 2742 1775 3003">
     <span class='ocr_line' id='line_1_30' title="bbox 115 2742 1775 2823; baseline -0.002 -19"><span class='ocrx_word' id='word_1_407' title='bbox 115 2749 286 2823; x_wconf 76' lang='lat' dir='ltr'><strong>agnoscitur.</strong></span> <span class='ocrx_word' id='word_1_408' title='bbox 305 2748 458 2821; x_wconf 89' lang='lat' dir='ltr'><strong>Imperialis</strong></span> <span class='ocrx_word' id='word_1_409' title='bbox 473 2748 572 2821; x_wconf 90' lang='lat' dir='ltr'><strong>quippe</strong></span> <span class='ocrx_word' id='word_1_410' title='bbox 584 2747 672 2803; x_wconf 90' lang='lat' dir='ltr'><strong>vultus</strong></span> <span class='ocrx_word' id='word_1_411' title='bbox 683 2747 741 2817; x_wconf 76' lang='lat' dir='ltr'><strong>eius</strong></span> <span class='ocrx_word' id='word_1_412' title='bbox 756 2762 814 2818; x_wconf 78' lang='lat' dir='ltr'><strong>pre</strong></span> <span class='ocrx_word' id='word_1_413' title='bbox 829 2745 920 2801; x_wconf 90' lang='lat' dir='ltr'><strong>multis</strong></span> <span class='ocrx_word' id='word_1_414' title='bbox 975 2759 1038 2801; x_wconf 92' lang='lat' dir='ltr'><strong>cum</strong></span> <span class='ocrx_word' id='word_1_415' title='bbox 1053 2743 1222 2816; x_wconf 90' lang='lat' dir='ltr'><strong>iniquitatem</strong></span> <span class='ocrx_word' id='word_1_416' title='bbox 1244 2743 1421 2816; x_wconf 85' lang='lat' dir='ltr'><strong>operantibus</strong></span> <span class='ocrx_word' id='word_1_417' title='bbox 1446 2742 1496 2801; x_wconf 90' lang='lat' dir='ltr'><strong>sed</strong></span> <span class='ocrx_word' id='word_1_418' title='bbox 1510 2759 1561 2800; x_wconf 89' lang='lat' dir='ltr'><strong>nos</strong></span> <span class='ocrx_word' id='word_1_419' title='bbox 1575 2759 1637 2801; x_wconf 91' lang='lat' dir='ltr'><strong>cum</strong></span> <span class='ocrx_word' id='word_1_420' title='bbox 1655 2743 1775 2803; x_wconf 80' lang='lat' dir='ltr'><strong>herect-</strong></span> 
     </span>
     <span class='ocr_line' id='line_1_31' title="bbox 116 2832 1774 2915; baseline -0.002 -22"><span class='ocrx_word' id='word_1_421' title='bbox 116 2832 921 2915; x_wconf 79' lang='lat' dir='ltr'><strong>vigitiisemarcuitacingensdeeor(t⁰rst)ejuspraeteti-</strong></span> <span class='ocrx_word' id='word_1_422' title='bbox 975 2838 1031 2890; x_wconf 89' lang='lat' dir='ltr'><strong>tate</strong></span> <span class='ocrx_word' id='word_1_423' title='bbox 1047 2832 1191 2890; x_wconf 85' lang='lat' dir='ltr'><strong>benedicet</strong></span> <span class='ocrx_word' id='word_1_424' title='bbox 1206 2840 1232 2888; x_wconf 94' lang='lat' dir='ltr'><strong>et</strong></span> <span class='ocrx_word' id='word_1_425' title='bbox 1253 2848 1341 2907; x_wconf 91' lang='lat' dir='ltr'><strong>usque</strong></span> <span class='ocrx_word' id='word_1_426' title='bbox 1362 2832 1390 2889; x_wconf 91' lang='lat' dir='ltr'><strong>iu</strong></span> <span class='ocrx_word' id='word_1_427' title='bbox 1413 2838 1551 2892; x_wconf 79' lang='lat' dir='ltr'><strong>arternum</strong></span> <span class='ocrx_word' id='word_1_428' title='bbox 1577 2833 1701 2891; x_wconf 86' lang='lat' dir='ltr'><strong>extollat.</strong></span> <span class='ocrx_word' id='word_1_429' title='bbox 1721 2832 1774 2892; x_wconf 89' lang='lat' dir='ltr'><strong>Ubi</strong></span> 
     </span>
     <span class='ocr_line' id='line_1_32' title="bbox 116 2916 1238 3003; baseline -0.011 -20"><span class='ocrx_word' id='word_1_430' title='bbox 116 2927 170 2985; x_wconf 90' lang='lat' dir='ltr'><strong>hus</strong></span> <span class='ocrx_word' id='word_1_431' title='bbox 183 2942 216 2985; x_wconf 91' lang='lat' dir='ltr'><strong>ac</strong></span> <span class='ocrx_word' id='word_1_432' title='bbox 227 2927 338 2999; x_wconf 77' lang='lat' dir='ltr'><strong>iejuniis</strong></span> <span class='ocrx_word' id='word_1_433' title='bbox 354 2928 486 3003; x_wconf 88' lang='lat' dir='ltr'><strong>elanguit.</strong></span> <span class='ocrx_word' id='word_1_434' title='bbox 500 2929 524 2983; x_wconf 79' lang='grc' dir='ltr'><strong>Α</strong></span> <span class='ocrx_word' id='word_1_435' title='bbox 538 2941 592 3000; x_wconf 88' lang='lat' dir='ltr'><strong>qua</strong></span> <span class='ocrx_word' id='word_1_436' title='bbox 606 2925 764 2984; x_wconf 89' lang='lat' dir='ltr'><strong>consolatus</strong></span> <span class='ocrx_word' id='word_1_437' title='bbox 779 2922 919 2988; x_wconf 82' lang='lat' dir='ltr'><strong>discessit,</strong></span> <span class='ocrx_word' id='word_1_438' title='bbox 975 2918 1073 2977; x_wconf 89' lang='lat' dir='ltr'><strong>oculus</strong></span> <span class='ocrx_word' id='word_1_439' title='bbox 1087 2931 1142 2974; x_wconf 90' lang='lat' dir='ltr'><strong>nnn</strong></span> <span class='ocrx_word' id='word_1_440' title='bbox 1160 2916 1238 2975; x_wconf 86' lang='lat' dir='ltr'><strong>vidit.</strong></span> 
     </span>
    </p>
   </div>
   <div class='ocr_carea' id='block_1_7' title="bbox 764 3290 1138 3395">
    <p class='ocr_par' dir='ltr' id='par_1_7' title="bbox 764 3290 1138 3395">
     <span class='ocr_line' id='line_1_33' title="bbox 764 3290 1138 3395; baseline -0.024 -2"><span class='ocrx_word' id='word_1_441' title='bbox 764 3292 1053 3395; x_wconf 82' lang='lat' dir='ltr'><strong>DOMINICA</strong></span> <span class='ocrx_word' id='word_1_442' title='bbox 1078 3290 1138 3385; x_wconf 84' lang='lat' dir='ltr'><strong>X.</strong></span> 
     </span>
    </p>
   </div>
   <div class='ocr_carea' id='block_1_8' title="bbox 118 3538 1778 4955">
    <p class='ocr_par' dir='ltr' id='par_1_8' title="bbox 118 3538 1778 4955">
     <span class='ocr_line' id='line_1_34' title="bbox 158 3538 1778 3636; baseline -0.014 -16"><span class='ocrx_word' id='word_1_443' title='bbox 158 3562 214 3621; x_wconf 77' lang='lat' dir='ltr'><strong>rto</strong></span> <span class='ocrx_word' id='word_1_444' title='bbox 229 3560 308 3636; x_wconf 75' lang='lat' dir='ltr'><strong>Spore</strong></span> <span class='ocrx_word' id='word_1_445' title='bbox 325 3560 425 3633; x_wconf 81' lang='lat' dir='ltr'><strong>lugeat</strong></span> <span class='ocrx_word' id='word_1_446' title='bbox 440 3575 471 3618; x_wconf 87' lang='lat' dir='ltr'><strong>cc</strong></span> <span class='ocrx_word' id='word_1_447' title='bbox 481 3558 552 3634; x_wconf 83' lang='lat' dir='ltr'><strong>qnod</strong></span> <span class='ocrx_word' id='word_1_448' title='bbox 565 3574 623 3617; x_wconf 83' lang='lat' dir='ltr'><strong>noe</strong></span> <span class='ocrx_word' id='word_1_449' title='bbox 633 3559 694 3617; x_wconf 82' lang='lat' dir='ltr'><strong>rint</strong></span> <span class='ocrx_word' id='word_1_450' title='bbox 704 3556 922 3633; x_wconf 80' lang='lat' dir='ltr'><strong>qaiccaicntcd</strong></span> <span class='ocrx_word' id='word_1_451' title='bbox 936 3552 962 3619; x_wconf 85' lang='lat'>0</span> <span class='ocrx_word' id='word_1_452' title='bbox 976 3548 1044 3625; x_wconf 90' lang='lat' dir='ltr'><strong>quia</strong></span> <span class='ocrx_word' id='word_1_453' title='bbox 1065 3546 1167 3605; x_wconf 90' lang='lat' dir='ltr'><strong>nullam</strong></span> <span class='ocrx_word' id='word_1_454' title='bbox 1189 3545 1251 3603; x_wconf 92' lang='lat' dir='ltr'><strong>duri</strong></span> <span class='ocrx_word' id='word_1_455' title='bbox 1278 3542 1369 3602; x_wconf 90' lang='lat' dir='ltr'><strong>cordis</strong></span> <span class='ocrx_word' id='word_1_456' title='bbox 1396 3538 1591 3617; x_wconf 76' lang='lat' dir='ltr'><strong>cogitationem</strong></span> <span class='ocrx_word' id='word_1_457' title='bbox 1616 3538 1778 3613; x_wconf 85' lang='lat' dir='ltr'><strong>impunitam</strong></span> 
     </span>
     <span class='ocr_line' id='line_1_35' title="bbox 120 3629 1776 3722; baseline -0.015 -13"><span class='ocrx_word' id='word_1_458' title='bbox 120 3652 335 3710; x_wconf 74' lang='lat' dir='ltr'><strong>enumerantem</strong></span> <span class='ocrx_word' id='word_1_459' title='bbox 346 3652 464 3722; x_wconf 81' lang='lat' dir='ltr'><strong>(Three.</strong></span> <span class='ocrx_word' id='word_1_460' title='bbox 478 3649 512 3721; x_wconf 90' lang='lat'><strong>1).</strong></span> <span class='ocrx_word' id='word_1_461' title='bbox 526 3648 611 3722; x_wconf 81' lang='lat' dir='ltr'><strong>Syon,</strong></span> <span class='ocrx_word' id='word_1_462' title='bbox 623 3648 695 3721; x_wconf 91' lang='lat' dir='ltr'><strong>quod</strong></span> <span class='ocrx_word' id='word_1_463' title='bbox 706 3656 784 3703; x_wconf 89' lang='lat' dir='ltr'><strong>sonat</strong></span> <span class='ocrx_word' id='word_1_464' title='bbox 794 3646 920 3721; x_wconf 84' lang='lat' dir='ltr'><strong>speculo,</strong></span> <span class='ocrx_word' id='word_1_465' title='bbox 976 3638 1125 3695; x_wconf 88' lang='lat' dir='ltr'><strong>dimittent.</strong></span> <span class='ocrx_word' id='word_1_466' title='bbox 1144 3636 1177 3692; x_wconf 82' lang='lat' dir='ltr'><strong>ttr</strong></span> <span class='ocrx_word' id='word_1_467' title='bbox 1191 3636 1244 3692; x_wconf 91' lang='lat' dir='ltr'><strong>hcc</strong></span> <span class='ocrx_word' id='word_1_468' title='bbox 1259 3641 1345 3690; x_wconf 92' lang='lat' dir='ltr'><strong>totum</strong></span> <span class='ocrx_word' id='word_1_469' title='bbox 1360 3632 1423 3689; x_wconf 91' lang='lat' dir='ltr'><strong>ideo</strong></span> <span class='ocrx_word' id='word_1_470' title='bbox 1438 3630 1571 3702; x_wconf 89' lang='lat' dir='ltr'><strong>contingit</strong></span> <span class='ocrx_word' id='word_1_471' title='bbox 1591 3629 1654 3703; x_wconf 90' lang='lat' dir='ltr'><strong>quic</strong></span> <span class='ocrx_word' id='word_1_472' title='bbox 1669 3632 1776 3702; x_wconf 90' lang='lat' dir='ltr'><strong>tempus</strong></span> 
     </span>
     <span class='ocr_line' id='line_1_36' title="bbox 119 3718 1777 3814; baseline -0.014 -16"><span class='ocrx_word' id='word_1_473' title='bbox 119 3740 386 3814; x_wconf 63' lang='lat' dir='ltr'><strong>evacuataque</strong></span> <span class='ocrx_word' id='word_1_474' title='bbox 400 3754 496 3814; x_wconf 87' lang='lat' dir='ltr'><strong>regern</strong></span> <span class='ocrx_word' id='word_1_475' title='bbox 511 3738 610 3813; x_wconf 80' lang='lat' dir='ltr'><strong>gloriis</strong></span> <span class='ocrx_word' id='word_1_476' title='bbox 631 3738 660 3792; x_wconf 90' lang='lat' dir='ltr'><strong>in</strong></span> <span class='ocrx_word' id='word_1_477' title='bbox 683 3737 784 3793; x_wconf 84' lang='lat' dir='ltr'><strong>decore</strong></span> <span class='ocrx_word' id='word_1_478' title='bbox 807 3750 857 3792; x_wconf 82' lang='lat' dir='ltr'><strong>suo</strong></span> <span class='ocrx_word' id='word_1_479' title='bbox 879 3742 922 3792; x_wconf 77' lang='lat' dir='ltr'><strong>est</strong></span> <span class='ocrx_word' id='word_1_480' title='bbox 975 3725 1141 3783; x_wconf 80' lang='lat' dir='ltr'><strong>visitationis</strong></span> <span class='ocrx_word' id='word_1_481' title='bbox 1163 3738 1218 3781; x_wconf 82' lang='lat' dir='ltr'><strong>suae</strong></span> <span class='ocrx_word' id='word_1_482' title='bbox 1245 3738 1299 3778; x_wconf 90' lang='lat' dir='ltr'><strong>non</strong></span> <span class='ocrx_word' id='word_1_483' title='bbox 1328 3719 1455 3795; x_wconf 88' lang='lat' dir='ltr'><strong>agnoscit</strong></span> <span class='ocrx_word' id='word_1_484' title='bbox 1481 3720 1562 3791; x_wconf 80' lang='lat' dir='ltr'><strong>(Lac.</strong></span> <span class='ocrx_word' id='word_1_485' title='bbox 1580 3718 1651 3789; x_wconf 80' lang='lat' dir='ltr'><strong>xta).</strong></span> <span class='ocrx_word' id='word_1_486' title='bbox 1677 3718 1777 3775; x_wconf 80' lang='lat' dir='ltr'><strong>Anima</strong></span> 
     </span>
     <span class='ocr_line' id='line_1_37' title="bbox 119 3806 1774 3903; baseline -0.01 -25"><span class='ocrx_word' id='word_1_487' title='bbox 119 3829 304 3903; x_wconf 58' lang='lat' dir='ltr'><strong>specularum.</strong></span> <span class='ocrx_word' id='word_1_488' title='bbox 319 3830 405 3900; x_wconf 63' lang='lat' dir='ltr'><strong>Hujus</strong></span> <span class='ocrx_word' id='word_1_489' title='bbox 421 3828 474 3885; x_wconf 70' lang='lat' dir='ltr'><strong>viae</strong></span> <span class='ocrx_word' id='word_1_490' title='bbox 489 3836 644 3885; x_wconf 57' lang='lat' dir='ltr'><strong>cancrorum</strong></span> <span class='ocrx_word' id='word_1_491' title='bbox 660 3825 725 3882; x_wconf 52' lang='lat' dir='ltr'><strong>vics</strong></span> <span class='ocrx_word' id='word_1_492' title='bbox 738 3832 765 3881; x_wconf 74' lang='lat' dir='ltr'><strong>ec</strong></span> <span class='ocrx_word' id='word_1_493' title='bbox 789 3824 922 3881; x_wconf 59' lang='lat' dir='ltr'><strong>doctrinm</strong></span> <span class='ocrx_word' id='word_1_494' title='bbox 975 3816 1101 3874; x_wconf 87' lang='lat' dir='ltr'><strong>visitatur</strong></span> <span class='ocrx_word' id='word_1_495' title='bbox 1115 3813 1225 3887; x_wconf 89' lang='lat' dir='ltr'><strong>quando</strong></span> <span class='ocrx_word' id='word_1_496' title='bbox 1240 3824 1302 3867; x_wconf 92' lang='lat' dir='ltr'><strong>cum</strong></span> <span class='ocrx_word' id='word_1_497' title='bbox 1316 3808 1473 3865; x_wconf 85' lang='lat' dir='ltr'><strong>hominibus</strong></span> <span class='ocrx_word' id='word_1_498' title='bbox 1494 3822 1509 3862; x_wconf 91' lang='lat' dir='ltr'><strong>a</strong></span> <span class='ocrx_word' id='word_1_499' title='bbox 1530 3808 1589 3863; x_wconf 85' lang='lat' dir='ltr'><strong>Dec</strong></span> <span class='ocrx_word' id='word_1_500' title='bbox 1604 3806 1774 3879; x_wconf 60' lang='lat' dir='ltr'><strong>flagellatum</strong></span> 
     </span>
     <span class='ocr_line' id='line_1_38' title="bbox 121 3894 1776 3992; baseline -0.01 -25"><span class='ocrx_word' id='word_1_501' title='bbox 121 3917 305 3991; x_wconf 64' lang='lat' dir='ltr'><strong>accipiuntur,</strong></span> <span class='ocrx_word' id='word_1_502' title='bbox 321 3934 370 3992; x_wconf 75' lang='lat' dir='ltr'><strong>per</strong></span> <span class='ocrx_word' id='word_1_503' title='bbox 394 3933 464 3991; x_wconf 73' lang='lat' dir='ltr'><strong>quos</strong></span> <span class='ocrx_word' id='word_1_504' title='bbox 490 3915 586 3973; x_wconf 73' lang='lat' dir='ltr'><strong>fideles</strong></span> <span class='ocrx_word' id='word_1_505' title='bbox 611 3916 645 3971; x_wconf 81' lang='lat' dir='ltr'><strong>ad</strong></span> <span class='ocrx_word' id='word_1_506' title='bbox 673 3914 774 3973; x_wconf 77' lang='lat' dir='ltr'><strong>moenig</strong></span> <span class='ocrx_word' id='word_1_507' title='bbox 802 3914 922 3971; x_wconf 78' lang='lat' dir='ltr'><strong>qoelestig</strong></span> <span class='ocrx_word' id='word_1_508' title='bbox 976 3906 1025 3962; x_wconf 82' lang='lat' dir='ltr'><strong>sed</strong></span> <span class='ocrx_word' id='word_1_509' title='bbox 1039 3903 1098 3977; x_wconf 75' lang='lat' dir='ltr'><strong>ipah</strong></span> <span class='ocrx_word' id='word_1_510' title='bbox 1113 3900 1294 3960; x_wconf 69' lang='lat' dir='ltr'><strong>visitationem</strong></span> <span class='ocrx_word' id='word_1_511' title='bbox 1310 3914 1364 3955; x_wconf 82' lang='lat' dir='ltr'><strong>tlon</strong></span> <span class='ocrx_word' id='word_1_512' title='bbox 1378 3896 1506 3971; x_wconf 73' lang='lat' dir='ltr'><strong>agnoscit</strong></span> <span class='ocrx_word' id='word_1_513' title='bbox 1521 3896 1590 3968; x_wconf 71' lang='lat' dir='ltr'><strong>quia</strong></span> <span class='ocrx_word' id='word_1_514' title='bbox 1603 3894 1776 3967; x_wconf 70' lang='lat' dir='ltr'><strong>disciplinam</strong></span> 
     </span>
     <span class='ocr_line' id='line_1_39' title="bbox 119 3982 1776 4079; baseline -0.016 -16"><span class='ocrx_word' id='word_1_515' title='bbox 119 4006 197 4063; x_wconf 85' lang='lat' dir='ltr'><strong>urhis</strong></span> <span class='ocrx_word' id='word_1_516' title='bbox 212 4008 407 4079; x_wconf 89' lang='lat' dir='ltr'><strong>perducunter.</strong></span> <span class='ocrx_word' id='word_1_517' title='bbox 420 4006 485 4062; x_wconf 82' lang='lat' dir='ltr'><strong>Here</strong></span> <span class='ocrx_word' id='word_1_518' title='bbox 495 4006 549 4062; x_wconf 78' lang='lat' dir='ltr'><strong>vie</strong></span> <span class='ocrx_word' id='word_1_519' title='bbox 558 4004 654 4078; x_wconf 88' lang='lat' dir='ltr'><strong>lugent</strong></span> <span class='ocrx_word' id='word_1_520' title='bbox 667 4020 772 4077; x_wconf 91' lang='lat' dir='ltr'><strong>paucos</strong></span> <span class='ocrx_word' id='word_1_521' title='bbox 781 4003 877 4060; x_wconf 87' lang='lat' dir='ltr'><strong>venire</strong></span> <span class='ocrx_word' id='word_1_522' title='bbox 887 4002 922 4061; x_wconf 89' lang='lat' dir='ltr'><strong>ad</strong></span> <span class='ocrx_word' id='word_1_523' title='bbox 976 3993 1102 4067; x_wconf 86' lang='lat' dir='ltr'><strong>recipere</strong></span> <span class='ocrx_word' id='word_1_524' title='bbox 1120 3990 1241 4047; x_wconf 91' lang='lat' dir='ltr'><strong>rennuit.</strong></span> <span class='ocrx_word' id='word_1_525' title='bbox 1258 3987 1390 4044; x_wconf 87' lang='lat' dir='ltr'><strong>Dominus</strong></span> <span class='ocrx_word' id='word_1_526' title='bbox 1417 3993 1507 4041; x_wconf 84' lang='lat' dir='ltr'><strong>autem</strong></span> <span class='ocrx_word' id='word_1_527' title='bbox 1533 3984 1568 4041; x_wconf 90' lang='lat' dir='ltr'><strong>de</strong></span> <span class='ocrx_word' id='word_1_528' title='bbox 1596 3982 1697 4055; x_wconf 86' lang='lat' dir='ltr'><strong>templo</strong></span> <span class='ocrx_word' id='word_1_529' title='bbox 1725 3998 1776 4039; x_wconf 90' lang='lat' dir='ltr'><strong>suo</strong></span> 
     </span>
     <span class='ocr_line' id='line_1_40' title="bbox 120 4071 1775 4164; baseline -0.013 -15"><span class='ocrx_word' id='word_1_530' title='bbox 120 4091 342 4159; x_wconf 88' lang='lat' dir='ltr'><strong>sollemnitatem,</strong></span> <span class='ocrx_word' id='word_1_531' title='bbox 358 4090 421 4164; x_wconf 89' lang='lat' dir='ltr'><strong>quia</strong></span> <span class='ocrx_word' id='word_1_532' title='bbox 433 4090 500 4163; x_wconf 82' lang='lat' dir='ltr'><strong>justi</strong></span> <span class='ocrx_word' id='word_1_533' title='bbox 514 4090 634 4163; x_wconf 88' lang='lat' dir='ltr'><strong>graviter</strong></span> <span class='ocrx_word' id='word_1_534' title='bbox 648 4090 749 4147; x_wconf 84' lang='lat' dir='ltr'><strong>deflent</strong></span> <span class='ocrx_word' id='word_1_535' title='bbox 770 4104 847 4146; x_wconf 90' lang='lat' dir='ltr'><strong>raros</strong></span> <span class='ocrx_word' id='word_1_536' title='bbox 862 4088 921 4145; x_wconf 88' lang='lat' dir='ltr'><strong>ire·</strong></span> <span class='ocrx_word' id='word_1_537' title='bbox 975 4083 1128 4142; x_wconf 88' lang='lat' dir='ltr'><strong>vendentes</strong></span> <span class='ocrx_word' id='word_1_538' title='bbox 1156 4088 1182 4139; x_wconf 92' lang='lat' dir='ltr'><strong>et</strong></span> <span class='ocrx_word' id='word_1_539' title='bbox 1205 4085 1329 4136; x_wconf 87' lang='lat' dir='ltr'><strong>ementes</strong></span> <span class='ocrx_word' id='word_1_540' title='bbox 1352 4075 1432 4143; x_wconf 87' lang='lat' dir='ltr'><strong>eicit,</strong></span> <span class='ocrx_word' id='word_1_541' title='bbox 1468 4074 1534 4148; x_wconf 90' lang='lat' dir='ltr'><strong>quia</strong></span> <span class='ocrx_word' id='word_1_542' title='bbox 1565 4072 1661 4145; x_wconf 87' lang='lat' dir='ltr'><strong>culpas</strong></span> <span class='ocrx_word' id='word_1_543' title='bbox 1684 4071 1775 4129; x_wconf 90' lang='lat' dir='ltr'><strong>horni-</strong></span> 
     </span>
     <span class='ocr_line' id='line_1_41' title="bbox 118 4158 1776 4248; baseline -0.008 -17"><span class='ocrx_word' id='word_1_544' title='bbox 118 4185 251 4248; x_wconf 88' lang='lat' dir='ltr'><strong>qnentare</strong></span> <span class='ocrx_word' id='word_1_545' title='bbox 275 4174 411 4234; x_wconf 88' lang='lat' dir='ltr'><strong>Dominici</strong></span> <span class='ocrx_word' id='word_1_546' title='bbox 435 4174 600 4233; x_wconf 87' lang='lat' dir='ltr'><strong>sacramenti</strong></span> <span class='ocrx_word' id='word_1_547' title='bbox 623 4173 826 4231; x_wconf 83' lang='lat' dir='ltr'><strong>celebritatem.</strong></span> <span class='ocrx_word' id='word_1_548' title='bbox 849 4172 920 4229; x_wconf 89' lang='lat' dir='ltr'><strong>Nam</strong></span> <span class='ocrx_word' id='word_1_549' title='bbox 974 4188 1025 4229; x_wconf 85' lang='lat' dir='ltr'><strong>nes</strong></span> <span class='ocrx_word' id='word_1_550' title='bbox 1047 4170 1158 4228; x_wconf 92' lang='lat' dir='ltr'><strong>diabolo</strong></span> <span class='ocrx_word' id='word_1_551' title='bbox 1182 4168 1335 4225; x_wconf 88' lang='lat' dir='ltr'><strong>vendentes</strong></span> <span class='ocrx_word' id='word_1_552' title='bbox 1357 4173 1384 4222; x_wconf 92' lang='lat' dir='ltr'><strong>et</strong></span> <span class='ocrx_word' id='word_1_553' title='bbox 1409 4179 1506 4237; x_wconf 85' lang='lat' dir='ltr'><strong>poenas</strong></span> <span class='ocrx_word' id='word_1_554' title='bbox 1533 4170 1657 4220; x_wconf 79' lang='lat' dir='ltr'><strong>ementes</strong></span> <span class='ocrx_word' id='word_1_555' title='bbox 1675 4158 1776 4234; x_wconf 86' lang='lat' dir='ltr'><strong>dagal-</strong></span> 
     </span>
     <span class='ocr_line' id='line_1_42' title="bbox 119 4250 1776 4339; baseline -0.009 -18"><span class='ocrx_word' id='word_1_556' title='bbox 119 4266 167 4339; x_wconf 94' lang='lat' dir='ltr'><strong>qui</strong></span> <span class='ocrx_word' id='word_1_557' title='bbox 180 4280 212 4323; x_wconf 88' lang='lat' dir='ltr'><strong>sc</strong></span> <span class='ocrx_word' id='word_1_558' title='bbox 225 4264 271 4322; x_wconf 93' lang='lat' dir='ltr'><strong>hic</strong></span> <span class='ocrx_word' id='word_1_559' title='bbox 284 4264 384 4323; x_wconf 87' lang='lat' dir='ltr'><strong>alienat</strong></span> <span class='ocrx_word' id='word_1_560' title='bbox 397 4264 432 4321; x_wconf 85' lang='lat' dir='ltr'><strong>ah</strong></span> <span class='ocrx_word' id='word_1_561' title='bbox 447 4264 580 4323; x_wconf 75' lang='lat' dir='ltr'><strong>Ecclesia</strong></span> <span class='ocrx_word' id='word_1_562' title='bbox 609 4262 768 4331; x_wconf 73' lang='lat' dir='ltr'><strong>festivitate,</strong></span> <span class='ocrx_word' id='word_1_563' title='bbox 784 4263 879 4335; x_wconf 87' lang='lat' dir='ltr'><strong>utique</strong></span> <span class='ocrx_word' id='word_1_564' title='bbox 893 4262 922 4317; x_wconf 92' lang='lat' dir='ltr'><strong>in</strong></span> <span class='ocrx_word' id='word_1_565' title='bbox 975 4261 1003 4318; x_wconf 93' lang='lat' dir='ltr'><strong>lo</strong></span> <span class='ocrx_word' id='word_1_566' title='bbox 1018 4260 1215 4335; x_wconf 73' lang='lat' dir='ltr'><strong>proeuitentiaea</strong></span> <span class='ocrx_word' id='word_1_567' title='bbox 1238 4253 1381 4314; x_wconf 87' lang='lat' dir='ltr'><strong>conversis</strong></span> <span class='ocrx_word' id='word_1_568' title='bbox 1410 4252 1530 4325; x_wconf 84' lang='lat' dir='ltr'><strong>expellit.</strong></span> <span class='ocrx_word' id='word_1_569' title='bbox 1559 4252 1617 4309; x_wconf 84' lang='lat' dir='ltr'><strong>Hoc</strong></span> <span class='ocrx_word' id='word_1_570' title='bbox 1645 4250 1776 4325; x_wconf 76' lang='lat' dir='ltr'><strong>prefigu-</strong></span> 
     </span>
     <span class='ocr_line' id='line_1_43' title="bbox 124 4340 1777 4427; baseline -0.009 -16"><span class='ocrx_word' id='word_1_571' title='bbox 124 4354 220 4413; x_wconf 85' lang='lat' dir='ltr'><strong>intnru</strong></span> <span class='ocrx_word' id='word_1_572' title='bbox 235 4355 413 4412; x_wconf 79' lang='lat' dir='ltr'><strong>excludantur</strong></span> <span class='ocrx_word' id='word_1_573' title='bbox 426 4354 488 4427; x_wconf 83' lang='lat' dir='ltr'><strong>(ric)</strong></span> <span class='ocrx_word' id='word_1_574' title='bbox 503 4354 538 4410; x_wconf 83' lang='lat' dir='ltr'><strong>ab</strong></span> <span class='ocrx_word' id='word_1_575' title='bbox 552 4352 712 4427; x_wconf 88' lang='lat' dir='ltr'><strong>augelorum</strong></span> <span class='ocrx_word' id='word_1_576' title='bbox 727 4352 920 4409; x_wconf 83' lang='lat' dir='ltr'><strong>sollemnitate.</strong></span> <span class='ocrx_word' id='word_1_577' title='bbox 975 4351 1045 4407; x_wconf 84' lang='lat' dir='ltr'><strong>ravit</strong></span> <span class='ocrx_word' id='word_1_578' title='bbox 1067 4348 1313 4407; x_wconf 75' lang='lat' dir='ltr'><strong>hierosolimorum</strong></span> <span class='ocrx_word' id='word_1_579' title='bbox 1337 4343 1482 4403; x_wconf 89' lang='lat' dir='ltr'><strong>subversio</strong></span> <span class='ocrx_word' id='word_1_580' title='bbox 1506 4358 1567 4417; x_wconf 74' lang='lat' dir='ltr'><strong>qnae</strong></span> <span class='ocrx_word' id='word_1_581' title='bbox 1590 4340 1705 4415; x_wconf 89' lang='lat' dir='ltr'><strong>contigit</strong></span> <span class='ocrx_word' id='word_1_582' title='bbox 1723 4340 1777 4399; x_wconf 90' lang='lat' dir='ltr'><strong>hcc</strong></span> 
     </span>
     <span class='ocr_line' id='line_1_44' title="bbox 119 4439 1071 4517; baseline -0.007 -15"><span class='ocrx_word' id='word_1_583' title='bbox 119 4444 200 4502; x_wconf 85' lang='lat' dir='ltr'><strong>Unde</strong></span> <span class='ocrx_word' id='word_1_584' title='bbox 213 4442 314 4517; x_wconf 90' lang='lat' dir='ltr'><strong>legitur</strong></span> <span class='ocrx_word' id='word_1_585' title='bbox 327 4443 410 4500; x_wconf 91' lang='lat' dir='ltr'><strong>hodie</strong></span> <span class='ocrx_word' id='word_1_586' title='bbox 425 4443 498 4515; x_wconf 86' lang='lat' dir='ltr'><strong>quud</strong></span> <span class='ocrx_word' id='word_1_587' title='bbox 512 4442 647 4499; x_wconf 85' lang='lat' dir='ltr'><strong>Dominus</strong></span> <span class='ocrx_word' id='word_1_588' title='bbox 660 4442 757 4497; x_wconf 89' lang='lat' dir='ltr'><strong>videns</strong></span> <span class='ocrx_word' id='word_1_589' title='bbox 780 4441 919 4498; x_wconf 88' lang='lat' dir='ltr'><strong>civitatem</strong></span> <span class='ocrx_word' id='word_1_590' title='bbox 973 4439 1071 4495; x_wconf 92' lang='lat' dir='ltr'><strong>modo.</strong></span> 
     </span>
     <span class='ocr_line' id='line_1_45' title="bbox 120 4519 1778 4605; baseline -0.008 -16"><span class='ocrx_word' id='word_1_591' title='bbox 120 4532 306 4599; x_wconf 82' lang='lat' dir='ltr'><strong>Hierusalem,</strong></span> <span class='ocrx_word' id='word_1_592' title='bbox 320 4531 395 4589; x_wconf 83' lang='lat' dir='ltr'><strong>flevit</strong></span> <span class='ocrx_word' id='word_1_593' title='bbox 409 4546 524 4605; x_wconf 89' lang='lat' dir='ltr'><strong>eamque</strong></span> <span class='ocrx_word' id='word_1_594' title='bbox 540 4530 575 4587; x_wconf 86' lang='lat' dir='ltr'><strong>ab</strong></span> <span class='ocrx_word' id='word_1_595' title='bbox 590 4528 715 4585; x_wconf 85' lang='lat' dir='ltr'><strong>hostibus</strong></span> <span class='ocrx_word' id='word_1_596' title='bbox 729 4528 918 4596; x_wconf 89' lang='lat' dir='ltr'><strong>obsidendam,</strong></span> <span class='ocrx_word' id='word_1_597' title='bbox 1010 4526 1179 4585; x_wconf 86' lang='lat' dir='ltr'><strong>Hierusalem</strong></span> <span class='ocrx_word' id='word_1_598' title='bbox 1191 4523 1311 4582; x_wconf 86' lang='lat' dir='ltr'><strong>visitatio</strong></span> <span class='ocrx_word' id='word_1_599' title='bbox 1328 4530 1387 4580; x_wconf 88' lang='lat' dir='ltr'><strong>erat</strong></span> <span class='ocrx_word' id='word_1_600' title='bbox 1401 4521 1502 4580; x_wconf 84' lang='lat' dir='ltr'><strong>Christi</strong></span> <span class='ocrx_word' id='word_1_601' title='bbox 1520 4519 1687 4579; x_wconf 87' lang='lat' dir='ltr'><strong>incarnatio.</strong></span> <span class='ocrx_word' id='word_1_602' title='bbox 1698 4520 1778 4577; x_wconf 81' lang='lat' dir='ltr'><strong>Hanc</strong></span> 
     </span>
     <span class='ocr_line' id='line_1_46' title="bbox 123 4610 1777 4691; baseline -0.008 -13"><span class='ocrx_word' id='word_1_603' title='bbox 123 4618 395 4688; x_wconf 69' lang='lat' dir='ltr'><strong>circumfodiendam,</strong></span> <span class='ocrx_word' id='word_1_604' title='bbox 410 4634 473 4678; x_wconf 92' lang='lat' dir='ltr'><strong>cum</strong></span> <span class='ocrx_word' id='word_1_605' title='bbox 483 4618 609 4676; x_wconf 85' lang='lat' dir='ltr'><strong>omnibus</strong></span> <span class='ocrx_word' id='word_1_606' title='bbox 623 4618 686 4673; x_wconf 90' lang='lat' dir='ltr'><strong>liliis</strong></span> <span class='ocrx_word' id='word_1_607' title='bbox 700 4619 761 4673; x_wconf 87' lang='lat' dir='ltr'><strong>suis</strong></span> <span class='ocrx_word' id='word_1_608' title='bbox 774 4618 920 4674; x_wconf 89' lang='lat' dir='ltr'><strong>destmen·</strong></span> <span class='ocrx_word' id='word_1_609' title='bbox 975 4617 1076 4691; x_wconf 88' lang='lat' dir='ltr'><strong>quippe</strong></span> <span class='ocrx_word' id='word_1_610' title='bbox 1091 4615 1192 4672; x_wconf 88' lang='lat' dir='ltr'><strong>Oriens</strong></span> <span class='ocrx_word' id='word_1_611' title='bbox 1207 4630 1239 4670; x_wconf 87' lang='lat' dir='ltr'><strong>er</strong></span> <span class='ocrx_word' id='word_1_612' title='bbox 1254 4613 1310 4669; x_wconf 91' lang='lat' dir='ltr'><strong>alto</strong></span> <span class='ocrx_word' id='word_1_613' title='bbox 1325 4612 1447 4669; x_wconf 89' lang='lat' dir='ltr'><strong>visitavit</strong></span> <span class='ocrx_word' id='word_1_614' title='bbox 1466 4613 1530 4667; x_wconf 91' lang='lat' dir='ltr'><strong>dum</strong></span> <span class='ocrx_word' id='word_1_615' title='bbox 1544 4610 1572 4666; x_wconf 89' lang='lat' dir='ltr'><strong>in</strong></span> <span class='ocrx_word' id='word_1_616' title='bbox 1597 4610 1689 4666; x_wconf 89' lang='lat' dir='ltr'><strong>medic</strong></span> <span class='ocrx_word' id='word_1_617' title='bbox 1718 4611 1777 4679; x_wconf 85' lang='lat' dir='ltr'><strong>ejus</strong></span> 
     </span>
     <span class='ocr_line' id='line_1_47' title="bbox 121 4694 1778 4783; baseline -0.008 -17"><span class='ocrx_word' id='word_1_618' title='bbox 121 4711 185 4766; x_wconf 91' lang='lat' dir='ltr'><strong>dam</strong></span> <span class='ocrx_word' id='word_1_619' title='bbox 200 4709 335 4783; x_wconf 72' lang='lat' dir='ltr'><strong>pmdisit.</strong></span> <span class='ocrx_word' id='word_1_620' title='bbox 352 4709 453 4767; x_wconf 83' lang='lat' dir='ltr'><strong>Civitas</strong></span> <span class='ocrx_word' id='word_1_621' title='bbox 474 4710 543 4778; x_wconf 78' lang='lat' dir='ltr'><strong>haec,</strong></span> <span class='ocrx_word' id='word_1_622' title='bbox 564 4723 648 4779; x_wconf 88' lang='lat' dir='ltr'><strong>super</strong></span> <span class='ocrx_word' id='word_1_623' title='bbox 672 4722 755 4781; x_wconf 91' lang='lat' dir='ltr'><strong>qnam</strong></span> <span class='ocrx_word' id='word_1_624' title='bbox 773 4706 919 4775; x_wconf 85' lang='lat' dir='ltr'><strong>Decedet,</strong></span> <span class='ocrx_word' id='word_1_625' title='bbox 975 4720 1095 4781; x_wconf 91' lang='lat' dir='ltr'><strong>regnum</strong></span> <span class='ocrx_word' id='word_1_626' title='bbox 1113 4702 1247 4761; x_wconf 87' lang='lat' dir='ltr'><strong>coelcrum</strong></span> <span class='ocrx_word' id='word_1_627' title='bbox 1270 4700 1438 4774; x_wconf 70' lang='lat' dir='ltr'><strong>predicavit,</strong></span> <span class='ocrx_word' id='word_1_628' title='bbox 1467 4700 1554 4773; x_wconf 87' lang='lat' dir='ltr'><strong>signis</strong></span> <span class='ocrx_word' id='word_1_629' title='bbox 1584 4704 1612 4754; x_wconf 89' lang='lat' dir='ltr'><strong>et</strong></span> <span class='ocrx_word' id='word_1_630' title='bbox 1637 4694 1778 4754; x_wconf 88' lang='lat' dir='ltr'><strong>miraculis</strong></span> 
     </span>
     <span class='ocr_line' id='line_1_48' title="bbox 123 4786 1778 4872; baseline -0.01 -16"><span class='ocrx_word' id='word_1_631' title='bbox 123 4802 167 4856; x_wconf 89' lang='lat' dir='ltr'><strong>est</strong></span> <span class='ocrx_word' id='word_1_632' title='bbox 179 4799 309 4872; x_wconf 76' lang='lat' dir='ltr'><strong>qualibet</strong></span> <span class='ocrx_word' id='word_1_633' title='bbox 321 4798 414 4855; x_wconf 80' lang='lat' dir='ltr'><strong>anima</strong></span> <span class='ocrx_word' id='word_1_634' title='bbox 429 4814 490 4870; x_wconf 84' lang='lat' dir='ltr'><strong>quae</strong></span> <span class='ocrx_word' id='word_1_635' title='bbox 503 4812 562 4854; x_wconf 90' lang='lat' dir='ltr'><strong>non</strong></span> <span class='ocrx_word' id='word_1_636' title='bbox 584 4796 692 4869; x_wconf 86' lang='lat' dir='ltr'><strong>plangit</strong></span> <span class='ocrx_word' id='word_1_637' title='bbox 715 4810 765 4851; x_wconf 91' lang='lat' dir='ltr'><strong>sua</strong></span> <span class='ocrx_word' id='word_1_638' title='bbox 788 4794 919 4866; x_wconf 89' lang='lat' dir='ltr'><strong>crimina;</strong></span> <span class='ocrx_word' id='word_1_639' title='bbox 974 4792 1140 4864; x_wconf 87' lang='lat' dir='ltr'><strong>illustravit;</strong></span> <span class='ocrx_word' id='word_1_640' title='bbox 1157 4792 1207 4849; x_wconf 89' lang='lat' dir='ltr'><strong>sed</strong></span> <span class='ocrx_word' id='word_1_641' title='bbox 1222 4791 1281 4863; x_wconf 88' lang='lat' dir='ltr'><strong>ipsa</strong></span> <span class='ocrx_word' id='word_1_642' title='bbox 1295 4798 1403 4861; x_wconf 87' lang='lat' dir='ltr'><strong>tempus</strong></span> <span class='ocrx_word' id='word_1_643' title='bbox 1418 4804 1475 4845; x_wconf 85' lang='lat' dir='ltr'><strong>suae</strong></span> <span class='ocrx_word' id='word_1_644' title='bbox 1489 4786 1652 4844; x_wconf 87' lang='lat' dir='ltr'><strong>visitationis</strong></span> <span class='ocrx_word' id='word_1_645' title='bbox 1666 4799 1722 4841; x_wconf 87' lang='lat' dir='ltr'><strong>non</strong></span> <span class='ocrx_word' id='word_1_646' title='bbox 1732 4796 1778 4841; x_wconf 89' lang='lat' dir='ltr'><strong>co-</strong></span> 
     </span>
     <span class='ocr_line' id='line_1_49' title="bbox 122 4873 1778 4955; baseline -0.008 -18"><span class='ocrx_word' id='word_1_647' title='bbox 122 4895 206 4953; x_wconf 91' lang='lat' dir='ltr'><strong>quam</strong></span> <span class='ocrx_word' id='word_1_648' title='bbox 220 4881 254 4953; x_wconf 76' lang='lat'><strong>(1⁰</strong></span> <span class='ocrx_word' id='word_1_649' title='bbox 267 4882 320 4939; x_wconf 66' lang='lat'><strong>296</strong></span> <span class='ocrx_word' id='word_1_650' title='bbox 333 4882 374 4951; x_wconf 62' lang='grc' dir='ltr'><strong>νο)</strong></span> <span class='ocrx_word' id='word_1_651' title='bbox 388 4880 492 4937; x_wconf 90' lang='lat' dir='ltr'><strong>inimici</strong></span> <span class='ocrx_word' id='word_1_652' title='bbox 507 4878 715 4936; x_wconf 87' lang='lat' dir='ltr'><strong>circumdabunt</strong></span> <span class='ocrx_word' id='word_1_653' title='bbox 735 4876 800 4933; x_wconf 91' lang='lat' dir='ltr'><strong>dum</strong></span> <span class='ocrx_word' id='word_1_654' title='bbox 827 4874 920 4932; x_wconf 90' lang='lat' dir='ltr'><strong>immi·</strong></span> <span class='ocrx_word' id='word_1_655' title='bbox 977 4880 1070 4955; x_wconf 62' lang='grc' dir='ltr'><strong>μονὴ</strong></span> <span class='ocrx_word' id='word_1_656' title='bbox 1083 4880 1149 4936; x_wconf 83' lang='lat' dir='ltr'><strong>dum</strong></span> <span class='ocrx_word' id='word_1_657' title='bbox 1162 4882 1234 4937; x_wconf 72' lang='lat' dir='ltr'><strong>hunc</strong></span> <span class='ocrx_word' id='word_1_658' title='bbox 1259 4894 1276 4935; x_wconf 78' lang='lat' dir='ltr'><strong>a</strong></span> <span class='ocrx_word' id='word_1_659' title='bbox 1302 4879 1365 4950; x_wconf 78' lang='lat' dir='ltr'><strong>lege</strong></span> <span class='ocrx_word' id='word_1_660' title='bbox 1390 4885 1416 4933; x_wconf 78' lang='lat' dir='ltr'><strong>et</strong></span> <span class='ocrx_word' id='word_1_661' title='bbox 1444 4874 1585 4949; x_wconf 81' lang='lat' dir='ltr'><strong>prophetis</strong></span> <span class='ocrx_word' id='word_1_662' title='bbox 1613 4873 1778 4946; x_wconf 85' lang='lat' dir='ltr'><strong>promissum</strong></span> 
     </span>
    </p>
   </div>
   <div class='ocr_carea' id='block_1_9' title="bbox 123 4960 1777 5755">
    <p class='ocr_par' dir='ltr' id='par_1_9' title="bbox 123 4960 1777 5755">
     <span class='ocr_line' id='line_1_50' title="bbox 123 4960 1777 5037; baseline -0.006 -11"><span class='ocrx_word' id='word_1_663' title='bbox 123 4978 205 5027; x_wconf 90' lang='lat' dir='ltr'><strong>neate</strong></span> <span class='ocrx_word' id='word_1_664' title='bbox 219 4978 309 5027; x_wconf 91' lang='lat' dir='ltr'><strong>morte</strong></span> <span class='ocrx_word' id='word_1_665' title='bbox 323 4976 442 5027; x_wconf 79' lang='lat' dir='ltr'><strong>catervas</strong></span> <span class='ocrx_word' id='word_1_666' title='bbox 455 4969 612 5025; x_wconf 76' lang='lat' dir='ltr'><strong>daemonum</strong></span> <span class='ocrx_word' id='word_1_667' title='bbox 634 4982 696 5024; x_wconf 93' lang='lat' dir='ltr'><strong>eam</strong></span> <span class='ocrx_word' id='word_1_668' title='bbox 717 4965 919 5023; x_wconf 75' lang='lat' dir='ltr'><strong>collabentis</strong></span> <span class='ocrx_word' id='word_1_669' title='bbox 975 4969 1190 5027; x_wconf 88' lang='lat' dir='ltr'><strong>Deumcredere</strong></span> <span class='ocrx_word' id='word_1_670' title='bbox 1205 4966 1424 5037; x_wconf 88' lang='lat' dir='ltr'><strong>uoluitlnsuper</strong></span> <span class='ocrx_word' id='word_1_671' title='bbox 1437 4965 1649 5020; x_wconf 89' lang='lat' dir='ltr'><strong>dumterrenam</strong></span> <span class='ocrx_word' id='word_1_672' title='bbox 1662 4960 1777 5034; x_wconf 86' lang='lat' dir='ltr'><strong>gloriam</strong></span> 
     </span>
     <span class='ocr_line' id='line_1_51' title="bbox 123 5051 1776 5133; baseline -0.005 -17"><span class='ocrx_word' id='word_1_673' title='bbox 123 5058 238 5116; x_wconf 85' lang='lat' dir='ltr'><strong>circuitu</strong></span> <span class='ocrx_word' id='word_1_674' title='bbox 251 5056 353 5115; x_wconf 85' lang='lat' dir='ltr'><strong>vallum</strong></span> <span class='ocrx_word' id='word_1_675' title='bbox 376 5056 481 5115; x_wconf 83' lang='lat' dir='ltr'><strong>iodiunt</strong></span> <span class='ocrx_word' id='word_1_676' title='bbox 508 5058 576 5113; x_wconf 90' lang='lat' dir='ltr'><strong>dum</strong></span> <span class='ocrx_word' id='word_1_677' title='bbox 602 5063 738 5112; x_wconf 88' lang='lat' dir='ltr'><strong>transacta</strong></span> <span class='ocrx_word' id='word_1_678' title='bbox 763 5056 839 5111; x_wconf 90' lang='lat' dir='ltr'><strong>male</strong></span> <span class='ocrx_word' id='word_1_679' title='bbox 862 5062 924 5111; x_wconf 91' lang='lat' dir='ltr'><strong>ante</strong></span> <span class='ocrx_word' id='word_1_680' title='bbox 976 5059 1093 5133; x_wconf 88' lang='lat' dir='ltr'><strong>perdere</strong></span> <span class='ocrx_word' id='word_1_681' title='bbox 1107 5058 1205 5127; x_wconf 78' lang='lat' dir='ltr'><strong>timuit,</strong></span> <span class='ocrx_word' id='word_1_682' title='bbox 1221 5056 1326 5131; x_wconf 84' lang='lat' dir='ltr'><strong>Regem</strong></span> <span class='ocrx_word' id='word_1_683' title='bbox 1341 5054 1438 5127; x_wconf 77' lang='lat' dir='ltr'><strong>gloriae</strong></span> <span class='ocrx_word' id='word_1_684' title='bbox 1453 5051 1585 5111; x_wconf 82' lang='lat' dir='ltr'><strong>crucifixit</strong></span> <span class='ocrx_word' id='word_1_685' title='bbox 1600 5060 1626 5107; x_wconf 90' lang='lat' dir='ltr'><strong>et</strong></span> <span class='ocrx_word' id='word_1_686' title='bbox 1641 5051 1702 5107; x_wconf 90' lang='lat' dir='ltr'><strong>ideo</strong></span> <span class='ocrx_word' id='word_1_687' title='bbox 1717 5064 1776 5107; x_wconf 88' lang='lat' dir='ltr'><strong>coe-</strong></span> 
     </span>
     <span class='ocr_line' id='line_1_52' title="bbox 124 5140 1775 5220; baseline -0.007 -15"><span class='ocrx_word' id='word_1_688' title='bbox 124 5146 219 5205; x_wconf 91' lang='lat' dir='ltr'><strong>oculos</strong></span> <span class='ocrx_word' id='word_1_689' title='bbox 232 5147 291 5218; x_wconf 86' lang='lat' dir='ltr'><strong>ejus</strong></span> <span class='ocrx_word' id='word_1_690' title='bbox 314 5147 445 5203; x_wconf 90' lang='lat' dir='ltr'><strong>ducentes</strong></span> <span class='ocrx_word' id='word_1_691' title='bbox 464 5161 525 5203; x_wconf 86' lang='lat' dir='ltr'><strong>eam</strong></span> <span class='ocrx_word' id='word_1_692' title='bbox 549 5146 578 5200; x_wconf 91' lang='lat' dir='ltr'><strong>in</strong></span> <span class='ocrx_word' id='word_1_693' title='bbox 599 5145 707 5202; x_wconf 83' lang='lat' dir='ltr'><strong>iuream</strong></span> <span class='ocrx_word' id='word_1_694' title='bbox 725 5143 925 5218; x_wconf 90' lang='lat' dir='ltr'><strong>desperationis</strong></span> <span class='ocrx_word' id='word_1_695' title='bbox 978 5146 1077 5204; x_wconf 89' lang='lat' dir='ltr'><strong>lestem</strong></span> <span class='ocrx_word' id='word_1_696' title='bbox 1091 5146 1209 5220; x_wconf 88' lang='lat' dir='ltr'><strong>gloriam</strong></span> <span class='ocrx_word' id='word_1_697' title='bbox 1224 5146 1324 5202; x_wconf 84' lang='lat' dir='ltr'><strong>amisit.</strong></span> <span class='ocrx_word' id='word_1_698' title='bbox 1341 5144 1403 5217; x_wconf 90' lang='lat' dir='ltr'><strong>lpse</strong></span> <span class='ocrx_word' id='word_1_699' title='bbox 1424 5151 1515 5200; x_wconf 86' lang='lat' dir='ltr'><strong>eutem</strong></span> <span class='ocrx_word' id='word_1_700' title='bbox 1536 5140 1597 5197; x_wconf 87' lang='lat' dir='ltr'><strong>alas</strong></span> <span class='ocrx_word' id='word_1_701' title='bbox 1621 5140 1709 5197; x_wconf 89' lang='lat' dir='ltr'><strong>crucis</strong></span> <span class='ocrx_word' id='word_1_702' title='bbox 1722 5155 1775 5195; x_wconf 86' lang='lat' dir='ltr'><strong>ex·</strong></span> 
     </span>
     <span class='ocr_line' id='line_1_53' title="bbox 124 5226 1776 5310; baseline -0.005 -19"><span class='ocrx_word' id='word_1_703' title='bbox 124 5235 237 5294; x_wconf 88' lang='lat' dir='ltr'><strong>ducunt.</strong></span> <span class='ocrx_word' id='word_1_704' title='bbox 250 5233 380 5309; x_wconf 88' lang='lat' dir='ltr'><strong>Undique</strong></span> <span class='ocrx_word' id='word_1_705' title='bbox 393 5233 614 5308; x_wconf 86' lang='lat' dir='ltr'><strong>coangustabunt</strong></span> <span class='ocrx_word' id='word_1_706' title='bbox 627 5235 693 5289; x_wconf 88' lang='lat' dir='ltr'><strong>dum</strong></span> <span class='ocrx_word' id='word_1_707' title='bbox 707 5233 833 5290; x_wconf 89' lang='lat' dir='ltr'><strong>horribili</strong></span> <span class='ocrx_word' id='word_1_708' title='bbox 845 5232 924 5290; x_wconf 82' lang='lat' dir='ltr'><strong>vultu</strong></span> <span class='ocrx_word' id='word_1_709' title='bbox 976 5236 1071 5310; x_wconf 87' lang='lat' dir='ltr'><strong>pandit</strong></span> <span class='ocrx_word' id='word_1_710' title='bbox 1085 5244 1166 5309; x_wconf 90' lang='lat' dir='ltr'><strong>atque</strong></span> <span class='ocrx_word' id='word_1_711' title='bbox 1181 5252 1228 5291; x_wconf 89' lang='lat' dir='ltr'><strong>cas</strong></span> <span class='ocrx_word' id='word_1_712' title='bbox 1241 5232 1325 5310; x_wconf 89' lang='lat' dir='ltr'><strong>[eam]</strong></span> <span class='ocrx_word' id='word_1_713' title='bbox 1340 5232 1391 5289; x_wconf 90' lang='lat' dir='ltr'><strong>suh</strong></span> <span class='ocrx_word' id='word_1_714' title='bbox 1414 5232 1513 5289; x_wconf 91' lang='lat' dir='ltr'><strong>umbra</strong></span> <span class='ocrx_word' id='word_1_715' title='bbox 1536 5230 1642 5287; x_wconf 85' lang='lat' dir='ltr'><strong>olerum</strong></span> <span class='ocrx_word' id='word_1_716' title='bbox 1666 5226 1776 5284; x_wconf 82' lang='lat' dir='ltr'><strong>miseri·</strong></span> 
     </span>
     <span class='ocr_line' id='line_1_54' title="bbox 125 5316 1776 5399; baseline -0.007 -17"><span class='ocrx_word' id='word_1_717' title='bbox 125 5333 152 5382; x_wconf 90' lang='lat' dir='ltr'><strong>et</strong></span> <span class='ocrx_word' id='word_1_718' title='bbox 165 5332 249 5399; x_wconf 87' lang='lat' dir='ltr'><strong>gestu</strong></span> <span class='ocrx_word' id='word_1_719' title='bbox 259 5340 320 5381; x_wconf 88' lang='lat' dir='ltr'><strong>eam</strong></span> <span class='ocrx_word' id='word_1_720' title='bbox 334 5324 410 5381; x_wconf 84' lang='lat' dir='ltr'><strong>exire</strong></span> <span class='ocrx_word' id='word_1_721' title='bbox 422 5324 459 5380; x_wconf 89' lang='lat' dir='ltr'><strong>ed</strong></span> <span class='ocrx_word' id='word_1_722' title='bbox 468 5338 565 5397; x_wconf 89' lang='lat' dir='ltr'><strong>poenas</strong></span> <span class='ocrx_word' id='word_1_723' title='bbox 574 5321 753 5394; x_wconf 86' lang='lat' dir='ltr'><strong>compellunt.</strong></span> <span class='ocrx_word' id='word_1_724' title='bbox 768 5322 811 5377; x_wconf 76' lang='lat' dir='ltr'><strong>dd</strong></span> <span class='ocrx_word' id='word_1_725' title='bbox 822 5328 924 5377; x_wconf 88' lang='lat' dir='ltr'><strong>terram</strong></span> <span class='ocrx_word' id='word_1_726' title='bbox 977 5325 1079 5383; x_wconf 82' lang='lat' dir='ltr'><strong>cordiae</strong></span> <span class='ocrx_word' id='word_1_727' title='bbox 1094 5340 1150 5382; x_wconf 73' lang='lat' dir='ltr'><strong>sum</strong></span> <span class='ocrx_word' id='word_1_728' title='bbox 1162 5339 1336 5399; x_wconf 82' lang='lat' dir='ltr'><strong>congregare</strong></span> <span class='ocrx_word' id='word_1_729' title='bbox 1362 5322 1457 5391; x_wconf 84' lang='lat' dir='ltr'><strong>voluit,</strong></span> <span class='ocrx_word' id='word_1_730' title='bbox 1474 5318 1703 5395; x_wconf 86' lang='lat' dir='ltr'><strong>quemadmodum</strong></span> <span class='ocrx_word' id='word_1_731' title='bbox 1717 5316 1776 5391; x_wconf 87' lang='lat' dir='ltr'><strong>gal-</strong></span> 
     </span>
     <span class='ocr_line' id='line_1_55' title="bbox 126 5404 1776 5486; baseline -0.006 -16"><span class='ocrx_word' id='word_1_732' title='bbox 126 5429 189 5470; x_wconf 91' lang='lat' dir='ltr'><strong>eam</strong></span> <span class='ocrx_word' id='word_1_733' title='bbox 212 5420 390 5486; x_wconf 89' lang='lat' dir='ltr'><strong>prosternunt</strong></span> <span class='ocrx_word' id='word_1_734' title='bbox 417 5412 482 5469; x_wconf 88' lang='lat' dir='ltr'><strong>dum</strong></span> <span class='ocrx_word' id='word_1_735' title='bbox 511 5426 612 5483; x_wconf 88' lang='lat' dir='ltr'><strong>corpus</strong></span> <span class='ocrx_word' id='word_1_736' title='bbox 637 5419 726 5467; x_wconf 90' lang='lat' dir='ltr'><strong>morte</strong></span> <span class='ocrx_word' id='word_1_737' title='bbox 749 5409 919 5469; x_wconf 81' lang='lat' dir='ltr'><strong>interimunt.</strong></span> <span class='ocrx_word' id='word_1_738' title='bbox 976 5416 1033 5471; x_wconf 88' lang='lat' dir='ltr'><strong>lina</strong></span> <span class='ocrx_word' id='word_1_739' title='bbox 1048 5412 1138 5486; x_wconf 84' lang='lat' dir='ltr'><strong>pullos</strong></span> <span class='ocrx_word' id='word_1_740' title='bbox 1152 5428 1220 5470; x_wconf 88' lang='lat' dir='ltr'><strong>snos</strong></span> <span class='ocrx_word' id='word_1_741' title='bbox 1243 5412 1295 5469; x_wconf 87' lang='lat' dir='ltr'><strong>sub</strong></span> <span class='ocrx_word' id='word_1_742' title='bbox 1315 5412 1366 5468; x_wconf 88' lang='lat' dir='ltr'><strong>atis</strong></span> <span class='ocrx_word' id='word_1_743' title='bbox 1389 5428 1404 5467; x_wconf 92' lang='lat' dir='ltr'><strong>a</strong></span> <span class='ocrx_word' id='word_1_744' title='bbox 1429 5410 1511 5466; x_wconf 88' lang='lat' dir='ltr'><strong>milvo</strong></span> <span class='ocrx_word' id='word_1_745' title='bbox 1531 5406 1661 5481; x_wconf 87' lang='lat' dir='ltr'><strong>protegit.</strong></span> <span class='ocrx_word' id='word_1_746' title='bbox 1677 5407 1712 5461; x_wconf 80' lang='lat' dir='ltr'><strong>tt</strong></span> <span class='ocrx_word' id='word_1_747' title='bbox 1735 5404 1776 5462; x_wconf 89' lang='lat' dir='ltr'><strong>illi</strong></span> 
     </span>
     <span class='ocr_line' id='line_1_56' title="bbox 126 5494 1773 5574; baseline -0.004 -18"><span class='ocrx_word' id='word_1_748' title='bbox 126 5500 209 5558; x_wconf 78' lang='lat' dir='ltr'><strong>Pilius</strong></span> <span class='ocrx_word' id='word_1_749' title='bbox 223 5502 282 5573; x_wconf 83' lang='lat' dir='ltr'><strong>ejus</strong></span> <span class='ocrx_word' id='word_1_750' title='bbox 298 5500 433 5559; x_wconf 85' lang='lat' dir='ltr'><strong>trucidant</strong></span> <span class='ocrx_word' id='word_1_751' title='bbox 447 5500 512 5556; x_wconf 85' lang='lat' dir='ltr'><strong>dum</strong></span> <span class='ocrx_word' id='word_1_752' title='bbox 525 5513 587 5555; x_wconf 85' lang='lat' dir='ltr'><strong>eam</strong></span> <span class='ocrx_word' id='word_1_753' title='bbox 601 5498 636 5555; x_wconf 92' lang='lat' dir='ltr'><strong>ad</strong></span> <span class='ocrx_word' id='word_1_754' title='bbox 652 5506 755 5555; x_wconf 88' lang='lat' dir='ltr'><strong>tartara</strong></span> <span class='ocrx_word' id='word_1_755' title='bbox 768 5498 923 5571; x_wconf 80' lang='lat' dir='ltr'><strong>perducem·</strong></span> <span class='ocrx_word' id='word_1_756' title='bbox 977 5504 1055 5563; x_wconf 88' lang='lat' dir='ltr'><strong>calce</strong></span> <span class='ocrx_word' id='word_1_757' title='bbox 1069 5502 1216 5561; x_wconf 88' lang='lat' dir='ltr'><strong>Dominum</strong></span> <span class='ocrx_word' id='word_1_758' title='bbox 1231 5502 1414 5574; x_wconf 87' lang='lat' dir='ltr'><strong>projecerunt,</strong></span> <span class='ocrx_word' id='word_1_759' title='bbox 1439 5506 1583 5556; x_wconf 90' lang='lat' dir='ltr'><strong>vocantem</strong></span> <span class='ocrx_word' id='word_1_760' title='bbox 1605 5494 1700 5553; x_wconf 89' lang='lat' dir='ltr'><strong>audire</strong></span> <span class='ocrx_word' id='word_1_761' title='bbox 1720 5510 1773 5552; x_wconf 91' lang='lat' dir='ltr'><strong>nc-</strong></span> 
     </span>
     <span class='ocr_line' id='line_1_57' title="bbox 125 5582 1774 5663; baseline -0.003 -17"><span class='ocrx_word' id='word_1_762' title='bbox 125 5593 170 5648; x_wconf 85' lang='lat' dir='ltr'><strong>tcs</strong></span> <span class='ocrx_word' id='word_1_763' title='bbox 183 5604 235 5663; x_wconf 89' lang='lat' dir='ltr'><strong>pru</strong></span> <span class='ocrx_word' id='word_1_764' title='bbox 248 5590 329 5647; x_wconf 86' lang='lat' dir='ltr'><strong>malis</strong></span> <span class='ocrx_word' id='word_1_765' title='bbox 343 5588 471 5662; x_wconf 88' lang='lat' dir='ltr'><strong>operibns</strong></span> <span class='ocrx_word' id='word_1_766' title='bbox 484 5588 512 5644; x_wconf 93' lang='lat' dir='ltr'><strong>in</strong></span> <span class='ocrx_word' id='word_1_767' title='bbox 535 5586 673 5659; x_wconf 88' lang='lat' dir='ltr'><strong>supplicio</strong></span> <span class='ocrx_word' id='word_1_768' title='bbox 693 5586 824 5645; x_wconf 88' lang='lat' dir='ltr'><strong>cmcinnt.</strong></span> <span class='ocrx_word' id='word_1_769' title='bbox 843 5588 925 5661; x_wconf 82' lang='lat' dir='ltr'><strong>Lapi-</strong></span> <span class='ocrx_word' id='word_1_770' title='bbox 977 5594 1096 5661; x_wconf 86' lang='lat' dir='ltr'><strong>luerunt,</strong></span> <span class='ocrx_word' id='word_1_771' title='bbox 1112 5607 1209 5648; x_wconf 90' lang='lat' dir='ltr'><strong>manus</strong></span> <span class='ocrx_word' id='word_1_772' title='bbox 1221 5600 1283 5663; x_wconf 90' lang='lat' dir='ltr'><strong>post</strong></span> <span class='ocrx_word' id='word_1_773' title='bbox 1298 5606 1346 5647; x_wconf 91' lang='lat' dir='ltr'><strong>eos</strong></span> <span class='ocrx_word' id='word_1_774' title='bbox 1359 5586 1520 5647; x_wconf 84' lang='lat' dir='ltr'><strong>extendenti</strong></span> <span class='ocrx_word' id='word_1_775' title='bbox 1532 5587 1616 5643; x_wconf 89' lang='lat' dir='ltr'><strong>dorsa</strong></span> <span class='ocrx_word' id='word_1_776' title='bbox 1627 5584 1655 5641; x_wconf 90' lang='lat' dir='ltr'><strong>iu</strong></span> <span class='ocrx_word' id='word_1_777' title='bbox 1675 5582 1774 5643; x_wconf 81' lang='lat' dir='ltr'><strong>laniem</strong></span> 
     </span>
     <span class='ocr_line' id='line_1_58' title="bbox 128 5672 1773 5755; baseline -0.002 -20"><span class='ocrx_word' id='word_1_778' title='bbox 128 5678 194 5737; x_wconf 85' lang='lat' dir='ltr'><strong>dem</strong></span> <span class='ocrx_word' id='word_1_779' title='bbox 212 5694 297 5753; x_wconf 88' lang='lat' dir='ltr'><strong>super</strong></span> <span class='ocrx_word' id='word_1_780' title='bbox 323 5678 444 5753; x_wconf 85' lang='lat' dir='ltr'><strong>lapidem</strong></span> <span class='ocrx_word' id='word_1_781' title='bbox 471 5692 527 5737; x_wconf 89' lang='lat' dir='ltr'><strong>nou</strong></span> <span class='ocrx_word' id='word_1_782' title='bbox 554 5676 708 5751; x_wconf 88' lang='lat' dir='ltr'><strong>relinquent</strong></span> <span class='ocrx_word' id='word_1_783' title='bbox 734 5676 834 5751; x_wconf 69' lang='lat' dir='ltr'><strong>(dore.</strong></span> <span class='ocrx_word' id='word_1_784' title='bbox 847 5678 923 5751; x_wconf 85' lang='lat' dir='ltr'><strong>xsu),</strong></span> <span class='ocrx_word' id='word_1_785' title='bbox 977 5680 1123 5739; x_wconf 88' lang='lat' dir='ltr'><strong>dederunt.</strong></span> <span class='ocrx_word' id='word_1_786' title='bbox 1139 5681 1213 5740; x_wconf 85' lang='lat' dir='ltr'><strong>Deus</strong></span> <span class='ocrx_word' id='word_1_787' title='bbox 1231 5687 1325 5739; x_wconf 88' lang='lat' dir='ltr'><strong>autem</strong></span> <span class='ocrx_word' id='word_1_788' title='bbox 1347 5680 1455 5755; x_wconf 85' lang='lat' dir='ltr'><strong>patiam</strong></span> <span class='ocrx_word' id='word_1_789' title='bbox 1476 5684 1505 5737; x_wconf 91' lang='lat' dir='ltr'><strong>et</strong></span> <span class='ocrx_word' id='word_1_790' title='bbox 1524 5674 1641 5737; x_wconf 83' lang='lat' dir='ltr'><strong>multum</strong></span> <span class='ocrx_word' id='word_1_791' title='bbox 1663 5672 1773 5733; x_wconf 75' lang='lat' dir='ltr'><strong>misem·</strong></span> 
     </span>
    </p>
   </div>
   <div class='ocr_carea' id='block_1_10' title="bbox 0 0 1985 6067">
    <p class='ocr_par' dir='ltr' id='par_1_10' title="bbox 0 0 1985 6067">
     <span class='ocr_line' id='line_1_59' title="bbox 0 0 1985 6067; baseline 0 0"><span class='ocrx_word' id='word_1_792' title='bbox 0 0 1985 6067; x_wconf 95' lang='lat' dir='ltr'><strong> </strong></span> 
     </span>
    </p>
   </div>
  </div>
 </body>
</html>
