3942 6067
212 258 283 317 1099
556 242 706 304 trottottn
724 235 973 303 aoaustebtta.
995 228 1073 293 OPP.
1093 234 1181 293 tans
1201 234 1249 293 ttl.
1269 268 1304 281 --
1323 234 1522 299 attubatca.
1799 236 1873 299 1100

212 399 270 441 rum
284 379 386 437 ablade
399 385 428 435 at
448 374 493 433 bis
516 371 616 429 similia
637 386 720 444 super
741 384 792 428 nes
816 369 889 439 juste
917 376 1013 437 provo·
1025 359 1056 426 Α
1068 358 1219 421 bestiarum
1232 366 1323 438 catuli,
1338 366 1379 425 ita
1394 366 1466 425 lacte
1480 364 1638 423 nutriuntur
1655 363 1794 423 infantuli.
1821 367 1872 423 Fi-

213 479 317 533 cautur.
346 470 463 541 Insuper
497 463 575 536 legas
609 460 834 535 promulgantur,
862 456 1016 515 decernunt
1069 449 1124 509 lius
1138 468 1206 527 ergo
1220 455 1280 525 Dei,
1297 456 1371 515 Patri
1384 456 1509 535 aqualis,
1524 452 1596 512 inter
1607 454 1695 512 Deum
1709 455 1873 514 ethemima

214 562 301 638 Justs,
315 564 476 634 proponunt
494 551 638 625 supplicia,
659 550 778 621 uincula,
800 552 933 613 torturas,
962 542 1015 599 tla-
1069 543 1204 601 mediator
1217 543 1371 617 estractus,
1387 554 1417 623 pt
1430 547 1512 603 humo
1527 543 1729 619 interangales
1749 544 1783 618 tl·
1803 547 1870 619 356)

213 652 296 727 gella,
312 649 402 710 arilia.
418 642 618 719 amputationes
632 641 831 706 membrorum,
852 635 1015 695 amissiones
1069 639 1096 689 ιι
1122 633 1225 691 bestias
1249 636 1357 693 medius
1382 644 1444 694 erut
1471 635 1606 698 conditus.
1642 650 1660 691 a
1689 634 1870 694 similitudine

213 742 358 806 benorum,
374 737 467 794 uarios
481 734 616 791 cruciatus
629 731 765 803 corperis,
788 737 891 785 mortes
912 723 1018 783 diuersi
1065 722 1249 793 jumentorum
1278 726 1380 783 rediret
1408 726 1444 783 ad
1469 723 1653 799 aequalitatem
1681 724 1866 797 angelorum

214 830 336 905 generis.
351 823 568 897 llistotpoeuis,
582 829 622 879 tot
636 820 718 877 rnalis
732 817 828 887 attriti,
843 816 918 873 haut
943 816 1014 887 proh
1068 809 1209 887 iactusque
1236 824 1277 871 est
1304 816 1332 873 in
1360 814 1421 871 imis
1447 814 1512 883 ria,
1542 813 1663 871 existens
1689 814 1717 870 in
1746 813 1868 871 summis

212 922 310 978 dolor-t
323 916 453 982 indurati,
466 914 531 970 inda
545 910 637 970 seced
649 910 792 984 pergimus
806 908 841 964 ad
855 907 1014 964 exteriores
1068 901 1147 971 vita,
1174 912 1308 977 quatenus
1335 921 1385 978 per
1421 905 1481 976 eius
1508 902 1636 977 exempla
1671 912 1697 961 et
1729 914 1872 979 praecepta

213 1010 350 1074 tenebras,
366 1006 446 1080 quasi
460 1003 540 1059 nebia
553 1002 591 1058 ibi
614 1000 715 1059 cubilia
738 998 825 1056 auleis
838 1006 935 1054 oruata
961 1012 1013 1053 cx·
1067 992 1237 1067 gradientes,
1262 995 1298 1051 ad
1317 995 1439 1068 gloriam
1467 994 1547 1068 regni
1573 994 1767 1066 perveniamus
1795 1010 1871 1069 gau-

211 1107 347 1164 truantur,
360 1095 448 1166 apula
462 1136 470 1162 ,
486 1092 592 1150 delicia
605 1091 781 1155 instruantur,
807 1086 941 1159 obsequia
961 1084 1014 1143 mi·
1067 1082 1177 1141 dentes.

211 1192 358 1246 histrorum
373 1201 423 1241 nes
447 1183 575 1252 ambiant,
599 1187 750 1238 cenventus
772 1177 924 1234 amicorum
951 1174 1013 1233 cin·
1102 1183 1138 1239 Ει
1152 1184 1215 1255 quta
1230 1182 1314 1242 homo
1329 1184 1364 1241 gg
1384 1183 1473 1259 glori,
1499 1183 1528 1241 in
1550 1182 1688 1241 miseriam
1713 1182 1809 1257 pulsus
1838 1184 1869 1241 in

117 1290 128 1307 ⁶
211 1288 287 1356 gant,
307 1276 624 1346 thfflutidlttvtlflsslub
641 1276 803 1327 ornamenta
824 1267 1013 1337 multiplicem·
1067 1271 1162 1330 labora
1177 1274 1307 1345 nascitur,
1324 1273 1462 1331 indolere
1477 1272 1603 1341 nutritur,
1619 1288 1700 1330 omae
1724 1273 1799 1346 quod
1822 1273 1869 1331 la-

210 1380 265 1437 tur,
280 1368 457 1429 mescieatcs,
474 1364 558 1418 immo
574 1356 1010 1427 sciredissimulantesscriptum:
1067 1362 1147 1418 barat
1161 1362 1197 1419 ob
1211 1364 1280 1419 duas
1294 1378 1393 1420 caum
1416 1362 1530 1427 laborm,
1552 1370 1581 1419 ug
1608 1362 1736 1419 videficet
1762 1364 1867 1421 mlum

209 1460 268 1517 Nec
284 1475 364 1531 epus,
379 1470 431 1512 nec
445 1454 524 1519 ratio,
540 1467 592 1507 nec
606 1447 740 1521 sapientia
755 1454 797 1503 est
818 1446 889 1518 apud
906 1446 1011 1502 interos
1068 1450 1178 1525 effugiat
1193 1458 1221 1509 et
1236 1454 1337 1509 bonum
1348 1453 1459 1509 habear·
1473 1452 1544 1525 Quid
1559 1460 1651 1509 mem
1672 1460 1759 1509 mone
1774 1454 1864 1525 pejus,

211 1566 265 1623 quo
280 1557 308 1604 tu
323 1560 467 1619 properas,
485 1542 533 1599 scd
548 1549 590 1597 est
604 1548 678 1596 terra
692 1539 840 1595 tenebrosa
865 1544 893 1592 ιι
916 1544 1012 1606 operta
1068 1543 1131 1615 quid
1148 1542 1203 1599 virg
1231 1544 1348 1601 meliust
1362 1543 1442 1613 Quod
1456 1559 1525 1617 ergo
1541 1542 1622 1599 homo
1644 1551 1711 1609 ms,
1737 1543 1865 1615 seminat,

207 1639 307 1695 mortis
320 1634 449 1709 satiatus.
462 1632 509 1688 nat
523 1630 615 1687 nullus
629 1630 697 1687 orae
711 1638 738 1686 et
751 1627 1012 1699 sempiternushor·
1067 1632 1152 1701 merit,
1170 1631 1274 1691 tructus
1289 1633 1410 1708 eotttgtr,
1428 1632 1471 1690 ret
1484 1632 1558 1689 artua
1583 1632 1649 1705 qrrta
1667 1632 1771 1689 teraris
1785 1648 1866 1690 assu-

208 1744 257 1785 r⁰t
272 1724 415 1791 isshtbitflb
432 1721 478 1779 ubi
492 1718 713 1792 cafs¹i¹¹1¹⁸iti¹¹iir
736 1716 764 1773 51¹
793 1732 847 1790 q¹¹⁰
873 1716 953 1773 ⁰0¹¹ss
981 1724 1011 1773 et
1025 1731 1052 1793 Β
1066 1722 1124 1791 mit,
1142 1723 1194 1781 hoc
1206 1724 1269 1781 ideo
1282 1722 1377 1797 utique
1390 1720 1464 1791 lacit,
1479 1730 1507 1779 ιιι
1523 1720 1635 1790 malum,
1657 1722 1762 1779 scilicet
1789 1738 1868 1780 mer·

207 1816 309 1874 strider
322 1814 453 1879 dentium,
466 1810 539 1885 ignis
553 1806 777 1881 inextinguibilis,
795 1814 921 1878 stagnum
937 1804 1011 1879 ignis
1066 1818 1130 1877 tem,
1143 1812 1252 1880 evadet,
1277 1820 1302 1869 et
1330 1812 1441 1881 honum,
1468 1810 1596 1869 uidelicet
1623 1809 1718 1882 vitam,
1745 1812 1861 1870 babeat.

205 1914 235 1963 et
261 1903 413 1977 sulphuris,
437 1900 538 1960 cubilia
564 1898 725 1967 draconum,
754 1904 834 1951 antra
861 1894 1011 1968 ignitorum
1066 1901 1120 1958 sed
1135 1902 1188 1961 boc
1203 1901 1303 1959 trustra
1317 1910 1441 1970 cenatur,
1457 1917 1520 1959 cum
1534 1900 1627 1957 omnis
1641 1900 1723 1959 hemo
1750 1918 1784 1958 ex
1809 1918 1864 1959 ue-

210 1994 399 2068 serpentium,
427 1988 568 2047 h⁰fflbffi⁸
595 1987 715 2045 ”⁰50¹ss
742 1986 911 2042 doemfflfflm·
936 1984 1012 2041 Talia
1063 1991 1191 2048 cessitate
1205 1992 1369 2066 mundoque
1383 1990 1526 2059 meriatur,
1542 1990 1636 2063 sicque
1660 1990 1753 2047 multis
1780 1990 1868 2049 nuber

206 2090 308 2163 quippe
334 2087 396 2145 loca
419 2093 482 2142 sunt
507 2081 633 2140 hostibus
658 2086 823 2154 praeparata.
856 2078 1008 2146 Karissimi,
1064 2080 1183 2137 miseriis
1197 2081 1329 2154 repletur,
1344 2080 1407 2137 dura
1422 2096 1473 2155 pcr
1487 2080 1612 2139 laborem
1626 2088 1744 2139 mortam
1768 2081 1864 2139 meur.

206 2180 282 2236 Deus
297 2176 402 2235 creavit
415 2174 465 2231 tria
479 2171 610 2241 vitantia,
633 2170 758 2245 angeles,
782 2168 916 2236 homiues,
946 2168 1008 2223 ani·
1063 2178 1106 2227 ret
1121 2170 1168 2245 qui
1181 2168 1325 2227 laborabat
1337 2186 1372 2227 ue
1384 2178 1552 2228 mercretur.
1572 2170 1669 2245 lgitur,
1681 2170 1865 2239 dilectissimi,

203 2268 307 2325 mantia
322 2284 329 2323 :
344 2265 460 2339 angelos
474 2264 501 2319 ia
516 2262 586 2320 coele
605 2260 635 2317 id
649 2268 690 2316 est
701 2259 730 2314 in
753 2274 880 2326 summo;
904 2257 1008 2314 bestias
1062 2276 1125 2318 curn
1140 2259 1308 2318 haemulum
1323 2258 1481 2317 miserabile
1496 2260 1530 2317 sit
1543 2259 1671 2316 erunibus
1695 2258 1865 2326 inevitabile.

204 2357 232 2415 in
248 2358 343 2425 immo,
358 2355 387 2411 id
401 2361 443 2411 est
456 2352 485 2408 ia
499 2348 728 2419 terra;homines
737 2348 829 2421 posuit
855 2347 883 2401 iu
904 2347 1005 2414 medie,
1061 2349 1124 2406 totis
1138 2348 1252 2418 viribus,
1269 2348 1427 2407 laboremus
1441 2356 1470 2406 ut
1490 2364 1627 2405 summum
1650 2348 1763 2415 malum,
1786 2349 1867 2406 sein.

204 2448 232 2505 id
247 2445 493 2519 eatiuparadyso.
518 2442 594 2499 Sicut
613 2454 682 2512 ergo
707 2438 792 2494 hemo
819 2435 941 2506 interior,
970 2436 1007 2492 ita
1059 2443 1112 2505 cet,
1128 2442 1259 2491 aeternam
1274 2442 1399 2501 mortem,
1415 2432 1574 2501 evadamus,
1591 2442 1619 2491 et
1644 2448 1784 2490 summum
1814 2434 1866 2491 bo-

203 2537 422 2607 extititJumanto
436 2532 571 2605 superior,
588 2538 618 2587 ut
641 2530 665 2585 si
687 2526 837 2586 conditoris
865 2525 908 2582 sui
932 2540 1006 2599 prae-
1058 2540 1133 2590 num,
1149 2523 1275 2582 videlicet
1288 2530 1417 2583 aeternam
1431 2525 1525 2593 citam,
1550 2522 1610 2580 sine
1624 2522 1678 2579 line
1699 2522 1864 2591 babeamus,

202 2637 315 2701 ceptum
341 2630 477 2692 seruaret,
504 2621 612 2695 angelis
640 2617 770 2691 superius
797 2616 1003 2688 adaeqmratur3
1059 2629 1122 2670 cum
1136 2614 1261 2670 Christus
1274 2630 1323 2670 rex
1339 2623 1442 2681 nester,
1459 2628 1520 2670 cum
1550 2612 1705 2670 ventilabro
1733 2612 1863 2681 vemens,

202 2718 227 2774 si
239 2726 333 2774 autem
352 2720 551 2781 contemneret,
573 2709 669 2767 bestiis
694 2707 808 2765 interius
835 2704 1004 2762 assimilare·
1057 2704 1152 2777 paleas
1166 2702 1290 2778 agranis
1305 2703 1474 2777 segregabit,
1490 2710 1517 2759 et
1530 2702 1634 2775 paleas,
1649 2704 1677 2758 id
1704 2709 1747 2759 est
1768 2718 1866 2775 repre-

201 2814 256 2863 tur.
1057 2792 1117 2860 bos,
1134 2810 1185 2866 per
1198 2792 1327 2849 ultimum
1338 2792 1471 2862 judicium
1484 2792 1542 2866 igni
1555 2792 1757 2865 inextinguibili
1780 2808 1864 2849 cotn-

238 2903 331 2960 Homo
346 2902 446 2974 itaque,
462 2916 524 2959 pum
538 2898 686 2955 inhonore
700 2893 827 2967 paradysi
850 2900 934 2960 gaggi,
950 2893 1002 2949 dg.
1056 2882 1168 2951 btll‘etls,
1183 2882 1311 2949 triticum,
1329 2881 1357 2937 id
1371 2882 1538 2950 θεῑΘῙΕΟΙΟΒ,
1564 2880 1595 2937 in
1618 2880 1748 2939 horreum
1774 2882 1864 2939 ooelo-

200 3002 291 3052 terem
304 2990 417 3049 honoris
432 2991 522 3047 Deum
536 3004 593 3045 non
613 2984 759 3042 intellexit.
771 2984 836 3040 ldee
863 2983 1002 3054 prejectus
1055 2984 1098 3039 stc
1113 2980 1306 3055 congregabit,
1318 2996 1380 3036 cum
1393 2976 1461 3036 tices
1483 2977 1656 3037 Hierusalem
1680 2994 1778 3053 pacem
1806 2996 1864 3053 pe·

204 3093 233 3150 iu
247 3093 320 3148 banc
339 3088 490 3156 miseriam,
514 3086 657 3144 doloribus
686 3092 713 3140 ιι
725 3080 856 3141 aerumnis
883 3095 1000 3152 compa·
1016 3104 1041 3169 C
1055 3097 1133 3151 neus,
1149 3097 1266 3155 reguum
1282 3078 1340 3136 Dee
1354 3078 1427 3135 Patri
1443 3078 1587 3134 tradiderit
1608 3086 1635 3136 ιι
1657 3078 1732 3137 Deus
1763 3080 1862 3137 emnia

199 3200 274 3249 ratas
289 3197 331 3246 est
343 3186 474 3259 jumentis
488 3184 689 3256 insipientibus,
706 3190 733 3238 et
747 3197 797 3253 per
812 3178 937 3237 carnales
951 3195 1003 3251 ap·
1058 3171 1086 3226 ia
1113 3170 1240 3226 omnibus
1265 3169 1329 3226 erit.
1357 3166 1411 3239 Qut
1440 3168 1475 3227 ait
1503 3166 1663 3227 benedictus
1689 3167 1717 3226 iu
1745 3168 1862 3229 amenta.

196 3290 299 3365 petitus
313 3288 410 3347 similis
426 3286 514 3344 iactus
527 3283 648 3341 catillis.
675 3282 783 3339 idcirce
806 3278 905 3349 adbuc,
934 3277 1005 3334 sicut
1059 3272 1160 3327 Amen.

1001 3512 1065 3527 fiad

675 3695 861 3782 SERMO
887 3694 957 3773 DE
988 3686 1367 3771 DEDICATIONE.

228 3936 457 4010 Ferculumsccit
466 3934 580 3993 silicea
589 3932 722 3991 Salomon
738 3930 772 3987 dc
786 3928 871 4003 ligata
884 3924 995 3999 lybani
1049 3930 1093 3979 tas
1108 3919 1271 3979 declaratur.
1285 3916 1410 3990 Apostoli
1425 3932 1542 3992 namque
1557 3926 1583 3976 et
1607 3919 1737 3978 docteres
1760 3919 1789 3977 in
1802 3918 1860 3981 hac

191 4034 341 4091 columnas
364 4028 425 4101 ejas
438 4026 510 4100 fecit
525 4026 685 4096 argenteus,
707 4016 929 4076 reclinatorium
942 4030 995 4071 au·
1049 4010 1130 4069 demo
1145 4016 1283 4082 argentea
1297 4006 1430 4065 columna
1445 4008 1598 4077 extiterunt,
1612 4010 1659 4083 qui
1673 4008 1761 4068 nitere
1791 4010 1860 4071 ritae

191 4138 293 4188 ream,
322 4132 474 4176 caecarum
512 4126 690 4187 purpureum
721 4108 815 4165 medio
861 4105 989 4163 caritate
1047 4109 1074 4157 et
1089 4099 1239 4157 seueritate
1259 4095 1561 4171 doctriuae,Ecclesiant
1575 4106 1798 4171 perornaverunt,
1828 4108 1859 4158 et

191 4210 474 4281 coastraottproptcr
488 4203 564 4275 filias
577 4199 754 4258 Hierusalem
764 4198 850 4271 (dont
864 4195 916 4265 ιιι).
933 4192 991 4248 lter
1047 4186 1115 4244 recti
1128 4185 1156 4240 iu
1171 4182 1316 4243 virtutibus
1331 4191 1357 4239 et
1372 4180 1445 4238 firmi
1459 4189 1555 4240 centra
1569 4182 1640 4240 vicia
1664 4192 1690 4242 et
1716 4200 1854 4258 persecu-

191 4299 320 4356 salemen
345 4294 419 4369 quod
442 4292 541 4350 dicitur
568 4290 716 4365 pacificus,
740 4293 781 4343 ast
810 4300 885 4342 serae
914 4280 991 4355 pacis
1047 4282 1124 4331 tores
1138 4282 1218 4347 atque
1232 4270 1379 4329 hereticos
1395 4273 1548 4330 maclriuam
1563 4272 1726 4331 demusllei
1739 4281 1855 4333 maten-

190 4394 288 4446 auctor
300 4386 439 4453 Christus,
455 4382 482 4438 iu
497 4395 552 4454 que
567 4386 696 4435 aternam
708 4390 804 4449 pacem
814 4372 988 4442 babebimus,
1009 4352 1037 4417 D
1052 4370 1189 4423 turaruat.

189 4476 299 4551 quando
312 4462 996 4542 nacbeatascorporisvetantmauttratimebimus.
1087 4460 1312 4521 ltacla'aateriam
1331 4476 1452 4518 auream
1469 4461 1549 4534 feeit,
1569 4474 1720 4521 mearum
1739 4479 1854 4539 parpa-

193 4564 322 4625 llictecit
335 4564 447 4621 domum
468 4558 598 4629 convivii,
622 4560 651 4617 et
677 4558 732 4615 hec
757 4555 793 4613 dc
821 4552 905 4627 lignis
933 4553 995 4625 Ly·
1051 4564 1142 4607 rcum.
1166 4546 1260 4605 ltuudi
1283 4553 1485 4619 contemptores
1508 4546 1709 4605 reclinatorium
1734 4564 1855 4609 aureum

191 4655 267 4715 bani.
1049 4634 1343 4710 predicantur,quiaiu
1353 4634 1463 4692 camino
1473 4633 1657 4693 tribulationis
1668 4636 1850 4696 relutaurum

225 4754 354 4829 Lycinna
367 4759 410 4809 aar
432 4765 513 4807 mons
538 4748 574 4805 aa
597 4762 652 4822 quo
679 4744 738 4802 fluit
765 4741 899 4801 sormi,
912 4747 940 4797 οι
962 4739 990 4796 tn
1048 4726 1256 4793 examinatum
1271 4724 1433 4797 inquorum
1449 4725 1586 4781 mentibus
1610 4726 1684 4782 Dans
1710 4726 1851 4798 quodant-

1046 4800 1129 4857 mede
1143 4800 1300 4864 reclinatur,
1316 4798 1380 4852 duan
1401 4812 1496 4853 eorum
1522 4797 1600 4853 benis
1621 4798 1727 4855 actibus
1754 4798 1853 4857 delec-

1046 4896 1128 4945 tatur.
1154 4890 1287 4960 llartyres
1316 4900 1383 4943 vere
1407 4900 1539 4943 ascensus
1566 4902 1720 4958 purpureus
1747 4888 1851 4945 estite-

1044 4986 1117 5046 runt,
1135 4978 1198 5035 dum
1214 4975 1349 5049 sanguine
1364 4990 1414 5031 suo
1431 4974 1574 5047 purpurati
1589 4992 1760 5047 pet-crucem
1769 4976 1852 5034 Chri-

1044 5068 1079 5123 sti
1092 5068 1125 5123 ud
1141 5067 1261 5125 coelestia
1276 5064 1472 5121 ascenderunt.
1490 5066 1576 5121 lledia
1587 5068 1851 5125 caritateroastra·

1043 5160 1092 5213 vit.
1107 5158 1206 5226 bledla,
1223 5156 1307 5211 idest
1324 5155 1490 5225 pavimenta,
1507 5152 1607 5211 crustis
1623 5166 1849 5215 inarmoruuaut

1041 5246 1178 5319 tapetibus
1192 5246 1235 5302 t'el
1251 5244 1342 5316 palliis
1357 5252 1435 5300 etant
1453 5253 1546 5308 strata,
1568 5244 1595 5300 in
1619 5246 1718 5319 quibus
1746 5256 1850 5307 cuncta

1041 5352 1101 5409 quae
1116 5338 1151 5393 ad
1166 5336 1308 5392 caritatem
1323 5334 1462 5407 pertinent
1487 5334 1556 5390 mira
1579 5342 1644 5391 sunt
1667 5336 1773 5407 pictura
1800 5344 1848 5393 ιι-

188 4862 243 4921 que
256 4850 386 4903 crescunt
399 4841 475 4899 cedri
489 4836 663 4910 imputribilis
677 4842 794 4891 naturas.
827 4834 880 4890 Per
907 4846 989 4887 mou-

188 4944 242 4993 tera
259 4936 400 5007 lybanum
414 4929 488 5003 qued
501 4928 666 4987 candidatio
682 4926 791 4991 dicitur,
802 4922 989 4979 altitudelesu

188 5024 288 5081 Christi
302 5021 479 5092 intellegitur.
501 5021 538 5077 [ta
557 5033 612 5090 quo
632 5015 720 5072 oritur
741 5011 878 5078 iordanis,
909 5008 988 5066 scili-

187 5124 231 5173 cet
243 5115 306 5171 iens
321 5108 503 5183 bsptismatis,
518 5108 545 5162 iu
560 5122 615 5178 qno
629 5104 711 5161 electi
726 5119 743 5159 a
756 5102 838 5158 sorde
852 5099 987 5156 viciorum

188 5204 369 5262 candidantur
379 5209 406 5257 et
420 5199 448 5253 in
462 5197 605 5253 uirtutibus
620 5203 648 5249 ut
662 5192 737 5250 cedri
751 5191 786 5247 ad
800 5191 853 5245 alta
873 5203 982 5245 succre-

185 5301 294 5353 scentes
307 5293 343 5348 ad
363 5286 593 5345 inmarcescibilis
607 5282 704 5357 glorias
724 5296 854 5339 coronam
880 5293 986 5335 recan-

184 5390 237 5441 tur.
254 5384 295 5439 lte
311 5380 410 5453 quibm
425 5377 488 5435 lecit
506 5393 552 5432 rex
577 5382 671 5431 aester
687 5373 799 5429 deinum
829 5368 985 5426 relectionis

185 5473 219 5544 (b
233 5472 287 5528 aaa
299 5471 339 5543 rt)
352 5467 481 5527 videlicet
494 5464 649 5523 Ecclesiam
663 5463 699 5521 de
713 5461 807 5519 electis
821 5460 850 5515 ia
871 5459 985 5515 domurn

182 5568 293 5617 aeoernas
300 5556 549 5629 mutemplationis.
565 5550 983 5624 lutatidemosccitcotumaar

185 5652 347 5719 argenteas.
363 5648 413 5703 Per
426 5645 566 5703 columnas
574 5650 718 5715 argenteas
732 5638 866 5697 rectitudo
888 5646 916 5693 et
936 5634 982 5691 fir·

184 5734 264 5791 mitas
277 5733 476 5802 censideratur,
491 5748 542 5806 per
555 5739 702 5807 argentum
720 5729 792 5788 niter
818 5736 847 5787 et
869 5725 980 5785 sonori-
1070 5732 1104 5791 Et
1117 5732 1171 5793 ιω
1185 5737 1270 5791 cocum
1283 5732 1400 5804 propt„
1412 5730 1490 5803 gap„
1499 5732 1685 5801 mmm,
1709 5730 1739 5791 ig
1753 5738 1795 5791 ω
1809 5736 1839 5789 m

1039 5443 1093 5499 que
1106 5435 1214 5483 textura
1227 5424 1338 5480 variata.
1356 5425 1407 5480 Per
1422 5438 1483 5496 quta
1506 5422 1610 5497 reliqua
1633 5424 1711 5497 plebs
1738 5426 1847 5499 accipi-

1038 5523 1090 5583 tur,
1107 5516 1151 5573 cui
1165 5516 1255 5589 legera
1270 5520 1297 5570 et
1310 5514 1458 5585 prophetas
1471 5512 1499 5569 iu
1513 5514 1620 5571 duobus
1634 5515 1781 5588 praecptis
1796 5529 1845 5573 ca-

1037 5606 1125 5663 ritatis
1138 5604 1251 5677 implere
1266 5601 1438 5677 praecipitur.
