3942 6067
829 249 1089 308 HEXAEMERON.

271 603 679 756 HONORll
724 607 1634 764 AUGUSTODUNENSIS

488 875 785 984 ornauit
837 881 1021 988 PARS
1060 881 1424 988 SECUNDA

787 1121 1114 1201 annuamus.

611 1280 1289 1545 narrandarum.

118 1640 172 1712 (lix
187 1639 285 1698 codice
299 1656 359 1723 ms..
373 1639 481 1715 inclytas
495 1643 645 1702 carthusiae
659 1645 851 1704 Gemnlcensis
865 1645 894 1701 iu
915 1645 1024 1702 dustria
1038 1645 1109 1702 eruit
1123 1646 1287 1704 venerabilis
1309 1647 1345 1703 l).
1374 1647 1407 1702 P.
1425 1644 1579 1718 Leopoldus
1602 1644 1779 1718 Wydemann

156 1713 217 1784 ejus
231 1712 295 1770 dem
308 1712 362 1770 tocr
375 1712 520 1788 presbyter
533 1723 559 1774 et
573 1716 963 1861 bibliothecarius&allidit&e
971 1718 1003 1858 1¹³,
1013 1719 1176 1862 lisga-rw
1190 1718 1292 1775 Peaius
1304 1719 1441 1776 Thesauri
1450 1717 1585 1775 Aaacdot.
1597 1718 1744 1775 mrirrima'

428 2123 619 2182 inmaturo.
936 2125 963 2187 Α
978 2123 1181 2182 introducturus
1194 2125 1256 2182 erit.
1272 2125 1368 2201 igitur,
1385 2125 1450 2199 quia
1462 2126 1513 2183 Dei
1525 2124 1620 2193 Filius,
1631 2140 1682 2198 per
1696 2141 1778 2197 quern

153 2219 348 2298 Quadnginp,
361 2231 387 2280 ει
401 2239 449 2282 sex
464 2223 544 2280 annis
558 2221 721 2280 aedificarum
736 2229 778 2278 ear
791 2220 921 2293 templum
975 2213 1077 2281 omnia,
1094 2214 1232 2271 hominem
1246 2215 1461 2273 misericorditer
1473 2215 1508 2271 de
1522 2214 1631 2271 interitu
1645 2213 1776 2279 redemit;

114 2312 185 2369 hoc.
205 2311 290 2368 hieria
304 2312 595 2370 duodecimannorum
617 2310 676 2382 luit,
701 2327 765 2368 enm
783 2311 922 2367 Christum
975 2303 1106 2374 angelum
1129 2318 1193 2359 vtro
1216 2304 1245 2358 in
1270 2312 1348 2360 teitu
1370 2305 1440 2374 iuste
1456 2303 1589 2370 destitisti.
1605 2304 1715 2376 M⁰t⁵0⁸
1730 2317 1777 2360 1'0·

113 2401 215 2474 genuit
225 2417 233 2457 ε
244 2401 368 2458 Christus
382 2411 472 2458 autern
489 2401 599 2474 triginta
614 2409 641 2458 et
656 2409 771 2473 quatuor
789 2416 920 2456 annorum
975 2390 1080 2462 dempti
1093 2391 1200 2463 lapsum
1214 2392 1365 2462 describit,
1383 2393 1486 2450 deserti
1503 2400 1595 2450 antem
1619 2407 1717 2449 casum
1735 2391 1777 2448 si·

113 2491 143 2546 in
168 2489 296 2562 passione
320 2474 425 2546 solu'tns
449 2490 584 2548 occubuit.
603 2489 754 2546 Duodecim
778 2496 869 2545 autem
895 2495 922 2544 et
975 2476 1059 2534 lentio
1073 2478 1182 2550 plemn-

114 2577 232 2650 triginta
252 2585 279 2634 et
303 2587 429 2651 quatuor,
454 2577 633 2652 quadraginta
648 2594 695 2634 ser
719 2577 795 2644 hunt,
822 2576 921 2650 quibus
1011 2584 1121 2640 Materia
1134 2591 1225 2641 autem
1239 2600 1290 2641 sua
1317 2586 1414 2642 esthic
1442 2585 1580 2642 sensibilis
1593 2585 1721 2655 mundus,
1748 2584 1777 2640 in

113 2665 198 2721 annis
213 2667 346 2738 templum
360 2668 482 2740 corporis
497 2667 595 2724 Christi
609 2665 803 2736 aedificabatur,
816 2667 887 2740 quod
904 2681 921 2721 s
975 2688 1056 2744 quem
1070 2673 1152 2728 bomo
1166 2681 1227 2743 post
1240 2677 1349 2746 tapsum
1363 2681 1406 2730 esc
1414 2674 1527 2745 palsus;
1545 2681 1572 2729 et
1585 2674 1719 2730 adventus
1725 2673 1776 2731 Dei

113 2752 219 2810 iudaeis
234 2753 404 2812 solvebatur.
422 2757 452 2811 ln
465 2756 574 2812 nomino
593 2771 702 2828 quoque
716 2755 781 2811 hdae
796 2755 919 2828 quadra·
973 2760 1105 2833 unigeniti
1120 2761 1148 2816 in
1162 2762 1234 2818 hunc
1249 2763 1389 2831 mundum,
1405 2762 1499 2819 mundi
1515 2761 1776 2820 fabricatorisethu·

113 2841 195 2914 ginta
210 2850 238 2898 et
251 2860 299 2900 sex
312 2843 486 2900 inveniuntur
497 2863 503 2900 :
515 2859 579 2900 nam
589 2844 660 2916 apud
675 2844 820 2901 Graecosh
835 2859 918 2899 unum
973 2849 1048 2905 muni
1070 2850 1182 2922 generis
1204 2849 1361 2907 liberatoris
1383 2869 1390 2906 z
1413 2867 1496 2924 quem
1519 2851 1601 2907 variis
1613 2858 1639 2907 et
1653 2850 1778 2922 mysticis

113 2929 263 3004 significat,
279 2932 313 3003 D,
329 2942 455 3006 quatuor,
465 2933 486 2988 h
498 2933 596 2989 iterum
605 2948 687 2988 uuum
696 2933 768 3004 qnod
777 2949 824 2988 sex
833 2932 916 2990 liunt:
973 2937 1115 2994 sententiis
1128 2938 1285 3012 praesignat,
1300 2948 1327 2994 et
1338 2939 1405 3010 ipsis
1421 2939 1504 2996 rebus
1517 2938 1671 3013 praefigurat
1690 2957 1697 2994 ε
1711 2940 1778 2998 dum

113 3014 150 3069 hl.
169 3030 237 3072 vero
252 3016 438 3089 quadraginta
452 3016 596 3090 significat.
613 3015 799 3090 Quadraginta
811 3033 877 3091 ergo
893 3024 919 3074 et
973 3028 1103 3100 populum
1117 3027 1152 3084 de
1165 3028 1283 3100 AEgypro
1298 3044 1349 3100 per
1361 3029 1522 3100 paschalem
1544 3045 1647 3101 agnum
1669 3027 1776 3094 liberat,

113 3119 164 3159 sex
174 3103 254 3158 annis
264 3103 394 3178 templum
404 3105 562 3175 aedificatur,
574 3105 639 3161 dum
650 3107 770 3162 Christus
781 3105 815 3162 ab
831 3107 916 3163 hdarn
973 3126 1001 3173 er
1020 3118 1056 3172 ad
1078 3119 1209 3174 amissam
1232 3116 1350 3189 patriam
1375 3125 1502 3181 revocat,
1524 3126 1605 3190 atqua
1621 3117 1778 3174 maenum

113 3193 279 3267 generatur.
972 3205 1105 3262 Ecclesiae
1118 3214 1217 3262 statum
1230 3205 1421 3278 permirabile
1435 3205 1641 3262 tabernaculum
1663 3220 1776 3278 praeno-

383 3277 495 3334 (ῙᾸΡῙῙΤ
515 3275 661 3334 PRIMUM·
973 3299 1012 3349 tat
1027 3309 1034 3348 ε
1050 3303 1202 3368 cunctaque
1216 3295 1278 3366 eius
1292 3302 1464 3352 sacramenta
1478 3293 1777 3375 perlegnliasacrificia

412 3367 450 3422 ⁰0
477 3381 634 3424 ”⁶0005m0·
972 3383 1143 3455 praenuntiat.
1159 3384 1239 3441 Unde
1253 3391 1280 3440 et
1294 3383 1404 3441 Novum
1416 3381 1622 3439 Testamentum
1633 3382 1674 3440 sie
1685 3381 1777 3438 Veter¹

149 3470 206 3542 Qui
230 3471 307 3528 multi
329 3472 414 3530 multa
436 3472 470 3528 de
493 3472 589 3544 primis
602 3489 649 3529 sur
665 3472 763 3529 diebus
776 3471 915 3527 disserue·
930 3476 957 3537 Β
972 3471 1158 3537 continuatur,
1182 3480 1213 3528 ut
1235 3472 1367 3546 quidquid
1389 3472 1479 3528 Vetus
1504 3471 1641 3545 proponit,
1669 3471 1778 3528 Novum

111 3568 191 3627 runt,
207 3567 234 3618 et
251 3561 361 3618 diversa
390 3560 547 3628 sentientes,
571 3560 732 3618 obscuriora
751 3560 920 3633 simplicibus
976 3561 1084 3616 solvere
1104 3559 1239 3619 rideatur.
1268 3560 1311 3618 Ob
1331 3577 1413 3633 quam
1429 3577 1487 3618 rem
1502 3562 1584 3618 etiam
1599 3568 1780 3634 utrumquea

112 3649 312 3719 reddideruut;
328 3648 448 3721 postulat
463 3658 549 3707 oratus
570 3659 659 3706 vester
672 3651 769 3706 litteris
788 3665 920 3724 promen·
974 3648 1110 3720 principio
1123 3649 1261 3722 incipitur,
1278 3665 1340 3707 oum
1352 3650 1428 3718 illud,
1451 3651 1483 3706 ira
1505 3651 1648 3724 principio
1672 3649 1778 3706 mannii

111 3740 191 3804 dum,
208 3737 275 3812 quid
286 3738 459 3811 potissimum
473 3739 507 3795 de
523 3737 565 3794 his
580 3738 616 3794 sit
628 3739 809 3795 sentiendum.
833 3739 919 3810 hinlo-
973 3737 1046 3793 Deus
1060 3739 1162 3795 culum
1176 3743 1204 3795 et
1215 3738 1463 3804 terrom,istud,in
1477 3739 1618 3812 principio
1628 3743 1692 3796 arnt
1712 3739 1778 3797 l'ar·

111 3845 176 3884 rum
191 3827 282 3901 itaque
297 3843 415 3901 sequens
429 3828 628 3894 auctoritatem,
645 3829 736 3899 pando
753 3828 829 3884 vobis
839 3827 920 3897 hujus
974 3827 1048 3895 bum,
1064 3827 1217 3882 inchoatur.
1232 3827 1346 3883 ioannis
1360 3827 1460 3900 quippe
1475 3827 1657 3901 Evangelium
1678 3826 1707 3882 in
1725 3841 1776 3882 ca-

111 3925 206 3974 textus
215 3917 420 3974 obscuritatem.
439 3918 488 3973 Cui
504 3933 567 3974 vero
583 3917 635 3973 hcc
650 3915 763 3987 placeat,
792 3916 917 3972 elucida·
973 3930 1046 3971 none
1060 3913 1177 3986 primum
1193 3915 1313 3986 ponitur.
1333 3914 1543 3984 lituotandum,
1567 3915 1640 3988 quod
1667 3916 1777 3987 Moyses

112 4005 155 4061 rio
170 4013 266 4062 nostro
281 4005 309 4060 in
321 4007 409 4078 capite
423 4005 546 4078 praehgat
561 4007 766 4062 Hennenteron.
972 4004 1104 4074 propheta
1120 4003 1216 4059 Filium
1231 4003 1408 4076 principium,
1425 4012 1451 4060 et
1465 4003 1494 4059 in
1518 4019 1551 4060 eo
1574 4004 1667 4060 omnin
1685 4010 1776 4060 creata

149 4089 296 4162 inprimis
315 4090 454 4162 quaritur,
470 4105 519 4146 cur
533 4089 643 4161 hloyses
658 4089 784 4160 delapsu
801 4089 918 4145 hominis
973 4100 1168 4149 commemorat
1193 4109 1200 4147 :
1236 4092 1355 4149 loannes
1375 4101 1466 4149 autern
1494 4091 1636 4165 apostolus
1661 4093 1776 4148 Patrem

111 4179 265 4251 scripserit,
282 4193 375 4235 msam
387 4193 452 4236 vero
468 4178 560 4251 augeli
574 4179 734 4235 reticuerit?
762 4179 811 4234 sed
825 4177 917 4235 scien·
942 4171 945 4178 ’
971 4180 1145 4252 principium,
1162 4188 1188 4238 et
1202 4181 1299 4238 Filium
1314 4182 1341 4236 in
1356 4198 1389 4239 eo
1411 4198 1530 4254 semper,
1555 4180 1580 4238 ei
1604 4180 1775 4254 quoquaelern

110 4267 179 4323 dom
195 4275 245 4335 est,
261 4275 392 4324 auctores
405 4267 534 4323 librorum
550 4267 687 4339 principue
701 4266 876 4323 concordiam
889 4267 916 4323 in
972 4270 1118 4339 mansisse,
1134 4280 1161 4327 et
1175 4272 1268 4328 omnia
1281 4288 1331 4344 per
1344 4269 1433 4344 ipsum
1457 4271 1528 4329 lacta
1550 4265 1689 4346 piaedicat.
1704 4269 1775 4340 Quia

111 4356 222 4429 scriptis
237 4356 294 4413 suis
308 4355 458 4426 attendere,
475 4371 530 4428 quo
544 4356 632 4428 possit
646 4355 759 4412 intentio
773 4371 834 4412 cum
855 4372 916 4412 ma·
971 4359 1098 4415 nimirum
1119 4376 1202 4416 unam
1232 4361 1371 4433 utriusque
1396 4361 1574 4417 substantiam
1601 4361 1775 4418 concorditer

111 4446 181 4502 teria
195 4443 367 4502 uniformiter
380 4459 555 4503 concurrere.
576 4443 691 4500 Intentio
704 4445 805 4517 qnippe
817 4445 917 4517 hloysis
971 4447 1050 4504 nobis
1064 4447 1238 4504 denuntiant.
1261 4449 1363 4507 Dicitur
1377 4448 1469 4521 itaque
1484 4450 1566 4521 (Gerr.
1583 4452 1603 4521 ι)
1613 4469 1620 4505 :
1631 4451 1662 4506 ln
1669 4453 1777 4522 princi·

110 4541 153 4590 est
181 4531 405 4590 restaurationem
426 4532 539 4590 humani
566 4532 677 4607 generis
704 4547 755 4604 per
779 4531 915 4588 Christum
969 4539 1141 4610 picereouit
1156 4537 1775 4612 Deucetclametlcrrum,hocest,l)euspa·

111 4620 266 4695 figuraliter
289 4636 414 4692 narrare,
443 4637 524 4694 quam
552 4621 728 4679 intentionem
758 4621 915 4678 omnimode
970 4632 1012 4680 ter
1025 4625 1129 4682 creavit
1142 4627 1170 4681 in
1185 4626 1251 4683 Filio
1264 4627 1345 4682 simul
1360 4625 1492 4694 coelestia,
1508 4635 1535 4682 et
1559 4627 1713 4695 terrestria,
1732 4627 1773 4684 ri-

108 4709 212 4784 satagit
235 4726 291 4767 suae
313 4710 435 4768 matema
461 4710 606 4784 adaptare.
627 4712 693 4768 Cum
717 4712 749 4768 iu
762 4711 913 4784 principio,
970 4714 1058 4770 sibilia
1072 4723 1097 4770 et
1112 4713 1267 4772 invisibilia.
1295 4717 1329 4771 dt
1351 4715 1475 4788 Spiritus
1498 4715 1606 4772 domim
1627 4715 1773 4788 terebatur

108 4800 136 4855 id
152 4799 240 4857 estin
253 4798 372 4868 Christo,
387 4799 478 4856 omnia
491 4799 590 4856 asserit
613 4808 715 4870 creata,
741 4807 768 4855 et
790 4808 914 4872 postmo-
930 4831 954 4894 C
969 4820 1056 4869 super
1083 4821 1181 4878 aquas,
1209 4803 1254 4861 rel
1281 4819 1364 4878 aquas
1394 4804 1514 4873 iovebat,
1544 4804 1571 4861 id
1607 4813 1649 4860 est
1676 4813 1773 4863 cuncta

108 4888 178 4945 dum
200 4895 299 4945 cuneta
318 4888 346 4946 in
370 4902 403 4945 eo
434 4889 531 4944 astruit
554 4896 694 4960 reparata.
723 4887 753 4943 ln
772 4893 828 4944 toto
844 4903 914 4960 quo·
969 4893 1005 4949 de
1025 4893 1106 4966 aquis
1120 4893 1292 4965 procreanda
1305 4893 1456 4950 animabat.
1475 4895 1509 4949 Et
1525 4901 1589 4950 nota
1602 4891 1770 4952 Trinitatem.

108 4993 164 5050 que
195 4983 270 5033 textu
298 4993 355 5034 suae
383 4975 548 5034 narrationis
584 4975 651 5031 nihil
691 4975 766 5032 aliud
794 4975 911 5048 ponitur,
969 4981 1027 5037 Deo
1052 4981 1123 5036 Patri
1146 4981 1290 5037 ascribitur
1313 4982 1405 5038 mundi
1434 4981 1548 5053 creatio,
1583 4983 1651 5039 Filio
1680 5001 1771 5041 rerum

108 5065 163 5122 nisi
194 5064 269 5138 quod
299 5065 406 5122 Christo
436 5065 479 5124 vel
505 5062 639 5122 Ecclesiae
668 5061 816 5136 figuraliter
844 5080 912 5121 con·
968 5068 1124 5140 dispositio,
1148 5070 1260 5141 Spiritui
1283 5079 1377 5128 sancto
1397 5071 1523 5128 omnium
1546 5069 1701 5139 unificatio,
1727 5071 1771 5129 rel

107 5150 200 5224 gruit.
219 5149 298 5208 Unde
309 5152 389 5208 etiam
404 5150 587 5209 narrationem
601 5165 680 5206 suam
694 5160 781 5224 usque
796 5151 833 5208 nd
847 5151 914 5208 libe·
967 5157 1082 5214 ornatio.
1098 5158 1265 5230 Simpliciter
1277 5168 1367 5216 autem
1382 5161 1422 5217 sic
1436 5161 1473 5216 ad
1487 5159 1603 5216 litteram
1618 5161 1772 5233 exponitur.

108 5240 247 5296 rationem
268 5240 363 5312 populi
386 5241 420 5296 de
445 5241 586 5297 Pharaone
613 5247 640 5296 et
663 5239 828 5312 principium
848 5241 912 5297 lesu
965 5246 1770 5320 luprinoipiocreauitlleurcoelumctterrum,booest,in

107 5327 238 5400 perducit
264 5345 270 5383 :
297 5327 350 5399 Qui
374 5329 504 5401 populum
527 5330 555 5384 in
576 5335 677 5386 terram
692 5327 912 5401 rcpmmissionis
965 5336 1769 5412 momentoleoitDensomniacorporalia,etincorporalia.

107 5417 271 5488 introducit,
286 5415 454 5490 significans,
478 5417 604 5475 videlicet
626 5435 722 5475 verum
745 5419 850 5486 iesum,
865 5417 912 5491 qni
966 5424 1034 5480 Coeli
1048 5425 1148 5482 etenim
1163 5427 1357 5500 appellatione,
1371 5428 1548 5499 incorporea,
1558 5436 1587 5484 ut
1596 5437 1659 5486 sunt
1667 5431 1768 5505 angeli,

106 5505 244 5580 populum
257 5505 428 5564 credentium
450 5505 486 5564 de
503 5505 613 5564 diabolo
628 5507 749 5581 eripuit:
765 5507 810 5566 cui
832 5507 912 5564 Pater
964 5513 1165 5588 intelliguntur,
1181 5523 1320 5573 ntcuuctn
1334 5516 1487 5588 spiritualia
1501 5532 1563 5590 quae
1577 5517 1688 5576 anobis
1714 5536 1769 5576 non

107 5597 292 5680 principatum
305 5613 390 5670 super
402 5597 525 5656 coelestis
538 5604 568 5655 et
581 5600 723 5656 terrestria
735 5598 838 5666 tribuit,
846 5606 873 5656 et
882 5599 911 5656 in
964 5604 1179 5676 conspiciuntur.
1194 5606 1288 5662 Terrae
1303 5612 1394 5662 autem
1415 5605 1548 5664 vocabulo
1571 5621 1716 5679 corporea,
1740 5615 1769 5665 nt

108 5685 261 5746 norimirno
275 5695 397 5760 tempore
412 5687 564 5747 Ecclesiam
583 5689 610 5746 in
635 5695 736 5746 terram
759 5688 911 5748 virentium
964 5693 1018 5750 hoc
1031 5692 1131 5752 coelnrn
1145 5701 1172 5750 at
1186 5702 1268 5765 terra,
1282 5696 1439 5763 innuuntur,
1451 5702 1585 5757 etouncta
1595 5697 1768 5770 quaeanobis
