3942 6067
107 253 186 313 tels

106 470 190 537 palus
204 463 298 520 domni
313 462 439 519 llaiueldi
452 461 551 533 prima.

132 551 294 611 'Fulcradus
321 550 503 608 cancellarius
529 546 715 621 recognovit,
736 540 846 617 scripsit
874 553 908 597 ιι

107 638 285 711 subscripsit.

142 728 238 785 Testes
249 735 313 783 sunt
321 725 450 785 Nicotaus
469 734 494 782 et
507 726 586 799 liugo
596 720 780 807 archidiaconi
790 721 910 777 ilemen-

108 832 165 886 aes,
179 814 392 873 bartholomaeus
413 812 604 872 laudunensis
628 812 783 883 episcopus,
805 806 909 863 Lisier-

110 906 165 962 dus
178 904 386 961 Suessionensic
413 904 570 977 episcopus,
589 901 727 959 liebertus
748 897 911 955 Atrebates-

108 994 147 1049 sis
161 993 319 1065 episcopus,
333 992 437 1049 libatus
451 989 661 1049 catalaunensis
681 987 836 1060 episcopus,
854 984 911 1041 Ur·

108 1077 150 1133 sio
163 1077 249 1133 abbas
278 1077 370 1135 Sancti
398 1075 532 1149 Dionysii,
552 1073 684 1132 Nicotaus
707 1072 793 1129 abbas
816 1066 911 1127 Sancti

106 1164 231 1225 Nicolai.

822 229 1041 297 Dtetouxtn.

106 397 175 453 rege
189 376 327 439 tueorioo
341 392 414 433 euno
429 392 490 442 xix,
514 390 585 432 anno
605 381 695 430 autem
716 361 946 441 archiepisco-h

1696 214 1765 301 ιιιι

1336 366 1386 421 ιιι.

962 492 1083 546 Pactum
1096 491 1175 547 inter
1186 443 1357 546 ltciuclcicm
1371 490 1398 545 ll
1410 490 1582 562 archiepisc.
1596 491 1763 549 Rementem

1000 582 1030 635 ιι
1055 578 1222 635 Alberorrem
1246 580 1260 633 l
1290 582 1452 651 episcopum
1482 580 1687 646 leodiensem,
1713 597 1766 654 pro

1002 668 1181 726 Bullioneuri
1197 667 1340 739 beneficio.

1263 818 1358 893 (Anno
1375 820 1474 891 itit.)

1125 932 1212 1005 [Geli.
1233 933 1349 1000 censs,
1365 934 1451 1002 ibid.,
1466 935 1520 1025 col.
1536 934 1599 1008 dh]

1001 1061 1032 1115 lu
1047 1060 1156 1117 nomine
1171 1069 1292 1118 sannctae
1306 1070 1333 1119 et
1344 1060 1488 1120 individue
1498 1062 1650 1120 Trinitatis.
1664 1062 1766 1120 Notum

965 1148 1000 1203 sit
1014 1150 1143 1206 omnibus
1159 1152 1350 1220 presentibus,
1376 1159 1403 1207 ιι
1426 1167 1542 1225 quorum
1562 1150 1649 1209 future
1670 1160 1764 1225 poste-

484 1248 523 1305 11,
965 1236 1031 1293 ritas
1046 1240 1221 1310 exspectatur
1235 1240 1287 1297 hec
1310 1238 1441 1311 presenti
1464 1241 1564 1313 pagina
1591 1241 1677 1299 discet
1700 1240 1765 1314 quid

965 1334 992 1383 et
1006 1326 1144 1399 quomodo
1157 1326 1193 1383 do
1221 1326 1354 1383 beneficio
1373 1326 1516 1385 lismensis
1538 1330 1669 1388 Ecclesiae
1692 1328 1765 1403 quod

965 1415 1001 1471 ad
1022 1414 1163 1473 castellum
1191 1415 1265 1489 quod
1290 1414 1396 1473 bullion
1424 1417 1524 1474 dicitur
1546 1417 1684 1493 pertinet,¹
1703 1432 1765 1475 curn
1790 1459 1795 1463 -

966 1502 1103 1561 hiberone
1126 1503 1277 1561 venerabili
1301 1504 1490 1561 Leodiensium
1519 1505 1650 1579 episcopo
1671 1506 1766 1563 stetui·

963 1609 1039 1649 mus.
1057 1594 1117 1667 ligo
1133 1592 1292 1661 lisinaldus,
1304 1592 1451 1651 Remensis
1463 1594 1597 1651 Ecclesiae
1612 1596 1676 1652 licet
1690 1594 1764 1650 indi-

922 1712 950 1775 Β
966 1698 1041 1755 gnus
1054 1680 1185 1747 minister,
1203 1682 1366 1739 beneficium
1382 1683 1455 1755 quod
1470 1682 1612 1739 demersis
1632 1682 1766 1740 Ecclesiae

145 1784 177 1841 ln
190 1782 302 1839 nomine
328 1788 430 1837 sancte
454 1787 480 1837 et
503 1779 651 1836 indiuidua
679 1776 830 1833 Trinitatis.
849 1776 909 1847 Ego
965 1768 1127 1843 abantiquo
1142 1787 1203 1827 esse
1219 1770 1397 1843 dignoscitur,
1413 1771 1487 1844 quod
1502 1772 1582 1827 etiem
1605 1772 1640 1828 cd
1665 1772 1766 1828 Bullio-

111 1872 286 1936 ltxrnacnns,
300 1869 433 1928 Ecclesiae
446 1868 590 1925 ltemeusis
603 1867 666 1923 lieet
686 1864 815 1939 indignus
829 1863 912 1936 mini·
965 1876 1029 1915 nem
1044 1860 1181 1931 pertinere
1195 1859 1261 1915 nulli
1276 1860 1391 1915 durbium
1406 1868 1458 1927 cst,
1484 1860 1615 1917 hiberoni
1629 1860 1766 1921 Leodien-

111 1964 179 2026 ster,
195 1955 322 2012 omnibus
335 1955 381 2028 qui
409 1970 442 2011 se
470 1961 572 2010 sancte
600 1952 731 2009 Ecclesiae
756 1949 827 2007 titios
850 1964 913 2006 esse
966 1947 1037 2003 sium
1053 1948 1192 2019 episeopo,
1209 1954 1235 2004 et
1250 1962 1300 2019 per
1314 1964 1376 2003 eum
1398 1948 1592 2005 succesoribus
1615 1950 1673 2005 suis
1697 1965 1767 2007 oon·
1809 1950 1813 1955 “

110 2052 284 2120 cognoscunt
298 2042 423 2099 brasium
439 2058 566 2114 supernas
580 2039 756 2097 haereditatis.
965 2035 1068 2092 ditione
1083 2034 1224 2108 supposita
1238 2036 1405 2093 contradidi.
1426 2036 1455 2092 Si
1469 2037 1505 2092 ob
1518 2036 1673 2109 aliquorum
1694 2038 1766 2095 inle-

144 2132 345 2205 cumprimum
360 2132 396 2189 ad
410 2132 534 2205 regimen
550 2130 684 2187 Ecclesia
696 2127 841 2185 ilemensis
855 2126 911 2183 dis-
966 2124 1110 2181 stationem
1132 2125 1262 2182 demensi
1290 2124 1415 2181 eeclesiae
1445 2122 1580 2199 ingruerit
1603 2127 1766 2193 necessitas,

108 2223 208 2297 positio
223 2222 315 2279 diuina
342 2236 394 2278 nos
421 2228 562 2286 evocaret,
588 2220 765 2276 honestorum
793 2219 912 2273 uirorum
965 2213 1264 2270 domiuusheodieneis
1288 2215 1433 2287 episcopus
1448 2216 1598 2287 equitatum
1628 2222 1765 2272 trecento-

108 2328 175 2370 cura
189 2312 268 2367 nobis
283 2309 332 2367 luit
346 2308 516 2366 consortium
531 2308 635 2382 eligere
650 2316 681 2363 ιι
695 2321 791 2363 eorum
812 2313 910 2363 contu·
966 2318 1026 2357 rum
1042 2302 1157 2358 militum
1182 2302 1298 2377 singulis
1327 2303 1405 2358 cuuis
1433 2303 1500 2358 mihi
1528 2302 1569 2360 vel
1597 2320 1661 2361 meo
1686 2304 1767 2361 ducet

109 2399 207 2457 bernic
222 2398 364 2457 detestari.
377 2397 472 2453 Visum
496 2396 584 2469 igitur
606 2396 656 2451 fuit
679 2394 794 2467 Spiritui
816 2402 912 2450 saneto
964 2390 1076 2448 cuilibet
1089 2392 1251 2457 successori,
1265 2391 1288 2447 si
1302 2390 1484 2466 quadraginta
1499 2392 1558 2448 dies
1572 2402 1635 2450 ente
1646 2409 1762 2467 pramo-

108 2498 136 2546 et
148 2488 229 2547 notus
244 2485 439 2544 monachosde
454 2484 662 2542 Clarisrellibus
676 2483 787 2551 ascisci,
798 2489 826 2540 et
840 2492 869 2539 ut
883 2482 913 2539 in
965 2480 1038 2535 nitus
1052 2480 1141 2537 luerit.
1158 2479 1237 2550 Quod
1253 2480 1276 2535 si
1291 2480 1383 2539 taliter
1408 2480 1584 2553 premonitus
1606 2482 1710 2540 hebere
1734 2499 1764 2541 se

108 2577 240 2651 perachie
253 2584 348 2633 nostra
361 2575 435 2631 illius
450 2574 558 2631 ordinis
581 2573 720 2630 abbatiam
733 2581 911 2630 construere·
964 2568 1056 2643 legale
1071 2568 1112 2625 vel
1128 2568 1291 2625 canonicum
1313 2568 1539 2643 impedimentum
1561 2572 1765 2643 monstraverit,

108 2682 171 2722 mus
185 2666 251 2722 totis
273 2664 380 2720 nisibus
394 2662 551 2721 elaborare.
571 2663 614 2719 ed
634 2663 687 2719 hoc
712 2662 849 2735 siquidem
871 2662 911 2718 ie·
964 2658 999 2714 de
1014 2658 1144 2729 predicte
1159 2658 1331 2731 expeditione
1346 2668 1490 2715 excusatus
1501 2659 1562 2729 erit,
1575 2660 1611 2715 ita
1623 2668 1714 2718 tumen
1725 2670 1765 2733 ct,

110 2754 238 2811 ciendum
250 2753 339 2809 iibere
349 2752 515 2811 contulimus
524 2752 566 2809 eis
576 2759 657 2807 totum
672 2758 775 2807 terrum
785 2751 820 2807 de
831 2752 910 2807 ιιιι-
964 2754 1107 2820 postquam
1131 2744 1212 2803 luerit
1234 2746 1389 2820 expeditus,
1412 2756 1520 2819 pactum
1545 2747 1671 2806 exsolvat
1691 2766 1766 2822 prae·

163 1386 268 1441 clerte
284 1383 465 1447 fundationis
479 1380 650 1439 monaterii
665 1377 849 1451 igniacensis.

407 1511 497 1581 (Anno
511 1509 611 1583 liii.)

201 1650 290 1721 (coti.
310 1649 426 1716 dirisi..
439 1656 464 1705 ι,
482 1648 521 1716 X,
536 1647 593 1706 col.
611 1648 657 1715 S'l,
671 1644 821 1712 lustrum.)

108 2849 182 2899 taum
197 2858 258 2901 cum
273 2842 344 2899 velle
358 2856 419 2908 suu,
436 2849 462 2897 et
477 2850 559 2897 tutam
574 2848 681 2898 coslam
703 2857 757 2913 qus
781 2840 909 2897 ascendi·
962 2835 1056 2903 lixum,
1071 2836 1169 2892 eodem
1185 2852 1278 2892 rursus
1290 2836 1405 2893 termino
1420 2844 1571 2894 revocatus.
1583 2838 1660 2895 Hunc
1674 2846 1765 2896 autem

108 2934 154 2983 tur
167 2942 262 2985 versus
277 2925 518 2993 Curram-uillam,
535 2934 562 2981 ιι
575 2941 663 2998 usqne
677 2926 711 2981 ad
726 2924 823 2982 silvam
848 2940 909 2997 qaue
963 2926 1112 2998 equitatum
1127 2924 1254 2982 dominus
1268 2925 1428 2983 leodiensis
1443 2942 1493 2983 suo
1506 2928 1641 2983 conductu
1657 2935 1683 2985 ιι
1696 2944 1762 2999 pro·

108 3024 150 3071 est
165 3031 264 3073 uersus
277 3012 508 3089 Longam-villam
524 3029 585 3071 cum
601 3014 661 3085 ipsa
675 3013 756 3082 silue,
767 3029 827 3071 cum
839 3029 908 3089 eque
962 3014 1030 3086 priis
1052 3014 1180 3086 expensis
1206 3015 1287 3071 ducet
1302 3030 1390 3088 usquc
1415 3016 1578 3084 llosomum,
1605 3032 1659 3089 quo
1683 3016 1763 3089 post·

110 3112 138 3161 et
150 3104 245 3177 pratis,
262 3103 342 3161 terris
356 3103 437 3161 cultis
453 3107 480 3159 ιι
498 3102 618 3159 idoultis.
634 3103 805 3160 Contulimus
825 3101 909 3159 ιιιιιι
922 3068 948 3133 c
963 3117 1046 3175 quem
1067 3103 1235 3175 pervenerit,
1259 3104 1401 3160 hamensis
1422 3102 1447 3161 ei
1469 3121 1532 3161 cum
1546 3102 1604 3161 scis
1626 3104 1765 3179 omnibus,

106 3193 146 3250 eis
161 3192 292 3265 quidquid
308 3193 477 3249 habebamus
501 3191 606 3265 igniaci
628 3208 691 3249 cum
709 3192 909 3261 circumjacen·
963 3200 991 3247 ιι
1005 3192 1033 3247 ιι
1047 3208 1206 3267 progressu,
1224 3200 1249 3249 et
1274 3191 1302 3248 in
1326 3192 1468 3261 morando,
1499 3201 1527 3249 ιι
1551 3192 1579 3247 ιι
1603 3193 1766 3251 revertendo

108 3280 181 3337 tibus
195 3281 282 3351 silvis,
311 3281 439 3339 videlicet
465 3281 561 3339 horest
589 3289 615 3338 et
642 3281 750 3350 heleis,
777 3280 910 3354 quidquid
963 3296 1054 3353 usque
1067 3280 1263 3337 edtlosomum
1283 3281 1372 3338 victus
1394 3280 1767 3355 necessaritprovidebitdu

108 3369 276 3442 etiemjuris
290 3369 377 3426 nostri
392 3378 454 3427 eret
473 3370 500 3425 in
522 3371 661 3429 communi
676 3370 756 3438 ιιιιι,
774 3377 803 3426 ιι
826 3369 908 3442 qnid·
963 3384 1155 3442 quemcunque
1169 3385 1238 3426 vero
1252 3378 1360 3442 partem
1383 3370 1455 3428 circe
1481 3370 1644 3428 lismensem
1669 3371 1766 3428 urbem

109 3458 173 3533 quid
189 3474 207 3515 ι
221 3459 316 3516 Pontio
330 3458 475 3515 dehrceio
488 3459 613 3515 emimus.
629 3460 693 3515 ibeo
704 3458 863 3530 supradicta
873 3457 909 3515 ob
964 3466 992 3514 et
1006 3474 1056 3529 per
1071 3459 1167 3517 decem
1183 3459 1279 3531 leugas
1296 3460 1457 3531 protrahere
1474 3460 1545 3517 hene
1559 3460 1695 3531 militiam,
1721 3460 1767 3518 ιιι

108 3556 265 3605 nostrorum
280 3548 495 3605 recludationem
511 3556 683 3619 peccatorum
700 3547 787 3621 signis
802 3556 829 3603 et
841 3563 909 3618 pro·
963 3547 1065 3603 habere
1081 3563 1173 3604 secum
1200 3549 1234 3603 ed
1263 3548 1440 3604 obtinendam
1469 3548 1593 3607 ecclesiae
1622 3550 1767 3607 utilitatem

110 3635 242 3693 babilium
256 3651 436 3708 personarum
452 3637 615 3692 testimoniis
628 3636 733 3709 absque
746 3635 802 3691 ulla
818 3644 909 3691 reten-
964 3635 1093 3702 voluerit,
1109 3652 1160 3708 per
1174 3635 1328 3708 quindecim
1345 3636 1405 3694 dies
1420 3653 1481 3693 cum
1492 3638 1620 3710 expensis
1632 3656 1679 3696 eos
1695 3639 1765 3697 reii-

110 3724 184 3781 tione
199 3724 239 3781 eis
252 3722 429 3781 contulimus.
964 3724 1050 3790 nebit,
1065 3724 1099 3779 ite
1113 3732 1141 3780 ut
1155 3724 1226 3780 inlre
1241 3724 1313 3782 ιιιιιι
1328 3724 1473 3781 terminum
1489 3742 1536 3782 eos
1552 3727 1665 3783 reducet
1679 3743 1767 3801 usque

144 3814 258 3888 Signum
274 3812 356 3869 totius
380 3811 490 3885 capituli
512 3811 655 3870 Remensis
675 3809 816 3881 Ecclesiae,
833 3810 911 3882 eujus
964 3814 1130 3869 blosomum.
1150 3814 1178 3869 Si
1193 3828 1259 3869 vero
1271 3814 1361 3870 eundo
1374 3814 1418 3869 vel
1438 3812 1577 3871 redeundo
1601 3814 1704 3887 aliquid
1731 3816 1767 3874 de

109 3902 200 3976 sigillo
215 3903 274 3958 hacc
289 3902 382 3958 charta
397 3904 573 3957 munitaest.
966 3902 1023 3957 suis
1042 3900 1175 3969 emiserit,
1198 3902 1233 3958 de
1247 3902 1290 3958 his
1314 3902 1440 3959 omnibus
1454 3902 1677 3976 archiepiscopus
1700 3904 1768 3961 nihil

147 3988 261 4064 Signum
275 3990 381 4047 Odonis
394 3989 501 4047 abbatis
514 3990 611 4045 Sancti
624 3989 755 4063 Remigii.
965 3990 1006 4048 eis
1021 3991 1256 4063 recompensabit;
1282 3990 1412 4064 quidquid
1435 4000 1526 4048 autem
1550 3990 1648 4048 lucrati
1666 3990 1767 4049 inerint

147 4081 262 4153 Signum
275 4080 389 4136 Jorcnni
403 4080 508 4135 abbatis
523 4077 616 4135 Senmi
628 4078 741 4135 Nicesii.
964 4086 1019 4136 tum
1034 4078 1061 4135 in
1077 4080 1155 4153 equis
1175 4096 1257 4153 quem
1277 4080 1305 4136 in
1333 4079 1396 4137 eliis
1423 4080 1517 4148 rebus,
1540 4088 1642 4153 preter
1670 4089 1766 4153 captos

146 4168 179 4226 S.
197 4168 337 4225 Guillelmi
349 4167 461 4224 abbatis
475 4166 567 4225 Seueri
580 4165 757 4224 Theoderici.
964 4168 1075 4237 milites,
1092 4168 1215 4239 suijuris
1231 4168 1295 4225 erit.
1315 4168 1343 4225 Si
1358 4170 1393 4225 de
1408 4168 1538 4241 predicto
1553 4168 1687 4229 beneficio
1703 4166 1770 4228 uio·'

147 4258 176 4315 S.
193 4256 319 4315 tirsiouis
333 4256 488 4313 abbatiss.
506 4256 641 4329 Dionysii.
962 4256 1049 4314 lentie
1062 4258 1107 4314 ιιι
1121 4257 1258 4315 infestatio
1278 4256 1361 4315 faerit
1379 4256 1609 4316 illatsLeodiensi
1623 4258 1764 4333 episcopo,

146 4345 205 4420 sig.
221 4346 304 4403 etiam
318 4345 429 4418 sugerii
442 4346 551 4402 abbatis
574 4343 669 4403 Sancti
687 4343 811 4417 Dionysii
830 4343 909 4401 Puri·
964 4344 1111 4402 hamensis
1129 4346 1155 4403 ei
1169 4346 1283 4404 consilio
1298 4346 1387 4403 ederit
1401 4355 1428 4403 et
1443 4346 1558 4405 auxilio.
1578 4345 1606 4405 Si
1624 4366 1685 4421 quse
1700 4364 1767 4407 veru

111 4430 221 4487 aiensis.
922 4416 954 4482 D
967 4434 1145 4492 contradictio
1159 4434 1241 4491 luerit
1254 4445 1323 4505 orte,
1349 4435 1394 4493 vel
1414 4436 1593 4509 proclamatio
1615 4436 1698 4513 digne
1716 4452 1768 4497 en-

147 4518 210 4593 Sig.
228 4518 336 4575 Nicolri
349 4518 551 4578 archidiaconi.
963 4523 1030 4591 divi,
1047 4539 1103 4580 non
1117 4522 1182 4581 slibi
1194 4531 1294 4581 statuet
1309 4522 1381 4581 diem
1396 4524 1542 4583 audientiae
1565 4526 1623 4585 nisi
1638 4527 1765 4596 ilosomi,

147 4608 179 4665 S.
199 4607 325 4679 lingonis
339 4606 536 4666 archidiaconi.
961 4611 1123 4687 juvabitque
1155 4628 1218 4669 eum
1240 4613 1277 4669 ed
1297 4612 1472 4671 retinendum
1495 4614 1558 4687 lege
1580 4622 1607 4671 et
1631 4616 1783 4673 senteutia-

148 4696 210 4769 Sig.
229 4693 339 4753 lodridi
352 4695 458 4753 deceni.
961 4700 1101 4771 judiciali.
1121 4701 1253 4759 Similiter
1266 4700 1368 4759 ibidem
1383 4711 1473 4760 elnon
1484 4703 1551 4759 elias
1563 4702 1627 4759 alilu
1637 4702 1766 4761 ilemensi

147 4784 180 4844 S.
198 4783 441 4842 Leoniscantoris.
963 4798 1090 4848 occurret
1112 4790 1275 4848 Leodiensis
1303 4792 1458 4865 episcopus,
1481 4791 1516 4849 de
1537 4792 1664 4864 neglectu
1687 4792 1767 4862 hujus

147 4873 519 4949 sig.sdae,sig.n1seru,
542 4874 571 4933 S.
595 4872 709 4947 Odouis,
732 4876 911 4952 bresbytero·
964 4878 1079 4947 servitii,
1095 4880 1138 4937 ιιι
1154 4880 1225 4953 pacti
1249 4874 1472 4953 prevaricatione
1496 4888 1597 4937 tanturn
1618 4896 1767 4954 responsu·

111 4980 189 5022 rrum.
964 4984 1023 5025 rus.
1040 4966 1109 5040 Quis
1127 4984 1195 5027 reru
1210 4968 1370 5027 Leodiensis
1393 4970 1539 5042 episeopus
1559 4969 1675 5027 eliorum
1690 4986 1766 5029 more

148 5054 185 5111 S.
202 5049 329 5120 bosonis,
360 5050 390 5109 S.
419 5050 559 5124 Gerrseii,
587 5052 619 5112 S.
639 5054 790 5130 lirogonis,
819 5058 908 5117 disce
965 5068 1122 5117 casatorum
1135 5059 1280 5115 hominum
1295 5058 1375 5115 nobis
1390 5056 1481 5115 iacere
1495 5074 1549 5115 nou
1570 5060 1656 5133 potuit
1678 5060 1766 5117 homi·

111 5160 224 5203 noram.
965 5146 1049 5213 nium,
1066 5156 1127 5205 octo
1141 5148 1176 5205 de
1190 5148 1256 5217 suis,
1273 5156 1391 5219 quatuor
1408 5146 1536 5205 videlicet
1550 5150 1584 5205 ds
1600 5148 1766 5207 castellaniis

148 5238 245 5294 ictum
269 5236 362 5296 ltemis
389 5250 462 5292 anno
474 5232 612 5292 incarnati
626 5232 708 5290 Verbi
736 5238 816 5304 stre,
840 5236 913 5293 iudi·
965 5237 1000 5294 de
1014 5236 1301 5303 Buillon,Guelterum
1327 5234 1433 5293 scilicet
1456 5236 1491 5293 de
1506 5236 1620 5305 boillon,
1633 5239 1766 5312 ingonem

113 5324 205 5382 ctione
217 5342 246 5395 v,
260 5334 394 5401 regnante
408 5322 547 5381 Ludorico
560 5320 729 5379 Francorum
749 5340 818 5397 rege
838 5340 913 5383 anno
964 5326 1000 5382 de
1016 5326 1170 5392 llirenvslt‚
1186 5325 1340 5381 llenassem
1355 5326 1390 5381 de
1406 5326 1508 5399 lisrge,
1533 5328 1667 5399 ingonem
1680 5326 1766 5384 lilium

114 5428 176 5485 xix,
190 5415 446 5488 archiepiscopatus
461 5420 554 5469 autem
574 5411 669 5479 domni
690 5412 817 5471 nundus
839 5430 913 5473 anno
964 5413 1113 5483 humberti,
1128 5421 1155 5471 et
1170 5422 1285 5486 quatuor
1296 5414 1332 5471 de
1347 5413 1407 5471 eliis
1421 5415 1522 5471 casatis
1534 5416 1601 5484 suis,
1616 5416 1767 5491 cingerum

113 5516 157 5557 ιιι.
530 5526 534 5531 ·
965 5504 1140 5571 advocatum,
1157 5500 1299 5559 Gslteruns
1314 5503 1495 5561 castellanum
1510 5504 1545 5561 de
1559 5504 1639 5575 licio,
1651 5505 1766 5563 Rainsl-

150 5588 297 5649 Fulcradus
308 5590 486 5652 cancellarius
500 5589 673 5665 recognovit,
689 5590 800 5666 scripsit
810 5598 837 5649 et
846 5593 912 5650 sub·
966 5592 1034 5649 dum
1044 5590 1209 5665 delupperi,
1222 5591 1396 5651 humbertum
1407 5593 1443 5651 de
1453 5593 1630 5664 Τιιιιιιιιιι,
1641 5610 1657 5651 ι
1667 5594 1767 5669 quihus

115 5677 238 5753 scripsit.
964 5680 1116 5739 hominium
1130 5682 1312 5757 suscepimus,
1328 5682 1408 5742 nobis
1427 5683 1568 5761 produxit.
1587 5685 1701 5761 Insuper
1714 5686 1766 5743 hu·
1800 5728 1804 5740 .
