3942 6067
111 307 162 365 sot
709 292 835 362 odana
854 288 985 352 auton.
1006 328 1041 340 -
1059 296 1123 357 ata.
1144 306 1166 360 t.
1703 312 1755 367 aas

112 440 239 491 tandum
259 426 405 489 dederunt.
433 428 517 501 liujus
540 428 659 487 officium
674 437 715 487 est
737 428 912 501 presbyteros
926 418 955 480 Α
968 430 1059 494 patur,
1075 425 1138 497 quia
1146 426 1278 500 principis
1291 430 1475 501 apostolomnt
1489 430 1549 487 tice
1562 429 1693 502 iungitur.
1710 431 1762 488 illc

113 531 141 579 et
154 520 278 595 reliquos
304 519 437 577 Ecclesiae
465 518 610 576 ministros
624 518 763 585 ordinare,
792 514 914 588 virgines
968 511 1053 569 etiam
1066 530 1194 573 tammus
1206 519 1339 590 pontifex
1347 519 1508 591 appellatur,
1524 519 1588 592 quia
1606 527 1687 591 caput
1700 533 1761 576 otn-

113 612 219 678 uelare,
231 609 385 682 baptizatos
398 607 573 675 confirmare,
582 607 702 665 chrisma
716 605 838 664 etoleum
846 618 914 661 con·
969 600 1044 657 nium
1059 602 1250 676 episcopomm
1276 621 1340 663 esse
1362 607 1479 664 videtur.
1502 608 1588 677 Huius
1611 622 1712 664 nomen
1733 607 1762 663 in

113 714 237 766 sectare,
261 696 394 755 ecclesias
408 696 549 767 dedicare,
564 712 631 753 vasa
641 703 667 753 et
676 698 770 753 uestes
791 690 915 751 ecclesia
968 690 1142 750 ordinatione
1156 701 1285 765 mutatur,
1300 694 1546 768 quial'etrinomen
1561 696 1589 752 in
1604 696 1764 769 praelatione

112 786 306 845 benedictione
319 783 503 856 sanctificare,
521 784 639 842 rebellet
665 780 912 847 excommunicare,
967 778 1104 838 Ecclesia
1116 797 1132 836 a
1146 782 1256 839 Christo
1266 784 1431 841 mutabatur.
1449 785 1518 842 iiuic
1532 784 1606 842 enirn
1616 784 1765 842 clareatra·

113 875 279 949 poenitantea
301 874 493 941 reconciliare,
513 874 541 929 in
556 873 661 946 synodo
689 868 913 937 clericorumve!
967 866 1077 937 duntur,
1094 870 1164 928 sicut
1177 873 1255 928 Petro
1268 888 1284 927 a
1298 873 1415 931 Domino
1431 874 1521 931 claues
1535 876 1615 945 regni
1632 873 1764 932 coelorum

113 966 141 1020 in
152 972 289 1021 conventu
300 962 464 1035 populorum
479 961 737 1033 ecclesiastictjma
749 958 912 1033 reprobare.
968 956 1156 1029 tradebantur,
1177 967 1207 1015 nt
1222 976 1253 1016 se
1264 960 1411 1031 janitorem
1438 958 1501 1019 coeli
1515 976 1577 1019 etse
1604 971 1763 1036 cognoseat,

113 1052 184 1111 Huic
198 1053 262 1109 dum
279 1051 403 1126 reqimen
428 1050 607 1109 committitur
619 1049 760 1118 Ecclesia,
789 1047 913 1113 baculus,
969 1044 997 1099 in
1008 1045 1082 1118 qnod
1096 1046 1195 1104 coelurn
1209 1048 1364 1105 Ecclesiam
1378 1050 1550 1107 introducere
1561 1050 1669 1106 debeat.
1685 1051 1765 1107 Hunc

113 1141 193 1214 quasi
206 1142 322 1213 pastori,
339 1148 366 1196 et
379 1139 506 1209 annulus,
521 1140 717 1214 apocrisiario,
726 1138 753 1194 id
767 1145 913 1195 estsacre-
967 1131 1171 1193 Melchisedech
1184 1136 1213 1192 in
1230 1135 1322 1195 ollicio
1336 1138 1465 1210 praetulit,
1480 1138 1558 1208 cujus
1580 1136 1765 1195 sacerdotium

113 1238 207 1287 torum
224 1227 368 1303 sigillatori
383 1228 518 1295 traditur;
535 1233 794 1301 qnatenuaqregetn
813 1222 915 1281 Christi
967 1220 1030 1277 attis
1049 1221 1264 1295 incomparabile
1289 1224 1349 1282 init.
1366 1227 1447 1297 Papae
1460 1233 1551 1282 autem
1577 1225 1696 1283 odicium
1722 1234 1766 1283 eat

112 1318 150 1375 ad
159 1332 265 1390 pascua
278 1316 342 1375 vitat
351 1314 449 1373 baculo
463 1316 596 1374 doctrinae
607 1317 701 1382 minet,
717 1322 797 1388 atque
806 1328 915 1385 aponsae
967 1309 1068 1365 tniasts
1079 1318 1106 1367 et
1119 1310 1211 1368 divina
1225 1313 1314 1370 cilicia
1328 1314 1467 1380 ordinare,
1496 1329 1616 1371 mncnes
1629 1329 1679 1385 pro
1692 1321 1764 1370 tem-

112 1405 216 1462 Cbristi
231 1408 339 1463 secreta
353 1404 666 1476 Scripturnmmannulo
681 1401 909 1474 lideiconsiqnet.
967 1412 1034 1469 pore
1048 1398 1086 1454 ad
1111 1400 1257 1457 utilitatem
1280 1401 1414 1459 Ecclmiae
1436 1402 1590 1459 immutare.
1611 1405 1765 1476 Angustum

214 1520 281 1577 Car.
296 1518 469 1575 CLXXXVI.
480 1550 515 1561 -
526 1519 565 1577 Dc
575 1518 807 1592 arctupbcoptt.

148 1630 388 1704 Arcbiepitcopttt
414 1628 517 1685 dicitnr
539 1644 664 1685 summus
686 1628 842 1701 episcopus,
870 1626 914 1683 vel

110 1718 243 1792 princeps
265 1718 466 1791 episcoporum,
480 1718 581 1775 arcbos
595 1717 696 1790 quiippe
720 1730 852 1787 summm,
867 1714 912 1773 vel

111 1808 241 1881 princeps
254 1806 361 1864 dicitur.
374 1806 450 1862 ldem
463 1806 547 1863 etiarn
563 1806 797 1878 metropolitanus
805 1802 913 1862 dicitur.

112 1896 274 1969 iletrcpolit
297 1898 391 1951 antem
401 1901 489 1951 mutar
512 1894 652 1951 ciuitatum
666 1900 790 1961 tactim,
815 1891 914 1949 etidco

112 1982 305 2056 principalium
319 1982 461 2039 ciuitatum
476 1981 819 2054 episcopimetrcpctitoati
831 1980 915 2037 nomi-

111 2078 213 2126 nantur
227 2090 237 2139 ,·
252 2071 348 2127 bomnt
369 2068 490 2127 cilicium
514 2078 556 2126 est
579 2069 912 2141 episcoposconsecrara,

112 2157 231 2215 concilia
244 2172 427 2232 congregare,
440 2158 505 2228 iura
514 2156 620 2229 dilapsa
632 2171 771 2229 reparare.
789 2156 848 2214 Boc
858 2154 914 2213 otii·

110 2246 185 2304 cium
197 2247 307 2318 lloysea
321 2245 426 2317 babuit,
442 2246 490 2319 qui
503 2248 599 2303 Aaron
613 2243 767 2317 pontificem
777 2244 839 2302 cleo
848 2260 914 2302 con·

110 2334 231 2391 sacravit
245 2334 348 2405 (deod.
362 2335 421 2406 xc).
438 2337 509 2391 Ante
522 2335 574 2391 boa
587 2349 654 2391 crux
668 2340 801 2404 portatur,
818 2333 912 2404 etpal-

110 2422 149 2477 iio
176 2422 205 2477 in
233 2422 346 2479 modum
371 2422 465 2481 crucis
492 2422 665 2489 decorantur,
695 2422 759 2495 quia
787 2420 913 2477 siCbri-

110 2509 358 2567 stumcrucilinum
379 2510 528 2578 imitantur,
555 2518 651 2584 torque
677 2510 799 2569 uictoria
819 2524 913 2567 remu-

114 2606 259 2657 natantur.

218 2713 289 2769 cnr.
312 2712 496 2771 ccxxxvtt.
513 2743 548 2754 -
566 2714 603 2770 De
617 2711 803 2787 patriurchis.

146 2846 319 2903 Potrictrcbc
333 2846 432 2903 dicitur
445 2861 569 2902 nummus
583 2848 702 2917 palmm,
717 2845 762 2900 tel
783 2843 912 2918 princeps

109 2942 229 3005 patrum.
247 2932 405 2991 Patriarcba
432 2934 504 2991 enim
519 2942 596 3007 pater
607 2948 678 2991 arcae
697 2933 797 2991 dicitnr
809 2933 913 2989 scilicet

107 3020 252 3087 Ecclesia,
278 3022 307 3077 bi
321 3030 423 3077 tantum
438 3030 496 3078 tres
523 3023 689 3089 scribuntur,
705 3036 820 3095 quorum
840 3018 912 3093 ligu-

968 1500 1134 1544 ccnaecrare
1148 1496 1176 1544 at
1184 1489 1268 1561 pallia
1290 1489 1678 1564 aramapiaaopis,privi1egta
1705 1490 1765 1564 epi·

967 1574 1061 1648 scopia
1070 1575 1115 1633 tel
1128 1576 1191 1633 aliis
1203 1576 1344 1651 religiosis
1373 1578 1453 1645 dare,
1468 1584 1554 1634 totam
1570 1577 1722 1635 Ecclesiam
1735 1585 1766 1634 ut

967 1661 1091 1719 Christus
1099 1666 1264 1737 gnbernare.
1281 1666 1496 1739 ltaqaeptpain
1509 1666 1572 1723 tice
1587 1665 1688 1723 Christi
1710 1668 1768 1723 Ec·

928 1749 1082 1829 Bcleaitm
1092 1752 1176 1825 repit,
1191 1753 1314 1827 episcopi
1325 1754 1354 1809 in
1364 1755 1426 1812 loco
1437 1752 1626 1826 apostolorum
1640 1754 1667 1809 ci
1694 1770 1769 1825 prte-

969 1847 1045 1895 sunt.
1059 1842 1219 1915 Presbyteri
1233 1842 1408 1916 septuaginta
1421 1843 1493 1899 duos
1505 1841 1656 1913 discipulos
1680 1842 1770 1915 expri-

967 1934 1056 1985 munt.
1070 1928 1180 2001 Reliqui
1191 1929 1310 1986 ntiniatri
1323 1931 1454 1989 diaconos
1464 1930 1500 1985 ab
1514 1929 1647 2002 apostolis
1661 1930 1767 1988 consti-

967 2022 1041 2074 tutos
1052 2016 1204 2089 praeierunt
1217 2018 1291 2090 (Act.
1305 2020 1357 2091 tt).

1005 2134 1071 2189 Car.
1088 2133 1266 2191 CLXXXIX,
1284 2136 1369 2194 -De
1380 2139 1593 2197 consecratione
1599 2154 1693 2211 popoe.

1004 2232 1078 2303 Papa
1092 2230 1210 2288 nicatius
1231 2232 1333 2289 Christi
1346 2248 1499 2306 omnesque
1520 2233 1643 2307 episcopi
1656 2240 1768 2306 aposto·

966 2318 1057 2375 lorum
1070 2318 1167 2376 vicarii
1181 2319 1208 2375 in
1222 2321 1365 2380 Dominica
1375 2323 1420 2378 die
1434 2322 1676 2379 debetrtordinari.
1691 2321 1769 2378 ilora

967 2406 1059 2473 tertia,
1072 2423 1125 2481 qua
1136 2409 1253 2481 apostoli
1263 2409 1366 2483 Spiritu
1394 2418 1489 2468 sancto
1504 2418 1567 2467 sunt
1580 2410 1643 2467 cleo
1670 2410 1768 2465 invisi·

966 2494 1015 2551 bili
1031 2497 1195 2553 consecrati.
1212 2496 1311 2554 Oleum
1331 2498 1451 2555 lucernis
1472 2498 1566 2555 lumen
1580 2498 1724 2565 ministrat,
1741 2505 1769 2554 et

935 2608 938 2614 Δ
966 2582 1080 2639 vulnera
1097 2590 1189 2641 curat.
1209 2585 1249 2639 lta
1264 2585 1382 2657 Spiritus
1397 2593 1508 2643 sanctus
1522 2585 1655 2659 apostolis
1676 2584 1768 2641 lumen

966 2670 1088 2728 scientim
1100 2671 1273 2737 ministravit,
1289 2682 1317 2730 et
1330 2672 1447 2731 vulnera
1460 2682 1637 2745 peccatorum
1652 2672 1767 2730 curavit.

965 2761 1033 2819 Ideo
1047 2762 1239 2837 episcopialec
1248 2772 1399 2838 unguntur,
1411 2773 1441 2820 ut
1455 2780 1486 2820 se
1497 2764 1629 2837 Spiritum
1643 2773 1766 2821 sanctum

966 2850 1098 2922 apostolis
1112 2852 1206 2908 datum
1221 2853 1364 2925 accepisse
1390 2854 1550 2921 doceantur,
1580 2860 1608 2909 et
1621 2862 1651 2909 ut
1664 2853 1720 2909 uita
1741 2862 1769 2910 et

965 2939 1093 2998 doctrina
1116 2955 1209 2997 coram
1231 2940 1391 2997 bominibus
1418 2942 1537 3007 luceant,
1554 2948 1581 2998 et
1595 2956 1672 2998 cosa
1695 2941 1769 2999 titiis

966 3042 1064 3085 curare
1078 3035 1218 3102 satagant.
1237 3029 1303 3087 ideo
1317 3036 1409 3087 autent
1424 3030 1453 3085 in
1463 3028 1657 3086 Dominicadic
1668 3044 1769 3086 conse-

109 3124 173 3165 ram
188 3110 337 3166 Abrabam.
354 3109 431 3167 lssac
445 3119 473 3166 et
484 3110 570 3167 Jacob
584 3110 911 3184 gessisseIeguntur.Ho-
925 3116 951 3182 c
966 3123 1088 3183 orantur,
1106 3117 1170 3189 quia
1184 3125 1212 3174 et
1235 3132 1270 3175 aa
1296 3117 1341 3175 die
1355 3117 1475 3191 apostoli
1499 3133 1518 3175 ε
1546 3117 1649 3190 Spiritu
1672 3124 1768 3174 sancto

108 3214 172 3254 rum
189 3214 260 3254 unus
274 3198 457 3273 principatum
467 3199 494 3254 in
509 3198 664 3255 Asiatenuit
680 3216 686 3262 ;
701 3196 748 3271 qui
762 3198 912 3270 praesulttn

107 3286 137 3341 in
152 3286 297 3343 Antiochia
311 3285 430 3357 praeiuit.
447 3286 522 3345 Alina
537 3286 564 3341 in
587 3284 679 3342 Attica
707 3286 851 3356 primatum
868 3287 912 3341 bn·

108 3374 179 3441 buit,
194 3374 239 3447 qui
256 3375 283 3431 in
297 3374 465 3431 Alexandria
490 3374 679 3447 pontificatum
694 3375 788 3431 tenuit.
804 3374 912 3431 Tertius

109 3464 140 3518 in
156 3464 270 3535 Europa
284 3463 499 3536 principabatur,
516 3463 562 3537 qui
590 3462 704 3519 Romani
718 3462 805 3535 apicis
827 3462 913 3517 infula

109 3551 305 3607 decorabatur.
321 3552 375 3607 lias
390 3560 447 3608 tres
458 3550 539 3608 sedes
554 3551 616 3607 ideo
634 3550 758 3609 Ecclesia
771 3550 911 3624 priucipa-

110 3640 152 3695 les
175 3639 323 3707 constituit,
347 3640 410 3711 quia
426 3654 473 3696 εεε
487 3639 617 3713 princeps
644 3638 832 3711 apostolomm
862 3654 914 3695 sua

109 3726 235 3783 sessione
246 3728 420 3785 commoravit
437 3746 444 3783 ι
455 3726 562 3784 duabus
577 3727 681 3800 quippe
691 3726 833 3799 praesedit.
844 3728 912 3783 Ter·

108 3816 174 3871 tiam
185 3816 296 3872 Marcus
312 3815 486 3889 evangelista
500 3814 604 3872 nomini
619 3814 911 3887 ejusaacripsit.1³ost·

105 3919 163 3975 qun
179 3918 244 3961 tero
271 3904 385 3961 Nicoena
412 3904 535 3977 synodus
563 3904 688 3961 Romano
711 3901 835 3974 pontifici
859 3902 913 3961 boc

107 3990 224 4048 contulit
240 3991 426 4065 priuilegium,
445 4000 474 4047 ut
488 3991 558 4048 sicut
569 3990 908 4065 Augurinapraareqibtts,

107 4084 145 4138 ita
160 4083 220 4155 ipae
234 4098 291 4155 praa
309 4082 440 4141 'omnibns
455 4083 593 4155 episcopis
620 4082 780 4150 baberetur,
796 4090 824 4138 et
837 4098 912 4155 popa

106 4178 265 4238 uocaretur,
282 4172 327 4241 ius
351 4172 553 4243 patriarchatus
568 4170 601 4227 ad
630 4169 910 4241 Constantinopolita-

109 4274 173 4315 nam
187 4259 293 4328 urbem,
316 4258 582 4317 scilicetaecundam
598 4259 712 4317 liomam
734 4266 776 4315 εει
789 4258 910 4315 transla-

108 4355 176 4405 tum,
192 4346 273 4418 Quod
285 4353 380 4405 tutem
394 4348 458 4404 aliae
472 4347 627 4404 ardescunt
640 4354 751 4404 mutatae
764 4347 818 4405 boc
827 4360 912 4404 cansa

106 4435 230 4491 creditur
244 4451 315 4493 ease.
328 4436 395 4493 Cum
414 4435 572 4503 Christiani,
589 4435 686 4492 relicta
702 4435 764 4507 lega
778 4434 838 4501 Dei,
854 4449 908 4506 pa·

105 4536 194 4596 panos
209 4524 318 4596 spurcis
328 4524 460 4595 operibus
474 4522 655 4589 imitarentur,
673 4523 776 4593 judicio
785 4522 835 4578 Dei
848 4530 906 4579 tra·

104 4612 154 4667 diti
168 4619 232 4668 aunt
243 4612 270 4667 in
285 4612 414 4668 manibus
436 4627 530 4669 eorum
542 4612 600 4686 qui,
620 4610 719 4667 deletis
733 4611 904 4676 Christianis,

105 4700 283 4770 possiderant
297 4700 357 4756 loct
367 4716 475 4757 eorum.
495 4701 573 4757 Unde
588 4698 776 4756 Antiochenus
790 4699 905 4772 patriar-

105 4788 205 4843 cbatus
228 4796 271 4845 ett
299 4788 333 4843 ad
363 4786 585 4860 Hierosolymam
621 4786 777 4845 translatus.
821 4788 906 4843 Porro

107 4874 312 4931 Alexandrinus
327 4876 363 4932 ad
382 4875 552 4949 Aquileqiam
568 4884 608 4931 est
629 4874 744 4947 positus,
770 4874 906 4946 quiabuic

106 4963 213 5019 ciuitati
231 4964 351 5036 primum
366 4964 473 5021 blancus
502 4964 670 5038 avangelista
693 4963 830 5035 praesedit,
859 4964 906 5035 qui

106 5050 281 5108 Alexandriae
298 5052 419 5123 praeiuit.
438 5056 595 5126 Quanquam
612 5052 721 5125 quidam
743 5051 907 5108 contendant

105 5140 178 5211 quod
187 5140 425 5212 Carthaginiensis
439 5142 586 5212 episcopus
602 5140 655 5196 bac
664 5140 839 5196 translatione
847 5139 907 5211 pol-

105 5227 171 5283 leat.
187 5228 293 5284 iiornm
307 5228 428 5285 cilicium
443 5236 485 5285 ast
500 5228 723 5302 archiepiscopos
733 5244 905 5296 consecrata,

103 5316 217 5373 decreta
232 5332 367 5374 canonum
380 5317 543 5373 instaurate.

265 5446 332 5502 Car.
348 5446 545 5507 ccxxxviii.
561 5476 597 5487 -
612 5448 649 5503 lic
659 5464 745 5520 popo.

140 5559 329 5631 Pcpcdicitnr
352 5564 439 5619 Pater
451 5566 578 5635 potrum,
608 5560 651 5617 vel
667 5567 762 5618 custos
787 5569 905 5634 patrum.

104 5650 156 5705 liic
170 5649 245 5705 enim
260 5650 424 5706 uniuersalis
434 5656 620 5721 nuncupatur,
637 5649 701 5723 quia
717 5650 907 5707 unitersteEc·

103 5735 384 5811 cltsiaeprincipatur.
401 5738 452 5797 iiic
474 5738 770 5812 qnoqueopcttolicna
796 5754 905 5797 nuncu-

966 3203 1173 3272 ordinabtntur,
1187 3211 1214 3263 et
1231 3215 1260 3262 ut
1274 3222 1305 3263 ac
1320 3221 1381 3263 cum
1396 3206 1506 3263 Christo
1523 3205 1724 3276 resurrexisse,
1739 3214 1767 3262 et

966 3292 995 3347 itt
1007 3292 1130 3350 nouitate
1143 3294 1206 3350 titae
1214 3294 1356 3351 ambulate
1366 3295 1573 3351 admoneantur.
1627 3374 1636 3384 ²

1061 3414 1128 3471 Ctr.
1142 3413 1222 3470 CXC.
1238 3442 1275 3455 -
1290 3416 1328 3471 bc
1341 3414 1442 3472 ordine
1456 3415 1668 3471 ministrorum.

1002 3509 1118 3565 blinistri
1131 3508 1265 3566 Ecclesia
1276 3508 1321 3566 rel
1336 3509 1443 3565 altaris.
1462 3509 1528 3566 ideo
1548 3508 1576 3565 in
1592 3509 1704 3566 sabbato
1719 3523 1768 3564 cr-

966 3596 1104 3664 dinantur,
1120 3597 1193 3668 quod
1206 3598 1318 3670 requies
1342 3597 1449 3666 dicitnr,
1466 3596 1532 3668 qnia
1553 3597 1620 3668 ipsit
1636 3596 1671 3652 ab
1694 3595 1770 3653 omni

966 3704 1051 3761 opera
1063 3688 1158 3745 servili
1171 3690 1358 3761 requiescere,
1381 3698 1407 3745 et
1421 3689 1449 3744 in
1463 3689 1513 3744 bei
1528 3687 1641 3746 seruitio
1667 3702 1769 3745 uacare

964 3775 1139 3850 praecipitur.

1123 3871 1195 3926 Car.
1213 3870 1311 3927 CXCl.
1328 3901 1364 3912 -·
1378 3872 1416 3927 lte
1430 3872 1609 3944 presbyteria.

1003 3958 1159 4030 Presbyteri
1173 3975 1240 4014 uero
1254 3958 1288 4014 ad
1302 3972 1460 4030 uesperam,
1476 3974 1538 4031 quae
1560 3957 1649 4029 magis
1660 3957 1697 4014 ad
1712 3958 1768 4013 Do·

967 4047 1095 4104 minicam
1109 4047 1235 4118 pertinet,
1251 4053 1460 4113 consecrantur,
1476 4046 1541 4119 quia
1554 4046 1674 4115 Cbriato,
1689 4046 1769 4116 cujus

968 4149 1069 4206 corpus
1091 4132 1249 4202 conficiunt,
1278 4134 1498 4207 incorporantur.
1538 4134 1603 4189 ideo
1623 4142 1713 4188 autem
1740 4133 1769 4187 in

968 4230 1086 4296 quatuor
1109 4222 1277 4294 temporibus
1301 4221 1414 4278 ordines
1435 4222 1545 4288 dantur,
1563 4222 1628 4294 quia
1654 4228 1771 4293 quatuor

968 4310 1072 4384 gradum
1086 4311 1232 4367 Dominum
1251 4310 1482 4377 benedicentium,
1502 4310 1566 4383 quia
1580 4309 1694 4383 acolyti,
1708 4310 1770 4365 aab

969 4400 1092 4466 ιιιεεοειι,
1103 4398 1226 4466 diaconi,
1243 4400 1399 4471 presbyteri
1412 4397 1770 4473 intelliguntur‚aubcustc

922 4471 1011 4548 Ddiu
1024 4498 1141 4564 quatuor
1147 4491 1362 4564 Euangeliorum
1376 4491 1411 4547 ad
1424 4491 1576 4547 ministeria
1590 4489 1726 4547 Ecclesia
1732 4490 1760 4545 in

961 4587 1079 4654 quatuor
1092 4579 1217 4652 partibus
1229 4579 1324 4636 mnndi
1334 4578 1600 4654 diffusaaeliquntur.

1114 4694 1182 4750 Car.
1202 4694 1311 4751 CXCII.
1329 4726 1364 4737 -
1379 4697 1418 4753 De
1432 4696 1606 4768 cirpictbat.

996 4804 1125 4878 Virgines
1138 4820 1206 4862 tero
1229 4806 1293 4861 ideo
1307 4805 1337 4861 in
1350 4804 1481 4861 natalitiis
1500 4802 1685 4877 apostolomtu
1710 4818 1762 4857 ta·

960 4891 1062 4959 lentur,
1078 4892 1142 4965 qnia
1161 4909 1211 4965 per
1224 4892 1393 4965 apostolicos
1416 4893 1494 4949 tirus
1518 4890 1597 4963 quasi
1612 4905 1664 4961 par
1678 4905 1763 4961 para-

961 4982 1097 5053 nymphos
1111 4996 1221 5053 sponsae
1235 4980 1346 5037 Cbriato
1359 4987 1572 5037 consecrantur.
1592 4978 1627 5034 Et
1641 4978 1768 5051 quiamo

960 5082 1019 5124 rem
1033 5068 1197 5143 virginitatis
1215 5070 1334 5141 primum
1362 5068 1481 5140 apostoli
1496 5065 1631 5124 Ecclesite
1657 5080 1756 5121 sertan

961 5156 1030 5212 dum
1046 5157 1227 5223 tradiderunt,
1256 5172 1338 5229 quern
1353 5171 1369 5212 a
1384 5163 1516 5228 perpetua
1536 5153 1651 5225 Virgine
1679 5151 1764 5207 llaria

960 5254 1138 5317 acceperunt.

1032 5360 1102 5417 Cae.
1121 5360 1242 5416 cxcltt.
1262 5390 1296 5402 -
1311 5362 1350 5416 De
1369 5362 1489 5418 tanturn
1508 5356 1693 5415 elericorum.

996 5476 1119 5531 Tonsura
1141 5474 1302 5531 clericorum
1324 5473 1433 5529 initium
1456 5472 1572 5545 sumpsit
1594 5470 1630 5525 ab
1643 5470 1764 5526 usuNa·

961 5578 1121 5620 abacorum.
1139 5562 1173 5617 lli
1187 5578 1221 5618 ex
1231 5563 1312 5630 iussu
1326 5560 1398 5635 tegis
1410 5562 1501 5617 crines
1516 5572 1582 5617 suos
1612 5558 1756 5622 radebant,

960 5660 990 5708 et
1002 5651 1029 5707 in
1041 5648 1207 5708 sacrificium
1221 5649 1338 5705 Domino
1353 5648 1549 5708 incendebant.
1573 5640 1699 5706 ltatarni
1713 5662 1765 5703 au-

960 5748 1016 5796 tent
1030 5738 1158 5797 ditamur
1170 5738 1273 5804 tcttctt',
1289 5736 1362 5795 unde
1376 5738 1494 5811 apostoli
1500 5739 1537 5797 td
1544 5734 1704 5813 exemplum
1714 5749 1765 5791 ac·
