3942 6067
78 269 127 322 999
451 261 498 320 ba
515 258 650 320 scutra.
673 261 817 319 nectas.
841 261 932 317 LIBRI
951 256 1132 331 Quaruou.
1148 291 1183 302 -
1196 260 1262 333 tta..
1277 260 1322 316 tr.
1667 263 1751 359 ,SSB

78 388 236 454 Hieremiae,
253 385 282 440 in
295 383 411 441 Esdram
426 393 454 442 et
466 385 610 444 Neemiam
631 385 695 442 libri
710 394 780 450 tres;
802 386 828 440 in
843 383 877 440 li·
892 383 920 444 Α
933 391 1032 456 pturae.
1051 385 1108 441 Sub
1123 382 1314 441 Leouelloruit
1324 384 1419 440 Romae
1428 383 1541 440 moritur
1551 392 1579 441 et
1589 384 1730 456 sepelitur.

78 481 160 534 hrum
174 475 345 533 Tobiaelibri
368 475 432 543 duo,
458 476 486 530 in
509 475 566 532 Ceri
574 477 656 532 ticum
668 475 792 548 ,Abacuc
813 473 885 530 liber
974 474 1042 529 Cir.
1056 475 1090 529 ll.
1102 471 1335 545 alcuinustttb‘),
1346 472 1584 546 nationeangtus
1597 474 1739 530 liboraicae

77 584 170 634 nons;
186 566 253 622 item
266 565 294 619 in
308 563 392 620 libros
406 563 512 638 Regum
536 571 563 622 et
587 564 832 636 Paralipomenon,
857 562 885 618 in
940 562 1056 619 civitatis
1070 562 1213 628 diaeonus,
1228 560 1319 618 officio
1333 560 1525 628 scholasticus,
1540 561 1675 633 dignitate
1687 561 1739 617 ab-

77 659 140 726 tob,
159 658 189 712 in
203 657 420 713 pantateuchum
444 657 541 731 Moysi,
557 665 585 712 et
598 657 690 721 Josue,
716 664 743 712 et
757 655 785 711 in
809 655 887 710 Parn-
941 650 1001 718 bas,
1016 651 1150 722 magister
1164 649 1253 708 Caroli
1280 651 1466 722 imperatoris,
1481 649 1593 721 scripsit
1620 650 1741 708 breviter

80 747 175 814 bolas,
191 745 438 816 inEuelesiasten,
454 745 482 801 iu
509 746 622 802 Cantica
650 745 828 811 canticorum,
859 743 887 799 in
941 756 1038 796 omnes
1052 739 1180 796 liberales
1193 747 1269 795 artes
1283 739 1742 812 adpraedictumiiiiperatorem,et

79 837 203 906 Esaiam,
221 836 249 891 in
264 834 382 890 Bsdrem
396 834 516 906 capitula
536 835 633 902 multu,
657 835 684 889 in
709 833 887 906 Evangelinm
940 829 1027 885 multa
1042 829 1097 885 alia
1109 828 1255 900 praeclara.

78 927 171 983 ttarci
185 925 249 980 libri
271 931 396 996 quatuor,
426 923 454 978 in
484 925 583 980 Lucam
614 939 673 990 sex,
705 922 734 979 in
758 921 887 978 homilias
973 918 1041 974 Cir.
1056 917 1105 973 lll.
1117 917 1257 974 Amatoria
1266 916 1461 990 (96)ttetensis
1469 917 1686 990 episcopussub
1694 918 1742 974 Lu·

79 1013 228 1086 Evangelii
242 1013 307 1068 libri
322 1013 387 1078 duo,
403 1011 431 1068 in
443 1012 603 1084 Apostolum
619 1011 705 1068 multa
720 1011 847 1084 capitula,
860 1010 888 1066 iii
942 1006 1051 1076 dorico,
1058 1006 1169 1078 scripsit
1177 1007 1262 1062 libros
1270 1014 1387 1080 quatuor
1396 1007 1431 1064 de
1439 1006 1540 1063 divinis
1550 1007 1740 1064 sacramentis.

79 1107 167 1160 Actus
182 1101 375 1173 Apostolorum
390 1100 453 1157 libri
468 1101 532 1168 duo,
549 1101 577 1157 in
592 1100 730 1172 Epistolas
741 1100 888 1157 canonicas
979 1096 1047 1152 Cin.
1062 1095 1112 1151 lV.
1128 1095 1261 1152 liabanus
1282 1096 1349 1167 (et),
1365 1111 1400 1151 ex
1417 1095 1576 1152 monasterii
1595 1095 1743 1152 Fuldensis

78 1193 144 1248 libri
167 1199 282 1264 septem,
302 1191 330 1246 in
351 1189 527 1263 Apocalysim
551 1197 622 1258 (τοο)
647 1190 675 1245 in
699 1188 822 1260 capitula
854 1189 888 1244 de
944 1183 1045 1240 abbate
1055 1183 1275 1256 hloguntinensis
1295 1185 1452 1257 episcopus,
1462 1184 1571 1257 scripsit
1588 1184 1743 1241 mirabilem

81 1287 138 1338 teto
153 1296 228 1337 novo
242 1281 434 1347 Testamento;
451 1279 629 1352 epistolarum
645 1279 714 1336 liber
736 1279 771 1334 ud
793 1277 889 1334 diver·
943 1273 1043 1330 librum
1057 1274 1098 1329 De
1112 1273 1244 1345 mysterio
1258 1281 1359 1330 sanetae
1370 1274 1471 1341 erucis,
1484 1281 1512 1330 et
1524 1277 1610 1331 totuin
1620 1274 1707 1330 Vetus
1716 1280 1744 1331 et

81 1385 139 1436 sos,
152 1370 188 1426 de
203 1385 253 1424 seii
266 1369 393 1426 aetatibus
407 1385 486 1436 nuris,
509 1368 544 1426 de
557 1368 748 1425 mansionibus
770 1365 888 1423 liliorum
943 1364 1051 1419 Novum
1061 1363 1264 1418 Testamentum
1274 1362 1410 1434 esposuit.
1423 1363 1479 1419 Sub
1489 1361 1626 1420 ludovico
1636 1361 1742 1420 claruit.

82 1458 173 1514 lsrael
186 1457 250 1512 libri
264 1473 374 1525 novem,
389 1457 424 1514 de
454 1457 618 1525 isaianum,
641 1457 676 1513 de
702 1456 807 1512 ratione
833 1455 889 1511 bis·
979 1450 1047 1507 Car.
1063 1451 1095 1506 V.
1113 1449 1234 1506 Paterius
1246 1452 1303 1523 (98)
1318 1451 1431 1524 quidam
1453 1450 1561 1523 redegit
1589 1450 1617 1506 in
1642 1449 1745 1506 librum

82 1546 187 1614 sextili,
204 1546 240 1602 de
254 1545 420 1619 equinoctio
443 1561 552 1613 norem,
569 1546 603 1602 de
630 1545 751 1601 historiis
771 1544 888 1601 Sancto·
943 1538 1097 1596 testimonia
1124 1537 1344 1609 scripturarum,
1374 1555 1434 1613 quae
1463 1539 1559 1596 beatus
1592 1537 1745 1613 Gregorius

83 1653 157 1692 rum.
174 1635 286 1691 bibrum
302 1635 364 1692 uitae
377 1642 404 1690 et
414 1635 551 1706 passionis
566 1635 597 1691 S.
613 1635 711 1692 Felicis
721 1631 888 1690 contessoris
943 1627 1144 1686 introducendo
1159 1627 1296 1700 exposuit.

83 1725 118 1780 de
132 1731 225 1780 metro
240 1722 268 1778 in
281 1737 395 1794 prosam
411 1723 561 1788 transtulit;
586 1723 670 1779 vitani
685 1730 711 1779 et
733 1721 889 1794 passionem
903 1743 931 1804 B
981 1718 1048 1774 Cae.
1064 1719 1113 1774 vt.
1129 1717 1296 1793 Smaragdos
1306 1716 1374 1788 (99),
1386 1716 1641 1773 abbasmonnsterii
1655 1714 1748 1774 Sancti

83 1813 175 1870 saneti
199 1811 341 1868 anastasii
365 1812 402 1868 de
415 1811 513 1868 Graeco
540 1811 568 1866 in
596 1811 719 1866 Latinum
749 1809 888 1881 correxit,
944 1806 1095 1874 Michaelis,
1110 1807 1258 1864 Lectiones
1273 1815 1299 1862 et
1312 1806 1462 1879 Evangelia
1476 1806 1504 1861 in
1526 1805 1625 1864 divinis
1648 1805 1745 1863 officiis

84 1901 179 1956 Vitam
197 1900 287 1957 sancti
303 1900 422 1956 Gutberti
437 1900 564 1956 monachi
579 1908 608 1956 et
622 1901 745 1972 episcopi
763 1907 850 1956 metro
866 1907 893 1955 et
944 1895 1065 1970 legenda
1079 1911 1132 1968 per
1146 1895 1278 1953 circulum
1293 1894 1358 1951 anni
1371 1895 1505 1967 exposuit,
1520 1902 1548 1950 et
1569 1893 1670 1950 librum
1684 1911 1749 1952 mo-

83 2005 169 2062 prosa
186 1989 353 2060 composuit;
369 1989 517 2045 Historiam
541 1989 693 2061 anglorum
713 1988 834 2061 quinque
856 1988 891 2043 li-

85 2078 147 2134 bris
163 2077 269 2142 edidit;
285 2077 511 2152 martyrologium
526 2078 560 2134 de
575 2077 704 2133 natalitiis
719 2085 891 2142 sanctorum;

84 2167 192 2222 librum
207 2167 379 2238 Hymnorum
395 2166 504 2224 diverso
526 2174 615 2222 metro
630 2165 687 2222 sire
703 2167 840 2237 rhythmo,
857 2165 893 2221 li-

85 2255 172 2310 brum
187 2255 428 2328 Epigrammatum
441 2255 567 2327 elegiaco
580 2261 679 2323 metro,
691 2255 732 2311 lle
742 2262 837 2310 natura
852 2270 894 2310 re·

85 2361 160 2413 rum,
171 2350 200 2399 et
210 2343 251 2399 Be
261 2343 431 2417 temporibus
441 2344 565 2418 singulos
576 2343 672 2412 libros,
683 2343 747 2400 iterii
759 2343 843 2400 elium
854 2343 894 2400 De

86 2433 259 2504 temporibus
273 2432 416 2506 majorem,
427 2433 525 2489 librum
539 2434 580 2489 De
592 2433 787 2508 orthographia
800 2432 894 2505 alpha-

87 2521 155 2584 beti,
168 2520 269 2578 librum
276 2522 512 2590 Demetrieaarte,
520 2524 559 2578 lte
570 2522 757 2581 schematibus
765 2521 893 2594 ettropis,

85 2609 208 2678 honest,
223 2609 373 2684 defigeris
387 2619 414 2668 et
432 2611 522 2668 modis
535 2610 704 2670 locutionum
718 2626 806 2670 sacra
815 2611 896 2669 Scri-

88 2795 215 2854 historiae
230 2795 289 2867 ejus
298 2795 422 2869 llnglica
431 2796 603 2855 continuator
615 2805 640 2855 et
652 2797 792 2856 llatthaens
802 2797 896 2856 West-

89 2867 322 2924 monasteriensis
337 2867 459 2926 tradunt.
479 2867 573 2941 Opera
588 2871 648 2940 eius
662 2871 762 2937 omnia,
775 2887 835 2943 quae
850 2871 895 2927 in-

86 2939 182 2995 ueniri
195 2946 356 3011 potuerunt,
392 2940 472 2996 tomis
484 2950 546 2997 octo
556 2941 736 2999 colonienses
750 2945 819 2998 tuit
838 2939 896 2998 edi-

90 3011 214 3066 derunt:
231 3010 281 3066 sed
296 3009 399 3066 utinam
414 3011 559 3068 Britannus
574 3012 672 3085 aliquis
686 3013 713 3068 in
735 3013 768 3068 iis
794 3029 895 3070 recen-

90 3081 188 3138 sendis
200 3081 236 3136 ad
252 3080 333 3137 tidem
348 3097 419 3138 mss.
438 3083 563 3140 codicum
577 3092 689 3155 praestet
703 3085 834 3155 operam!
862 3083 892 3138 ln

89 3153 174 3210 tomis
191 3153 249 3208 istis
263 3161 327 3208 sunt
340 3169 396 3208 noo
412 3169 498 3237 pauca
517 3155 598 3210 bedae
618 3153 687 3210 lalso
700 3155 817 3226 ascripta
833 3170 840 3210 :
857 3155 892 3212 de

90 3225 195 3296 quibus
209 3223 401 3279 Bellarminum
414 3240 442 3280 in
456 3224 597 3306 Catalogo,
613 3234 639 3280 et
664 3227 840 3282 Posscvinum
863 3227 892 3282 in

91 3300 234 3367 apparatu
248 3310 338 3362 sacro,
352 3305 380 3352 et
393 3295 536 3352 Beroniuin
552 3312 580 3350 in
594 3297 744 3352 Annalibus
767 3297 904 3354 consule(

91 3368 183 3422 Titum
193 3373 267 3420 certe
283 3365 310 3420 S.
329 3365 440 3422 Tadasti
454 3382 511 3422 non
525 3367 608 3436 Beda,
628 3368 678 3423 sed
697 3367 840 3436 Aloninus,
857 3369 888 3424 S.

91 3435 201 3492 Patricii
217 3436 331 3504 Probus,
347 3437 376 3494 S.
393 3437 555 3494 Columbani
570 3439 656 3494 ionas
670 3439 835 3495 monachus.
854 3437 888 3494 S.

91 3505 204 3562 arnulfi
218 3507 347 3563 hletensis
356 3509 457 3564 Paulus
467 3509 608 3575 diaconus,
621 3509 798 3581 scripserunt.
813 3511 893 3567 Com-

92 3578 227 3633 mentario
242 3579 270 3634 in
284 3578 422 3650 Epistulas
436 3579 468 3636 S.
483 3579 570 3646 Pauli,
582 3596 637 3636 non
651 3581 739 3644 Bedae,
752 3581 802 3638 sed
812 3583 894 3638 Patro

91 3648 266 3720 Tripolitana
277 3649 379 3716 abbati,
392 3650 551 3708 aCassieuo
572 3651 694 3720 laudato,
724 3651 896 3708 Beroniusin

113 3719 183 3775 estis
197 3719 259 3774 anni
273 3721 325 3777 562
340 3721 468 3786 attribuit.
484 3721 533 3780 sed
545 3738 595 3795 pro
617 3723 688 3780 Reda
711 3739 746 3794 pu
770 3732 816 3778 nat
832 3723 895 3780 Bel-

93 3737 230 3872 farniiuus
257 3789 330 3872 libro
357 3793 450 3849 citato.
466 3794 536 3850 viiii
564 3801 656 3849 autern
684 3802 710 3850 et
738 3740 897 3850 offuithde

92 3879 122 3918 in
132 3877 192 3986 lsno
208 3860 243 3942 ad
255 3861 367 3920 lluiium
381 3863 477 3920 Tiuum
487 3865 664 3932 monasterio,
676 3864 704 3920 in
714 3865 829 3922 dioecesi
837 3866 896 3922 Bu-

94 3949 246 3990 nemausi.

131 4003 202 4072 (95⁴
234 4003 349 4061 Flaccus
363 4004 503 4074 nicolaus,
527 4005 616 4078 patria
638 4005 794 4074 Britannus,
818 4007 898 4064 Bedae

95 4075 207 4146 discipu
218 4090 260 4141 us,
276 4091 292 4130 a
307 4074 407 4132 Carolo
421 4077 521 4150 hlagno
536 4077 564 4132 in
578 4077 697 4133 Galliam
712 4085 856 4144 evocatus,
872 4086 899 4134 et

95 4145 187 4202 abbas
200 4146 359 4202 monasterii
376 4148 407 4203 S.
427 4148 537 4203 hlartini
550 4149 624 4220 apud
638 4149 762 4205 Turones
776 4157 897 4218 creatus,

94 4233 171 4298 anno
182 4216 409 4290 nonagentesimo
418 4227 513 4292 quarto
525 4218 617 4276 rivere
630 4219 722 4276 desiit.
739 4219 829 4290 Opera
840 4220 899 4290 ejus

95 4304 204 4352 omnia,
240 4304 282 4344 ua
300 4287 415 4359 reperiri
457 4298 593 4356 otuerunt,
609 4291 733 4347 andreas
746 4289 899 4360 Querceta·

95 4375 149 4415 nns
164 4305 239 4442 (ὅθ
248 4360 360 4416 Lutetiae
383 4306 543 4443 everganda
558 4361 675 4443 curavit,
699 4363 808 4434 praedxa
823 4363 899 4433 ejus-

96 4431 161 4487 dem
176 4437 241 4494 vita,
256 4445 339 4502 quam
353 4447 404 4502 per
416 4445 503 4488 annos
518 4433 546 4488 di
567 4439 646 4488 assit.

136 4502 193 4570 (96)
208 4501 372 4572 amalarius,
409 4503 538 4559 hletensis
576 4502 900 4570 eclesiaediaconus,Lu·

96 4572 189 4630 dorici
205 4571 245 4628 Pii
256 4573 348 4643 jussu,
374 4572 459 4630 libros
501 4582 600 4632 untuor
622 4575 662 4631 De
683 4573 783 4630 divinis
802 4575 899 4632 officiis

94 4642 253 4702 contexuit.
273 4641 348 4712 Quos
366 4645 475 4715 quidem
482 4591 577 4702 tlibros
588 4645 726 4702 amalario
740 4647 897 4714 Fortunato,

94 4713 264 4770 Treuerensi
274 4714 413 4786 episeopo,
426 4717 558 4773 hacteuus
568 4716 639 4773 lalso
651 4717 812 4798 typographi
821 4718 899 4772 attri-

96 4786 231 4840 buerunt.
251 4785 403 4841 anderius
438 4803 501 4844 erro
517 4787 645 4844 lietensis
672 4795 701 4842 ut
716 4789 788 4856 dixi,
805 4787 900 4844 diaeo·

96 4873 149 4912 nus
163 4857 260 4927 (quem
274 4855 411 4912 Honorius
419 4803 475 4915 Yioc
498 4859 587 4931 capite
611 4829 772 4930 episcopum
794 4859 900 4915 lieten-

96 4943 157 4983 sem
169 4941 226 4982 non
236 4927 445 5000 recteappellat)
454 4929 591 4986 amalario
601 4928 761 4986 Treverensi
770 4929 901 5001 episcopo

96 5007 177 5054 aetate
193 5013 306 5068 suppar,
324 5000 365 5056 vir
383 4997 433 5054 luit
452 5000 539 5073 longe
561 5000 776 5057 eruditissimus.
790 4999 832 5055 sb
848 5001 901 5057 isto

946 1985 1057 2044 nesiica
1080 1983 1261 2058 professionis
1288 2000 1441 2060 congruum
1471 1984 1636 2056 composuit,
1665 2000 1748 2058 quem

947 2075 1079 2132 Diadema
1103 2075 1300 2132 monachorum
1328 2075 1454 2143 vocant,
1484 2083 1510 2131 et
1538 2073 1748 2130 Grammaticam

947 2162 1090 2233 maiorem,
1107 2164 1239 2219 Boanum
1255 2163 1427 2234 exponendo,
1445 2162 1583 2234 explicuit.
1839 2228 1843 2234 ⁸

983 2252 1050 2309 Can.
1064 2252 1120 2307 t'tt.
1137 2253 1242 2323 Haymo
1256 2252 1341 2325 (100),
1353 2251 1465 2324 quidam
1480 2251 1612 2308 Romilius
1621 2250 1650 2307 ln
1659 2251 1750 2306 Eran-

948 2340 1168 2414 geliasolemnie
1190 2341 1337 2399 tenibilis
1367 2349 1394 2398 et
1418 2341 1520 2399 librum
1550 2342 1584 2398 de
1611 2339 1751 2414 voluptate

947 2430 1043 2488 mundi
1057 2431 1221 2502 composuit.

984 2520 1052 2576 Cin.
1067 2518 1140 2576 Vlll.
1163 2517 1299 2577 Hearieus
1323 2519 1433 2593 quidam
1456 2518 1588 2577 Romilius
1611 2518 1640 2574 in
1654 2520 1749 2577 Evan-

948 2609 1020 2684 gelia
1035 2608 1113 2667 lecit.

949 2795 1083 2864 ricalium,
1099 2794 1233 2851 edendam
1247 2792 1348 2850 curavi.
1361 2791 1441 2863 Quod
1455 2793 1490 2850 ed
1501 2791 1672 2848 Amalarium
1682 2791 1749 2850 Tor·
1851 2831 1861 2845 .

948 2875 1071 2924 tanatum
1086 2865 1245 2937 episcopum
1260 2865 1478 2933 Traverensem,
1495 2865 1607 2931 attiust;
1622 2863 1646 2918 is
1660 2879 1677 2919 a
1691 2863 1747 2920 Ca-

948 2938 1007 2994 rolo
1023 2937 1121 3010 hlagno
1144 2936 1408 3006 Constantinopolim
1430 2936 1467 2992 ad
1484 2935 1555 3008 imp.
1585 2935 1751 2992 Michaelem

948 3009 1073 3078 Balbum,
1085 3023 1148 3065 cum
1162 3008 1243 3064 Petro
1257 3006 1535 3075 abbateNonanttilae,
1547 3006 1678 3063 dioecesis
1692 3007 1751 3061 htu-

947 3080 1073 3146 tinensis,
1090 3079 1191 3135 missus
1206 3077 1265 3134 luit.
1294 3079 1488 3135 Successorem
1505 3078 1533 3133 in
1555 3077 1684 3134 cathedra
1697 3078 1750 3132 ha·

947 3151 1007 3208 buit
1021 3151 1142 3217 Hetturn,
1158 3151 1236 3220 eujus
1250 3149 1395 3220 epistolam
1410 3151 1446 3206 ad
1469 3149 1621 3205 Frotarium
1634 3147 1746 3204 Tullon-

946 3238 1006 3350 {ein
1020 3222 1181 3348 elpisoopusiin
1190 3222 1261 3346 lilritct
1274 3220 1438 3278 Sirmondus
1451 3219 1481 3276 in
1493 3219 1566 3276 nous
1586 3219 1623 3276 ad
1635 3228 1706 3276 tom.
1725 3219 1751 3274 ll

969 3308 1131 3350 oneiiorum
1171 3307 1254 3348 uiis.

984 3367 1040 3434 (si)
1061 3363 1191 3421 Rabienus
1212 3362 1332 3428 heims,
1355 3362 1500 3420 Fuldensis
1522 3362 1551 3418 in
1579 3359 1679 3417 Bassia
1701 3358 1748 3416 rel

948 3434 1076 3492 orientali
1091 3433 1205 3490 Francia
1219 3433 1316 3500 abbas,
1332 3449 1388 3490 non
1401 3433 1493 3500 Bedae,
1514 3433 1563 3489 sed
1577 3431 1686 3488 hleuini
1699 3446 1748 3486 an·

949 3507 1037 3572 ditor,
1059 3521 1132 3561 anno
1150 3504 1379 3576 octingentesimo
1396 3503 1608 3577 quadragesimo
1630 3501 1749 3574 septimo

950 3577 1084 3634 inlocum
1099 3576 1207 3649 Otgarii
1219 3576 1443 3648 archiepiscopus
1458 3575 1634 3648 Boguotinus
1648 3582 1691 3630 est
1704 3589 1750 3630 or-

951 3648 1144 3714 dinatus‚obiit
1166 3645 1752 3720 neannooctingentesimoquinquagesimo

951 3723 1030 3777 sento
1047 3736 1054 3772 :
1070 3727 1100 3774 ut
1115 3718 1156 3772 Pit
1175 3718 1245 3774 aeani
1259 3718 1384 3775 annues
1398 3726 1426 3774 et
1439 3717 1604 3774 Lamhertus
1619 3715 1753 3772 Schoine-

951 3789 1066 3863 bnrgius
1081 3797 1230 3846 testantur.
1249 3789 1339 3858 Opera
1353 3790 1414 3859 ejus
1426 3789 1519 3845 omnia
1532 3804 1594 3860 quae
1608 3802 1626 3842 a
1649 3786 1753 3843 Jacobo

951 3859 1084 3925 Pamelio,
1098 3868 1125 3916 et
1140 3859 1261 3930 Georgio
1275 3859 1440 3916 Golvenerio
1454 3857 1578 3931 repereri
1588 3859 1750 3931 potuerunt,

952 3933 1040 3988 tribus
1054 3931 1135 3987 tomis
1149 3931 1219 3987 isat
1233 3930 1354 3987 Coloniae
1368 3939 1430 3986 sunt
1444 3930 1531 3986 edito.
1599 3997 1602 4001 ¹

988 4003 1046 4073 (98)
1059 4001 1189 4068 Paterius,
1205 4001 1352 4073 Gregoriil
1366 4015 1445 4082 papae
1458 3998 1622 4082 discipulus,
1631 3997 1660 4054 S.
1672 3999 1706 4055 ti.
1717 3999 1752 4055 E.

953 4073 1159 4131 secundicerius
1172 4071 1263 4143 (cujus
1277 4072 1351 4128 Beda
1364 4089 1393 4126 m
1407 4071 1611 4128 Commentario
1625 4069 1662 4125 ad
1676 4070 1751 4126 Can-

953 4146 1007 4204 tica
1034 4142 1179 4212 meminit),
1200 4142 1254 4200 ooll
1294 4141 1532 4215 'texejusdemS
1548 4141 1678 4213 Gregorii
1691 4156 1756 4213 ope·

954 4217 1031 4272 ribus
1044 4223 1102 4272 tres
1115 4215 1202 4271 libms
1214 4215 1274 4285 Erip
1286 4211 1442 4270 unctionum
1455 4215 1484 4270 in
1507 4213 1599 4270 varios
1611 4213 1684 4269 utria
1719 4227 1754 4269 ue

953 4286 1122 4346 Testamenti
1138 4286 1226 4342 libros
1238 4287 1331 4343 Romae
1346 4288 1414 4341 1553
1428 4284 1456 4340 in
1467 4284 1532 4341 lolio
1543 4299 1675 4341 excusos.
1690 4283 1755 4341 Ca-

954 4359 1009 4415 ruit
1021 4373 1094 4414 anno
1108 4357 1208 4414 Christi
1221 4357 1436 4414 sexcentesimo.
1460 4359 1501 4412 lta
1520 4355 1647 4412 ltelanus
1660 4356 1690 4412 in
1704 4370 1757 4412 sua

954 4446 1009 4486 ms.
1024 4428 1194 4485 Bibliotheca
1206 4443 1298 4485 soem.

990 4502 1047 4572 (99)
1061 4499 1235 4572 Smaragdos,
1259 4499 1343 4554 abbas
1370 4495 1530 4554 monauerii
1556 4497 1586 4552 S.
1614 4497 1756 4554 hliehaelis

952 4571 980 4628 in
993 4571 1122 4640 saxonia,
1148 4570 1253 4626 ordinis
1278 4569 1457 4634 Benedictiui,
1482 4567 1592 4641 scripsit
1613 4568 1758 4625 interulis

952 4643 1087 4700 Diadema
1100 4642 1308 4706 monachorum,
1324 4639 1485 4712 Antrerpiae
1499 4654 1573 4696 anno
1596 4642 1666 4695 tuto
1682 4639 1757 4711 typis

954 4715 1074 4780 editum;
1097 4712 1326 4770 commentarium
1340 4712 1369 4767 in
1391 4711 1524 4781 Regulam
1547 4710 1579 4766 S.
1598 4709 1755 4778 Benedicti,

954 4786 1074 4843 Coloniae
1086 4785 1155 4840 tots
1167 4802 1175 4850 ;
1190 4782 1373 4840 collectiones
1383 4783 1411 4838 in
1420 4782 1559 4910 Epistulas
1567 4791 1595 4838 et
1603 4780 1757 4862 Evangelia

953 4854 1437 4929 totiusanni,Argentorati153tiin
1459 4855 1497 4910 ol.
1512 4868 1643 4912 excusm.
1653 4852 1759 4909 Claruit

954 4943 1027 4984 anno
1037 4925 1282 4998 noningentesimo
1297 4925 1484 4997 octogesimo.

992 5001 1013 5069 (t
1020 4999 1065 5068 99)
1080 4998 1195 5069 haymo,
1211 4997 1363 5054 monachus
1378 4996 1536 5064 Saldensis,
1552 4994 1657 5053 Rabani
1671 4993 1760 5052 hlanri

96 5067 239 5126 amalario
253 5069 367 5150 lletensi
382 5069 490 5152 (lacuna
515 5071 621 5154 palatio·
633 5071 850 5154 Aquisgraneasi
865 5073 901 5128 li·
955 5070 1114 5152 discipulus,
1130 5068 1504 5150 demumllalberstadensis
1517 5066 1656 5150 tertiuslin
1671 5066 1760 5122 Saxo-

98 5141 214 5222 brorum
229 5141 319 5222 copia)
341 5141 439 5198 Forma
463 5151 638 5199 institutionis
656 5158 850 5200 canonicorum
875 5150 903 5199 et
955 5157 1002 5196 nia
1019 5156 1176 5213 episcopus,
1199 5147 1312 5212 scripsit
1328 5155 1361 5221 ιιο
1381 5139 1580 5222 Apoealypsim
1603 5138 1689 5194 libros
1706 5151 1762 5217 ¹se·

99 5211 347 5268 sanctimonialium
362 5212 491 5269 canonice
506 5213 664 5280 viventium,
678 5229 711 5270 eii
720 5213 837 5271 diversis
855 5230 902 5271 ve·
955 5220 1047 5284 ptem:
1062 5212 1105 5268 Be
1119 5227 1214 5268 amore
1230 5210 1351 5268 calestus
1366 5218 1465 5283 patria
1478 5211 1566 5266 libros
1579 5225 1644 5273 sax;
1661 5209 1760 5279 Epito-

99 5292 190 5340 tarum
205 5283 316 5338 l‘atrum
331 5297 365 5340 ac
387 5283 531 5340 doctorum
555 5285 699 5342 sententiis
725 5286 898 5352 concinnata,
955 5278 1760 5361 nienhistoriaesacraa,llommentarialnXlllProphetas,

99 5352 267 5425 conciliique
289 5354 523 5426 Aquisgransnsis
542 5355 647 5426 judicie
674 5365 702 5412 et
725 5357 900 5423 auctoritate,
956 5353 1080 5417 Cantica,
1097 5354 1222 5410 Psalmos
1235 5364 1262 5409 et
1271 5353 1411 5426 Epistolas
1425 5367 1521 5409 omnes
1537 5353 1570 5408 S.
1588 5350 1680 5416 Pauli;
1696 5359 1763 5406 item

99 5441 174 5481 anno
189 5423 531 5498 Christioctingentesimo
546 5428 654 5486 decimo
670 5435 757 5496 sexto,
774 5442 902 5498 compro·
956 5424 1089 5482 Romilius
1102 5424 1132 5481 in
1153 5425 1304 5506 Evangelia
1321 5443 1329 5480 :
1344 5439 1378 5480 ex
1398 5425 1496 5496 quibus
1521 5422 1655 5480 nonnulla
1677 5421 1763 5480 Colo·
1816 5490 1818 5493 Ι

99 5497 163 5552 bata
177 5495 247 5550 luit:
261 5497 336 5567 quod
351 5512 385 5552 ex
398 5497 529 5554 dilamari
549 5497 684 5556 Chronico
700 5497 903 5570 Engolismensi
956 5497 1020 5563 nire,
1035 5495 1090 5552 alin
1104 5497 1277 5568 Antierpiie,
1293 5495 1418 5562 Parisiis,
1434 5503 1460 5551 et
1475 5493 1542 5550 alibi
1557 5499 1621 5549 sunt
1643 5509 1759 5552 excusa.

100 5565 264 5624 sirmondus
275 5568 443 5625 observarit.
458 5569 565 5626 Dictum
579 5587 664 5698 porro
679 5570 810 5626 Formam
824 5569 903 5625 iusti·
955 5567 1090 5623 Batonius
1104 5576 1200 5624 censet
1224 5566 1301 5622 illum
1316 5566 1420 5623 obiisse
1440 5581 1513 5622 anno
1532 5565 1765 5648 octingentesimo

101 5637 216 5694 tutionis
229 5637 370 5695 canoniea
385 5640 455 5696 notis
469 5657 485 5696 a
499 5657 542 5698 me
558 5642 576 5696 il
589 5649 730 5708 nstratam,
746 5640 903 5711 antverpia
957 5637 1186 5710 quinquagesimo
1201 5637 1283 5696 tertio
1298 5654 1305 5692 :
1321 5636 1368 5692 alii
1390 5636 1426 5692 ad
1440 5653 1543 5694 anuum
1566 5636 1766 5709 nonagentesi-

102 5711 172 5768 t638
186 5725 250 5766 curii
263 5709 358 5768 codice
372 5709 542 5786 Regularum
554 5719 581 5770 et
600 5711 829 5771 Constitutionum
844 5711 902 5770 cle·
955 5725 1032 5767 mum
1046 5709 1215 5767 tricesimum
1229 5714 1356 5784 quinum
1372 5709 1498 5769 notarunt
1519 5709 1583 5784 eius-
1602 5707 1760 5770 dammum·
