3942 6067
231 213 299 266 1255
466 204 643 265 aottoatt
663 176 919 263 AUGUSTODCN.
942 200 1023 260 ΟΡΡ.
1043 203 1136 261 PARS
1151 204 1200 262 tv.
1220 234 1254 245 -
1274 204 1434 264 DOGMAT.
1459 206 1504 265 ΕΤ
1522 208 1645 267 ascha.
1817 217 1891 271 1256

228 303 259 389 ‘ct
272 333 429 389 humanitas
443 332 545 389 Christi
560 349 576 389 a
589 331 691 388 tudaets
706 330 884 403 crucifigitur,
901 326 1031 383 diviuitas
1044 326 1072 389 Α
1087 326 1154 381 Car.
1172 328 1221 382 xl.
1240 331 1338 386 Utrum
1352 330 1552 405 iuteremptus
1570 334 1685 394 Domini
1697 336 1888 399 comederint,

230 424 289 493 eius
302 422 376 479 nulle
390 421 505 479 laesione
520 421 675 495 attingitur.
1257 419 1305 491 qui
1322 436 1431 505 murino
1446 422 1714 482 manducaverunt?

1120 539 1258 603 Quaeritur
1271 550 1372 609 autem,
1388 550 1479 599 utrum
1503 544 1603 602 fideles
1623 546 1677 602 suh
1700 544 1763 620 lege
1785 562 1891 619 corpus

1085 628 1183 684 Christi
1207 631 1393 697 comederint,
1415 632 1450 687 da
1478 632 1576 704 quihus
1609 634 1709 705 legitur
1726 654 1733 691 :
1750 637 1892 693 liumdcm

1087 720 1346 791 cicumspiritntem
1355 720 1891 797 minturnensiumeumtmpotum

265 802 333 859 Cum
360 802 404 859 hic
432 801 511 874 panis
533 812 598 873 post
617 801 851 860 consecrationem
873 804 902 859 in
930 818 1031 876 corpus
1085 808 1248 878 spiritatem
1263 808 1392 865 biberunt
1407 804 1430 881 (t
1445 810 1507 868 Cor.
1526 813 1566 882 x).
1578 810 1614 867 Et
1628 812 1774 885 dequibus
1787 814 1891 869 scribi-

227 891 326 948 Christi
339 891 558 948 substantialiter
572 900 712 960 vertatur,
734 892 868 965 quaeritur
887 901 977 948 utrum
1002 893 1032 947 in
1086 903 1129 951 tur
1157 898 1265 953 Putrem
1292 899 1456 969 unqetorum
1485 900 1670 959 ntundneuuit
1697 902 1889 975 bomo(i'snt.

232 996 281 1037 ore
294 980 408 1053 indigne
422 980 587 1037 sumentium
600 980 628 1035 in
650 979 731 1036 sliam
758 987 885 1036 naturam
905 994 1031 1037 commu·
1085 999 1196 1041 nxxvu.
1212 984 1284 1053 Quid
1299 994 1340 1042 est
1355 987 1489 1054 eamdem,
1506 988 1559 1044 nisi
1572 1005 1655 1061 quam
1677 999 1704 1047 at
1724 1007 1776 1048 nus
1788 1004 1891 1049 come-

231 1070 327 1124 tetur?
341 1068 411 1125 sicut
424 1067 549 1124 Christus
563 1084 579 1123 a
594 1076 681 1125 morte
696 1085 847 1141 resur-qens
867 1070 949 1126 uitro
973 1072 1031 1134 ium
1085 1072 1185 1141 dimus,
1201 1072 1327 1131 videlicet
1341 1090 1442 1147 corpus
1463 1076 1587 1133 Christi?
1607 1078 1679 1134 Num
1701 1078 1747 1135 ille
1768 1080 1892 1153 populus

229 1174 289 1216 nort
308 1158 537 1229 moritur(tiom.
552 1158 1031 1229 v1);itacsroeJ'usdepaneconle·
1085 1176 1193 1218 curnem
1209 1162 1309 1218 Christi
1333 1164 1461 1228 comedit,
1487 1180 1550 1222 cum
1573 1166 1663 1224 edhuc
1686 1167 1809 1224 Christus
1832 1170 1891 1223 mi-

230 1254 273 1305 cte
287 1246 316 1303 iu
339 1246 440 1302 nullam
455 1244 539 1303 aliam
562 1258 686 1303 naturam
702 1248 938 1303 transmutabitur.
955 1248 1030 1303 Idem
1084 1250 1158 1308 nime
1181 1253 1340 1309 incarnatus
1355 1253 1399 1320 sit,
1415 1253 1463 1309 sed
1478 1254 1567 1325 potius
1579 1266 1643 1327 pust
1661 1256 1717 1314 duo
1732 1256 1818 1313 millis
1834 1273 1891 1313 an-

230 1336 303 1391 enim
318 1336 372 1393 erit
385 1337 414 1391 ia
428 1351 478 1392 ore
489 1335 601 1407 pessimi
617 1334 691 1408 quod
706 1335 734 1390 in
757 1351 806 1392 ore
822 1335 948 1406 piissimi,
961 1335 1031 1393 sicut
1085 1354 1183 1395 norum
1199 1347 1227 1397 et
1249 1355 1283 1396 eo
1306 1341 1424 1413 amplius
1444 1357 1555 1400 curnem
1579 1346 1778 1417 assumpserit?
1797 1346 1890 1403 Porro

229 1424 301 1482 idem
316 1433 375 1481 erat
389 1425 417 1481 in
431 1425 560 1481 manibus
582 1440 612 1481 se
634 1424 782 1481 crudeliter
799 1423 1029 1498 crucifigentium,
1084 1444 1184 1483 manna
1199 1444 1262 1487 esca
1275 1429 1385 1486 illorum
1401 1430 1429 1485 in
1453 1432 1569 1489 materis
1583 1434 1661 1505 panis
1675 1444 1743 1502 erat,
1765 1434 1801 1491 de
1822 1451 1891 1491 rore

229 1514 345 1587 quodie
360 1514 486 1569 manibus
500 1530 531 1570 se
544 1514 643 1570 deuote
668 1512 868 1585 sepelientium,
891 1514 941 1570 sed
961 1514 1031 1570 sicut
1084 1516 1146 1573 coeli
1156 1517 1235 1588 jussu
1250 1517 1302 1574 Dei
1314 1518 1638 1587 transformatumomne
1654 1522 1888 1581 delectamentum

246 575 315 632 Cre.
334 578 387 632 tx.
408 578 508 637 Utrum
523 590 625 647 corpus
640 574 754 633 nomint
768 574 848 632 eliud
861 578 901 633 rit
915 576 947 634 in
966 593 1013 636 ore

363 676 509 742 honorum,
525 674 606 731 uliud
619 676 651 730 iu
666 688 715 730 ure
732 674 898 731 matorum?

229 1603 271 1660 sol
285 1602 362 1660 idem
376 1602 496 1660 existens
511 1602 539 1657 in
553 1603 656 1669 calore,
674 1604 748 1676 quud
770 1602 799 1658 in
815 1602 972 1675 splendore,
988 1602 1029 1659 dl·
1085 1606 1203 1663 habeus.
1223 1606 1278 1664 Sed
1292 1608 1320 1663 in
1335 1608 1424 1681 ligura
1439 1624 1539 1683 corpus
1561 1611 1662 1668 Christi
1682 1620 1753 1680 erut,
1779 1615 1890 1669 animas

228 1707 310 1749 rersa
324 1699 415 1748 tantm
429 1691 457 1748 in
478 1691 521 1747 his
543 1691 651 1747 duobus
673 1690 765 1758 efficit,
789 1692 915 1749 videlieet
933 1691 1026 1748 calore
1040 1680 1066 1741 Β
1082 1696 1252 1753 credentium
1267 1696 1342 1753 omni
1369 1698 1512 1755 dulcedine
1534 1700 1654 1774 replens.
1685 1702 1731 1759 Sic
1760 1710 1788 1759 st
1801 1712 1888 1773 potus

232 1789 335 1837 terram
351 1796 479 1848 exurens,
490 1780 636 1853 splendore
650 1780 817 1848 illuminans,
829 1780 942 1837 siucero
955 1781 1031 1838 Chri·
1083 1783 1191 1840 illorum
1206 1793 1265 1841 erat
1279 1801 1361 1859 aqua,
1377 1787 1412 1845 de
1427 1796 1501 1859 petra
1515 1788 1618 1847 scilicet
1633 1790 1768 1847 materiali
1782 1792 1885 1859 fluens,

231 1870 267 1925 ati
283 1869 377 1927 eadem
392 1885 516 1936 manens,
532 1870 642 1926 diversa
657 1869 684 1925 in
699 1869 816 1926 dirersis
835 1867 928 1936 efficit,
941 1870 1031 1940 justos
1084 1890 1156 1929 nuuc
1169 1873 1232 1942 olei,
1258 1891 1331 1931 nuuc
1349 1874 1438 1932 mellis
1462 1892 1590 1949 saporem
1612 1879 1755 1950 praehens3
1782 1881 1833 1936 sed
1857 1880 1885 1936 in

227 1958 280 2013 sihi
308 1958 495 2030 incorporans,
521 1958 638 2026 injustos
664 1972 725 2014 ase
754 1958 808 2015 vita
835 1974 977 2015 resecans.
996 1958 1030 2014 Et
1084 1960 1171 2035 ligura
1186 1962 1290 2019 Christi
1302 1965 1414 2038 sanguis
1429 1974 1498 2033 erat,
1514 1966 1585 2023 sitim
1609 1968 1759 2025 animarum
1783 1969 1886 2025 castin-

119 2106 122 2109 ,
227 2046 298 2104 sicin
310 2046 489 2120 quotidianus
501 2048 582 2119 panis
597 2048 669 2103 vires
685 2048 807 2114 roborat,
824 2047 897 2103 idem
911 2047 1030 2105 inientes
1083 2068 1183 2126 quens.
1198 2052 1276 2109 Unde
1290 2061 1317 2111 ct
1339 2063 1415 2127 petra
1435 2054 1471 2111 de
1493 2072 1547 2128 qua
1565 2055 1649 2125 tluxit,
1661 2057 1788 2115 Christus
1809 2058 1883 2115 dici·

225 2136 371 2208 praelocat.
387 2136 425 2191 lta
440 2137 538 2193 eadem
553 2152 597 2193 res
614 2137 705 2193 existit
719 2136 812 2210 dignis
826 2150 911 2194 causa
921 2136 1027 2207 glorie,
1083 2149 1135 2207 tur,
1153 2140 1221 2197 sicut
1233 2150 1259 2198 et
1274 2143 1335 2199 vitis
1348 2160 1415 2199 vera
1429 2144 1565 2211 scribitur,
1583 2162 1647 2202 curn
1662 2146 1754 2219 atique
1769 2146 1798 2201 ln
1812 2148 1882 2202 sub-

226 2223 348 2300 indignis
362 2240 446 2282 causa
459 2240 561 2298 poenm.
1083 2231 1180 2287 stantia
1195 2232 1268 2287 Deus
1283 2232 1405 2289 ethome
1421 2234 1509 2301 tuerit,
1535 2235 1564 2290 in
1587 2233 1678 2308 ligura
1695 2245 1787 2293 autem
1802 2245 1882 2309 petra

643 2306 651 2322 ⁸
1083 2328 1110 2375 et
1124 2318 1186 2376 vitis
1201 2321 1356 2377 exstiterat.
1374 2322 1451 2395 Ergo
1472 2322 1518 2379 ille
1536 2323 1653 2395 populus
1675 2324 1704 2379 in
1730 2325 1884 2381 substantia

243 2392 716 2463 CAP·X·0t22'd1⁷tt¹iwt²litt1dtim
731 2394 781 2459 iii»
796 2392 869 2466 timi
882 2396 1010 2451 ”timii
1081 2424 1192 2477 manns,
1208 2410 1235 2465 iu
1261 2408 1352 2481 ligura
1367 2420 1457 2467 autem
1478 2426 1577 2483 corpus
1605 2412 1703 2469 Christi
1726 2414 1883 2471 comedisse

340 2497 384 2554 uel
399 2496 543 2570 quodlibet
560 2496 671 2552 animet
690 2496 921 2568 consumpserit?
1082 2496 1246 2555 affirmatur.
1265 2500 1343 2556 Unde
1358 2508 1384 2556 et
1398 2514 1496 2571 panem
1518 2502 1678 2574 angelorum
1700 2504 1882 2560 manducasse

457 2636 463 2649 ,
486 2637 492 2648 ,
543 2636 549 2649 ,
962 2634 967 2647 ,
1080 2595 1259 2646 memoretur.
1279 2590 1313 2644 lit
1326 2589 1389 2662 quia
1403 2589 1494 2662 angeli
1508 2606 1563 2646 non
1582 2606 1716 2662 corporeo
1737 2592 1800 2649 cibo
1814 2608 1881 2649 res-

261 2638 369 2711 Corpus
383 2638 494 2695 Domum
513 2635 663 2710 aliquando
684 2643 821 2697 vetustate
844 2643 1026 2705 consumitur,

224 2727 376 2801 aliquando
389 2741 457 2785 casu
469 2726 573 2785 terente
588 2726 729 2795 amittitur,
743 2725 918 2798 aliquandos
938 2725 1027 2781 muri-
1080 2684 1186 2745 mmm*
1204 2676 1253 2733 sed
1276 2690 1348 2749 pane
1373 2682 1439 2735 W
1467 2677 1577 2736 cmm
1600 2680 1787 2739 'umente'
1814 2680 1881 2737 ἀἶ’

223 2818 277 2873 hus
291 2816 447 2874 corroditur
461 2815 533 2872 uela
552 2815 665 2873 canibus
684 2812 849 2882 devoratur;
872 2814 938 2889 quid
961 2814 1026 2871 inde

223 2906 398 2963 sentiendum
411 2905 457 2974 sit,
473 2904 617 2978 queritur.
637 2904 706 2961 Cum
719 2903 796 2977 impii
819 2902 956 2961 Christum
970 2902 1023 2960 hc·
1132 2917 1198 2975 σῃ,
1215 2918 1280 2975 χιι,
1301 2918 1360 2976 cm·
1374 2919 1407 2976 α,
1421 2936 1495 2993 pm
1509 2924 1538 2977 aq
1557 2922 1622 2979 „qno
1635 2925 1664 2981 εἰ
1681 2938 1757 2997 ,W
1771 2922 1822 2979 [ιω

222 2996 282 3070 pris
298 2996 461 3063 lacerarent,
472 3002 500 3051 et
512 2994 540 3050 in
554 3009 639 3052 cruce
652 2993 738 3051 claris
747 2992 928 3065 perforarent,
939 3002 1024 3067 gatte
1038 3038 1064 3102 G
1319 3013 1531 3071 mmmmm
1546 3010 1622 3080 fiat?

1079 2764 1203 2823 ciuntur.

221 3084 366 3159 sauguinis
381 3084 409 3139 in
423 3090 526 3141 terram
538 3084 684 3151 cadebant,
699 3098 761 3157 quse
771 3083 944 3157 resurgentis
958 3084 1024 3139 sub·

222 3174 354 3231 stantiam
369 3189 427 3229 non
441 3172 611 3229 minuebant.
631 3173 697 3230 Non
717 3171 791 3229 euim
806 3188 955 3245 resurgens
974 3188 1023 3229 eas
1111 3154 1190 3255 Nune
1208 3166 1304 3257 'illem
1328 3155 1499 3228 intuendum,
1520 3175 1571 3217 ⁰¹¹?
1592 3160 1644 3217 11⁰0
1673 3169 1878 3217 &tiliamentum

211 3263 393 3334 resumpisse
416 3262 525 3336 legitur,
548 3262 614 3335 quin
632 3260 723 3333 potius
742 3260 857 3334 sanquis
879 3262 915 3317 de
937 3262 1024 3319 latere
1077 3258 1164 3317 ΜΕΝ
1178 3244 1213 3301 (¹0
1227 3262 1298 3319 9²⁰0
1313 3264 1396 3319 quam
1418 3248 1452 3305 ‘¹⁰
1468 3264 1558 3317 0³¹⁰&
1583 3256 1609 3305 ⁰¹
1630 3249 1717 3324 ¹⁰⁸8ss
1742 3250 1778 3307 ‘¹0
1798 3251 1876 3321 Vi¹¹⁰t

221 3347 285 3420 ejus
298 3346 387 3404 lluens
401 3362 418 3401 a
433 3344 561 3403 fidelihus
577 3353 709 3418 exceptus
726 3344 856 3413 creditur,
872 3346 919 3418 qui
933 3362 1023 3419 usque
1077 3347 1159 3405 quam
1174 3333 1209 3390 (¹0
1223 3333 1293 3393 ¹⁰⁰¹ss
1306 3334 1474 3407 ⁰⁰¹¹s¹05³i⁰i2
1491 3342 1534 3395 V⁰¹
1550 3356 1598 3395 ⁰¹1?
1611 3340 1699 3411 magis
1720 3356 1782 3395 ⁰¹²OE
1804 3356 1878 3413 a(lim

221 3436 305 3493 hodie
317 3435 346 3491 in
360 3433 516 3507 quibusdan
539 3433 609 3491 locis
631 3443 795 3491 reverenter
814 3434 921 3491 servari
940 3436 1023 3491 tradi·
1076 3438 1158 3495 ‘illm
1172 3439 1234 3479 ⁰⁰⁰¹
1245 3424 1299 3481 ³¹50
1314 3425 1420 3499 liq¹¹⁰i0
1434 3426 1667 3485 ⁶⁰¹¹¹¹1¹i⁸⁰0²¹¹¹i‘?
1681 3429 1722 3485 ⁰0
1732 3445 1803 3501 9³⁰0
1813 3430 1878 3486 5⁸0⁰

221 3532 273 3581 rur,
289 3523 344 3581 sed
358 3530 448 3579 uuum
468 3522 514 3579 ως
536 3522 626 3579 adhue
644 3522 674 3577 in
697 3521 762 3578 illud
787 3538 886 3595 corpus
910 3523 1023 3581 realiter
1076 3509 1123 3581 fit;
1137 3512 1200 3585 quia
1216 3515 1286 3571 sicut
1300 3516 1377 3589 panis
1391 3515 1425 3573 de.
1445 3516 1538 3573 multis
1552 3516 1646 3591 grauis
1667 3516 1819 3584 conficitur,
1836 3520 1876 3576 sic

120 3659 124 3668 .
221 3620 384 3678 revertetur,
399 3612 475 3686 quod
489 3610 627 3684 integrum
651 3627 800 3686 resurgens
819 3612 875 3682 iam
896 3612 1022 3669 incorru-
1076 3602 1291 3674 corpusChristi
1302 3604 1427 3661 Ecclesia
1436 3606 1470 3662 de
1481 3605 1573 3661 multis
1582 3605 1712 3665 electisin
1722 3624 1808 3663 unum
1818 3608 1875 3665 col-

220 3702 318 3775 ptihile
333 3703 360 3758 iu
370 3702 487 3759 dextera
497 3701 547 3757 Dei
555 3701 653 3757 sedere
663 3700 827 3772 predicatur
838 3716 845 3757 z
857 3717 890 3757 an
900 3701 929 3757 iu
939 3710 1022 3761 terrae
1075 3689 1181 3765 ligitur,
1191 3710 1252 3766 ques
1262 3694 1313 3750 hoc
1323 3710 1394 3767 pane
1404 3694 1526 3768 quotidie
1538 3694 1712 3753 resciturus
1722 3696 1794 3755 sicut
1803 3715 1874 3771 part,

219 3792 375 3859 materiem,
399 3790 473 3847 unde
494 3798 617 3862 sumptus
640 3796 693 3856 est,
718 3789 837 3858 deficiat,
866 3790 1017 3849 dubitatur.
1075 3781 1128 3832 πᾶν
1141 3798 1222 3839 ornue
1237 3782 1345 3851 dicitur,
1361 3784 1396 3839 ita
1410 3784 1438 3839 in
1452 3785 1503 3841 hoc
1516 3800 1588 3857 pane
1602 3785 1666 3843 vivo
1680 3786 1770 3843 omnis
1784 3786 1876 3861 gratia

219 3881 413 3939 Verumtamen
428 3892 491 3937 cum
504 3879 564 3951 ipse
577 3878 661 3946 dicat,
676 3878 808 3951 capillum
823 3879 953 3951 decapite
967 3895 1022 3935 no·
1075 3871 1237 3944 percipitur.
1253 3872 1526 3945 litquemadmodum
1540 3874 1619 3947 panis
1643 3874 1749 3931 duobus
1771 3874 1874 3947 lapidi-

221 3977 279 4028 suo
293 3986 348 4027 non
364 3969 525 4041 periturum,
542 3968 592 4024 sea
610 3968 638 4023 in
659 3968 861 4024 resumentem
880 3967 908 4024 in
930 3968 1021 4025 locum
1073 3960 1124 4015 bus
1139 3961 1260 4029 molitur,
1276 3976 1347 4035 aqua
1366 3963 1575 4037 conspergitur,
1593 3964 1718 4021 munibus
1733 3964 1873 4037 pinsetur,

219 4058 345 4131 corporis
373 4072 567 4122 reversurum
592 4055 793 4129 aquibusdam
816 4058 863 4128 pie
889 4063 1019 4127 putetur,
1074 4047 1133 4122 iqui
1154 4049 1293 4123 coquitur;
1318 4051 1353 4107 ita
1370 4051 1494 4108 Christus
1516 4053 1597 4125 panis
1622 4052 1738 4115 rivusa
1765 4054 1874 4111 duobus

219 4148 334 4220 sanguis
348 4163 402 4219 pro
422 4146 502 4203 nohis
521 4143 624 4201 effusus
646 4145 674 4200 iu
698 4160 797 4216 corpus
819 4145 920 4200 Christi
948 4147 1020 4203 miro
1074 4138 1193 4211 populis,
1210 4138 1456 4199 scilicetaiudaeis
1470 4148 1498 4198 et
1508 4143 1638 4215 gentihus
1647 4142 1676 4199 in
1688 4143 1817 4215 passione
1828 4150 1875 4200 est

218 4236 302 4293 modo
312 4236 491 4291 transiturus.
504 4234 635 4291 Similiter
644 4233 721 4307 quod
731 4234 766 4291 de
780 4248 898 4306 corpore
908 4234 1019 4293 Domini
1073 4227 1193 4294 molitus,
1209 4230 1341 4303 sanguine
1367 4246 1551 4303 conspersus,
1582 4232 1754 4303 colaphiset
1782 4232 1874 4305 alapis

219 4325 298 4381 senio
312 4323 445 4391 extabuit,
460 4322 505 4381 vel
518 4336 583 4380 casu
601 4322 630 4378 in
653 4330 756 4379 terram
778 4322 882 4380 cadens
905 4338 1018 4396 cornpu-
1072 4316 1204 4389 pinsatus,
1220 4317 1285 4391 igne
1307 4319 1444 4391 passionis
1454 4319 1595 4377 decoctus.
1610 4320 1663 4390 Qui
1673 4322 1752 4394 panis
1766 4322 1829 4379 ideo
1841 4320 1872 4377 in

218 4413 295 4482 truit,
307 4412 374 4468 nihil
387 4413 423 4470 de
437 4411 589 4470 substantia
603 4411 728 4483 corporis
741 4411 843 4468 Christi
857 4411 1014 4485 imminuit;
1029 4398 1059 4463 D
1074 4406 1184 4463 modum
1198 4406 1305 4464 denarii
1319 4406 1460 4476 formatur,
1476 4409 1540 4483 quia
1554 4409 1678 4467 Christus
1700 4412 1778 4485 panis
1791 4411 1872 4469 virus

218 4500 268 4559 sed
282 4510 370 4557 utrum
386 4500 415 4557 in
429 4509 509 4558 terre
522 4498 665 4557 materiam
684 4500 826 4557 redactum
849 4500 886 4558 ita
904 4517 1016 4573 perma-
1070 4496 1158 4568 pretio
1173 4496 1347 4553 denariorum
1363 4497 1498 4566 venditur,
1514 4504 1542 4555 et
1557 4498 1617 4572 ipse
1627 4508 1669 4555 est
1683 4518 1764 4559 verns
1782 4501 1873 4557 dene·

217 4597 293 4661 neat,
307 4590 458 4647 dubitatur.
479 4588 534 4646 Sed
553 4604 570 4645 a
591 4589 749 4646 doctoribus
772 4590 800 4645 in
825 4590 924 4647 Christi
948 4592 1018 4647 suh-
1071 4584 1137 4652 rius,
1150 4585 1196 4657 qui
1206 4601 1255 4657 per
1264 4585 1426 4659 decalogum
1442 4585 1512 4660 legis
1523 4586 1550 4643 in
1562 4588 1641 4645 vinee
1650 4590 1783 4647 Ecclesiae
1794 4590 1872 4646 labo·

216 4682 349 4738 stantiam
364 4678 496 4736 ineffabili
510 4678 620 4751 quidem
633 4679 717 4735 modo
731 4678 873 4735 transferri
888 4687 1012 4751 putatur.
1071 4674 1192 4731 rantibus
1206 4674 1234 4730 in
1252 4674 1364 4747 pretorio
1379 4676 1497 4732 debitur.
1516 4677 1621 4735 Idcirco
1639 4688 1731 4735 autem
1754 4681 1870 4753 sanguis

217 4770 408 4829 animantibus
433 4776 535 4836 autern,
566 4768 667 4841 quibus
694 4784 750 4825 non
778 4776 821 4825 est
844 4768 1014 4837 intellectus,
1071 4780 1105 4822 ex
1119 4764 1182 4820 vino
1196 4761 1234 4831 ht,
1256 4764 1320 4837 quia
1341 4764 1411 4821 sicut
1428 4764 1521 4823 vinum
1545 4783 1579 4823 ea
1601 4768 1694 4827 multis
1714 4771 1774 4827 uris
1796 4786 1867 4829 con-

216 4860 286 4918 sicut
300 4858 383 4932 huius
397 4857 459 4915 cibi
469 4856 601 4915 comestio
618 4872 674 4913 nou
685 4855 808 4929 prodest,
820 4857 859 4913 ita
869 4858 952 4914 etiam
974 4863 1016 4914 nt·
1070 4852 1137 4923 fluit,
1148 4854 1185 4909 ita
1199 4852 1322 4911 Ecclesia
1338 4868 1371 4911 ex
1384 4855 1475 4911 multis
1495 4854 1577 4929 justis
1602 4856 1631 4912 in
1648 4872 1732 4913 unam
1753 4874 1868 4933 compa.

216 4947 256 5004 nil
268 4948 358 5012 obest,
374 4946 424 5002 sed
442 4945 532 5017 potius
550 4946 603 5013 his,
620 4960 735 5018 quonum
757 4945 927 5019 negligentia
952 4962 1017 5003 san-
1070 4960 1133 5018 gem
1146 4942 1291 5015 colligitur,
1307 4960 1368 5016 qum
1380 4944 1462 5000 homo
1474 4953 1566 5015 potum
1582 4945 1663 5011 hictu
1680 4956 1707 5003 et
1734 4946 1805 5007 sicut
1820 4951 1866 5005 vi-

217 5044 293 5095 ctum
313 5035 428 5093 canibus
455 5034 546 5103 datur,
574 5033 691 5089 multum
718 5041 811 5090 nocet.
842 5033 917 5091 Sicut
943 5035 1016 5091 enim
1071 5048 1135 5089 uum
1149 5032 1177 5088 in
1203 5031 1332 5089 torculari
1360 5032 1533 5104 exprimitur,
1556 5034 1594 5091 ita
1620 5036 1746 5094 Christus
1768 5038 1866 5095 bouus

216 5140 281 5184 caro
296 5125 354 5181 sine
369 5122 470 5195 Spiritu
483 5111 524 5193 se·
536 5138 592 5178 nou
613 5129 715 5188 moret,
731 5122 768 5177 ita
790 5122 849 5180 haec
870 5138 935 5181 caro
956 5124 1016 5181 sine
1070 5120 1152 5195 Cypri
1166 5121 1200 5177 de
1214 5120 1296 5177 vinea
1310 5120 1395 5179 Sorec
1409 5121 1437 5177 in
1451 5131 1529 5181 recte
1543 5124 1633 5181 crucis
1647 5139 1665 5179 a
1678 5125 1797 5197 duobus,
1812 5128 1866 5183 sci-

217 5215 318 5288 Spiritu
332 5212 487 5271 vivificante
502 5218 636 5283 percepta·
650 5210 718 5265 nihil
731 5212 854 5283 prodest,
870 5212 1016 5285 sicutipse
1069 5211 1133 5267 licet
1146 5211 1267 5283 probetis
1282 5218 1308 5266 et
1322 5210 1466 5282 apostolis,
1482 5212 1517 5269 ad
1536 5212 1607 5269 filios
1627 5214 1724 5283 lsrael,
1741 5216 1867 5273 videlicet

216 5304 281 5362 dicit
298 5322 305 5360 s
320 5303 445 5377 Spiritus
464 5301 570 5373 estqui
590 5300 725 5369 vivificat,
740 5316 807 5357 curo
826 5305 924 5357 cutem
938 5302 1017 5359 nihii
1069 5298 1223 5367 credentes,
1234 5299 1319 5355 Deum
1343 5300 1475 5369 videntes,
1491 5300 1659 5375 deportatus,
1683 5306 1760 5376 prelo
1777 5308 1866 5363 crucis

215 5393 330 5467 prodest
338 5392 431 5464 (tour.
441 5392 490 5462 vr).
502 5392 586 5445 Porro
599 5403 664 5447 caro
675 5388 774 5445 Christi
785 5388 820 5443 ab
834 5388 877 5444 his
891 5398 1014 5447 comesta
1068 5393 1224 5462 torquetur.
1244 5391 1321 5462 Aqua
1333 5387 1395 5445 ideo
1409 5390 1574 5458 admisetur;
1595 5400 1624 5448 ut
1638 5393 1766 5465 populus,
1781 5410 1866 5469 quern

216 5482 294 5539 sicin
306 5480 487 5538 substantiam
495 5477 596 5536 Christi
604 5477 747 5534 transferri
757 5478 888 5546 creditur,
898 5478 969 5535 sicut
978 5480 1014 5536 ab
1068 5493 1139 5551 aqua
1153 5476 1301 5552 significat,
1314 5486 1342 5534 et
1355 5477 1403 5551 qui
1416 5494 1487 5551 aqua
1498 5479 1667 5552 baptismatis
1682 5493 1794 5541 renatus
1809 5494 1863 5553 est,

216 5568 371 5626 infidelibus
385 5568 430 5627 rel
443 5568 477 5624 ab
491 5566 614 5640 indiguis
634 5566 776 5624 catholicis
797 5575 906 5641 sumpta
922 5567 952 5625 ia
966 5584 1013 5627 es-
1066 5566 1172 5624 Christo
1187 5567 1391 5641 incorporetur.
1409 5566 1478 5639 Quia
1499 5568 1568 5626 sicut
1590 5578 1653 5643 post
1671 5575 1862 5631 consecratio·

218 5658 334 5715 scutum
347 5656 447 5717 Christi
460 5654 692 5719 commutamnus
706 5654 857 5716 dubitatur.
1067 5672 1130 5715 nem
1144 5672 1200 5715 noh
1212 5656 1283 5729 due,
1302 5656 1352 5715 sed
1367 5672 1419 5715 una
1431 5673 1484 5729 res,
1505 5658 1610 5718 scilicet
1632 5662 1745 5736 sanquis
1762 5662 1865 5725 chrisa
