3942 6067
224 279 277 334 tto

558 273 705 328 ιιιιιόιιιι
727 264 977 326 marsicum.
995 257 1075 314 our.
1095 261 1182 320 exus
1203 263 1235 316 u.
1252 296 1285 304 -
1301 265 1512 324 causemur.
1582 246 1585 252 ’

1821 267 1872 318 itti

221 411 279 460 otor
294 412 336 458 ast
350 401 464 473 Spiritus
478 407 598 464 sanctus,
615 397 732 470 scriptor
747 395 833 456 Dauid
846 409 891 450 rex
906 399 933 452 et
948 403 1017 462 pro·
1033 383 1061 454 Λ
1076 355 1174 456 sutisit,¹
1189 389 1255 444 dum
1269 388 1370 447 saltum
1384 390 1419 447 de
1435 389 1539 460 templo
1556 387 1623 443 clere
1643 385 1765 456 monuit;
1780 387 1871 440 asari-

221 493 314 566 plicia.

255 599 346 654 l'erba
360 597 459 668 psalmi
473 595 555 666 buius
575 601 682 666 sumpta
695 601 758 648 sunt
772 591 808 646 de
824 589 917 662 prima
937 591 1019 642 atate

219 688 316 744 mundi
331 688 367 744 ab
381 687 468 742 Adam
484 699 572 756 usque
587 683 621 739 od
637 691 744 754 tempus
758 679 860 740 diluvii.
872 676 1017 746 Quaedam,

220 795 281 850 quae
294 785 359 832 anto
374 774 569 845 incoeptionem
594 772 693 845 psalml
715 769 966 840 subintelliguntur,
982 763 1018 818 de

219 867 306 923 Adam
323 871 477 920 sumuntur.
493 865 596 918 Beatum
618 861 710 918 virdo
726 859 809 925 abet,
826 857 890 924 sed,
911 857 944 911 in
960 855 1018 924 lepe

219 951 331 1006 lierniul
341 949 375 1004 de
384 948 496 1006 llenooh
509 948 615 1004 :eterit
624 952 761 1016 toutonem
771 938 1019 1014 ttpnuruueligno

219 1039 281 1094 ritae
290 1038 317 1092 in
329 1037 472 1109 paradis03
486 1053 544 1092 uon
558 1037 599 1091 sie
609 1035 700 1108 inupti,
713 1034 747 1088 de
757 1031 932 1106 gigantibus3
955 1026 1018 1082 ideo

220 1144 278 1184 eron
290 1131 444 1197 resurpunt
455 1127 535 1198 impii
546 1123 701 1194 injudicio,
709 1123 743 1177 de
753 1121 868 1176 dilucio:
881 1119 1019 1188 Quotiens

220 1217 298 1273 creuit
312 1217 450 1273 Dominus
473 1216 546 1270 oium
557 1215 718 1284 justorum,
736 1211 770 1266 de
784 1209 828 1264 lais
847 1209 893 1281 qni
911 1206 938 1262 in
955 1219 1020 1260 arca

220 1305 344 1370 ιιιιιιιιιιις
361 1313 387 1359 et
402 1306 457 1360 iter
475 1305 628 1376 impiorum
638 1301 751 1374 peribit,
764 1299 798 1355 tle
815 1299 856 1353 liis
871 1295 917 1368 qut
930 1295 956 1350 in
972 1295 1019 1350 di·

219 1394 294 1452 lurio
309 1394 461 1465 perierunt,
485 1399 622 1462 sumptum
646 1391 761 1448 ridetur.
787 1387 951 1460 Significant
969 1399 1021 1443 au-

220 1494 273 1541 tem
290 1482 426 1538 Christum
441 1498 501 1541 oum
516 1480 654 1536 universis
670 1479 763 1536 clectis
779 1494 828 1550 per
841 1477 965 1534 ultimum
978 1474 1020 1543 ju·

221 1572 322 1630 dicium
343 1571 378 1628 ad
399 1570 595 1627 beatitudinem
615 1569 809 1634 transiturum,
832 1574 859 1622 et
880 1563 1021 1620 diabolum

220 1678 282 1719 cunr
305 1660 433 1732 reprobis
451 1668 583 1716 aeteruum
603 1657 766 1730 supplicium
786 1656 949 1715 subiturum.
971 1652 1021 1710 liic

220 1751 341 1822 panlinus
361 1748 505 1821 tripliciter
523 1747 693 1821 intelligitur,
715 1746 750 1802 de
770 1745 888 1812 cbristo,
911 1743 945 1801 oc
959 1741 1059 1802 ue-te

219 1839 314 1908 alesia,
337 1839 372 1896 de
392 1853 556 1911 unoquoquo
578 1837 675 1895 eleeto.
698 1837 738 1892 De
760 1835 868 1892 Christo
890 1832 974 1908 igitur
989 1831 1019 1886 in

219 1929 316 2000 primis
333 1928 484 1998 videamus,
499 1935 527 1983 et
540 1926 575 1982 ab
589 1926 649 1997 ipso
665 1925 711 1998 qui
724 1933 765 1980 est
780 1922 944 1997 principium
967 1927 1020 1976 tra·

220 2017 323 2081 claudi,
335 2017 477 2072 exordium
493 2031 641 2071 sumamus.
659 2015 745 2070 udam
761 2023 885 2068 terrenus
901 2017 1020 2068 etvetus

219 2103 300 2158 tiemo
324 2099 416 2157 infelix
432 2099 490 2168 luit,
508 2099 554 2172 qni
567 2098 716 2166 dejustitia
738 2098 772 2156 ad
797 2094 967 2168 injustitiam,
984 2095 1020 2148 de

221 2189 387 2248 beatitudine
402 2189 428 2244 in
444 2188 591 2256 miseriam,
605 2189 640 2244 de
655 2187 823 2260 paradisoin
835 2184 971 2247 exsilium,
985 2182 1020 2238 de

218 2279 271 2338 rito
286 2278 312 2334 in
329 2286 446 2334 nuortem
462 2276 542 2345 abiit·
558 2280 589 2336 iu
608 2278 729 2338 eocuailio
746 2275 915 2349 turpiorum,
931 2273 958 2328 id
979 2279 1021 2328 cst

219 2369 375 2429 claernonum
389 2366 489 2428 malum
506 2365 557 2422 sibi
574 2365 788 2428 consiliantium.
806 2366 839 2422 Et
853 2365 884 2420 in
902 2363 946 2422 uie
957 2378 1021 2436 pee-

219 2461 351 2518 catorum
373 2455 463 2530 stetit,
481 2457 544 2528 quia
560 2455 586 2512 in
605 2471 700 2512 errore
721 2453 828 2509 stabilis
843 2452 1018 2526 pennensis:

219 2547 247 2598 et
258 2545 288 2601 in
299 2541 779 2616 cutbedmpestitentireaedit,dum
788 2540 917 2596 malitiam
929 2547 1020 2610 poste

218 2647 265 2688 res
278 2648 364 2704 proso
379 2631 505 2704 exemplo
521 2631 626 2688 docuit.
651 2630 718 2686 llinc
735 2638 791 2686 tres
806 2637 908 2686 mortes
923 2627 1018 2699 expri-

219 2729 339 2787 muntur,
351 2721 449 2792 quibus
460 2736 555 2778 omnes
565 2719 667 2794 posteri
677 2720 744 2774 Adae
756 2718 932 2774 involvuntur
942 2735 948 2770 :
958 2733 1020 2788 quae

219 2826 250 2866 ex
273 2825 425 2877 consensu,
450 2826 482 2864 ex
505 2817 583 2876 actu,
608 2825 640 2864 ex
658 2807 857 2865 consuetudine
879 2806 1015 2863 oriuntur.

219 2897 335 2956 Diabate
354 2912 474 2970 namque
490 2896 673 2970 persuadente
688 2897 770 2952 homo
789 2894 937 2962 consensit,
954 2894 1018 2948 datm

220 2986 332 3044 uetitum
347 3001 363 3040 a
378 2987 436 3042 Deo
451 2986 616 3057 concupivit.
633 2985 668 3040 lit
683 2985 746 3056 quia
761 3001 775 3042 a
791 2993 862 3038 statu
877 2982 1017 3041 rectitudi-

1074 475 1141 534 tiam
1158 477 1199 532 vol
1213 479 1369 549 superbiam
1385 479 1480 545 suasit,
1496 477 1561 534 dum
1575 476 1667 534 emnia
1681 489 1768 548 regno
1779 475 1872 532 mnndi

1072 567 1201 637 praebuit.
1222 569 1277 624 Sed
1292 569 1355 640 qaia
1370 569 1496 624 Christus
1510 567 1599 626 uictor
1619 565 1735 630 sustitit,
1754 565 1821 620 dum
1837 565 1872 620 ed
1954 622 1955 635 ,

1073 657 1323 728 concupiscentiam
1335 674 1394 714 arou
1403 658 1486 724 abiit,
1496 673 1547 712 nec
1562 657 1667 712 incana
1676 654 1765 729 gloria
1777 654 1871 716 stetit,

1072 760 1124 803 uec
1138 746 1167 800 io
1183 746 1387 805 auaritiasedit
1407 767 1416 802 .·
1434 747 1496 802 ideo
1514 747 1662 802 humanum
1682 760 1771 816 genus
1788 759 1806 800 a
1826 743 1874 798 tri-

1074 834 1126 890 bus
1144 835 1286 902 mortibus,
1311 835 1503 909 cogitationis,
1519 833 1665 892 locutionis
1678 841 1705 890 ot
1718 833 1809 904 operis
1825 848 1872 886 re-

1073 922 1166 979 demit.

1109 1032 1213 1088 Sedere
1227 1041 1270 1088 est
1280 1034 1453 1106 regnantium
1468 1033 1513 1090 rel
1529 1031 1700 1098 docentium;
1719 1029 1874 1101 pestilentia

1075 1130 1115 1176 cst
1130 1121 1215 1178 libido
1228 1122 1398 1189 dominandi,
1414 1139 1475 1195 qna
1495 1121 1533 1182 tn
1554 1136 1651 1178 omnes
1664 1118 1762 1186 titillat,
1778 1127 1807 1174 ut
1822 1134 1875 1175 nec

1075 1212 1224 1266 monachos
1235 1211 1349 1268 intactos
1360 1211 1503 1283 relinqunt.
1515 1212 1547 1268 lu
1556 1210 1692 1268 rotlrrdre
1701 1210 1875 1281 pestilentie

1075 1303 1170 1365 certet,
1197 1300 1243 1372 qui
1270 1301 1443 1372 prelaturam
1467 1299 1626 1357 dominandi
1650 1299 1769 1371 appetitu
1783 1307 1870 1353 tenet.

1076 1390 1159 1463 Cujus
1186 1390 1344 1445 ambitionis
1366 1407 1401 1446 ne
1422 1390 1466 1446 eui
1495 1389 1574 1446 daret
1594 1388 1765 1459 exemptum,
1785 1387 1875 1442 renuit
1959 1398 1960 1403 ¹

1076 1478 1211 1548 Clarium,
1223 1479 1305 1536 tiemo
1321 1480 1490 1546 Bonamicus,
1506 1495 1521 1534 a
1537 1479 1624 1535 turbis
1637 1478 1665 1534 in
1679 1477 1790 1532 deserto
1803 1476 1875 1532 obla·
1960 1480 1961 1519 t

1077 1577 1134 1624 tum
1150 1568 1204 1624 sibi
1219 1585 1346 1642 regnum.
1363 1569 1452 1642 Supra
1467 1569 1539 1626 diota
1554 1568 1665 1641 quidem
1680 1567 1803 1622 Christus
1816 1581 1873 1622 ιιοιι

1076 1657 1149 1726 iecit,
1163 1659 1212 1714 sed
1228 1658 1316 1730 quid?

1109 1820 1195 1874 teas.
1205 1820 1313 1876 ‘tx—lu
1329 1821 1386 1892 leue
1399 1820 1515 1878 Domini
1529 1821 1743 1888 coluntoseioa.
1758 1818 1876 1875 Lexllo-

1074 1908 1140 1965 mini
1154 1917 1196 1965 est
1211 1907 1284 1966 mala
1299 1909 1420 1966 deuitare
1434 1917 1462 1965 et
1474 1909 1548 1966 bona
1565 1909 1667 1974 iacere,
1687 1909 1759 1982 quod
1774 1917 1814 1966 est
1826 1909 1874 1976 ju·

1074 1997 1148 2052 stitia
1165 2006 1193 2054 ct
1213 1997 1338 2065 dilectio;
1355 1999 1461 2068 justitia
1484 1999 1586 2072 quippe
1607 2007 1650 2054 cst
1670 1997 1772 2054 malum
1797 1997 1875 2054 deri-

1075 2097 1145 2152 tare,
1162 2086 1274 2143 dilectio
1291 2085 1392 2142 bonum
1413 2086 1517 2157 lacero.
1539 2088 1570 2143 ln
1587 2086 1876 2160 leprecationem

1075 2185 1115 2232 est
1127 2175 1241 2246 justitia,
1261 2175 1388 2233 uoluntas
1408 2176 1512 2232 Christi
1531 2175 1592 2244 suit,
1609 2178 1672 2236 dum
1687 2175 1818 2247 justitiam
1838 2176 1879 2230 in-

1076 2264 1276 2321 declinabiliter
1292 2273 1398 2332 tenens,
1413 2265 1488 2321 Patri
1503 2266 1636 2322 obediens
1652 2282 1739 2338 usque
1753 2265 1787 2320 ad
1803 2281 1877 2320 mor-

1077 2362 1132 2410 tam
1153 2353 1266 2409 exstitit.
1284 2355 1316 2410 lu
1333 2355 1391 2426 lrpr
1404 2355 1532 2421 botuuini,
1550 2354 1622 2428 quod
1639 2362 1681 2410 est
1698 2353 1819 2418 dilectio,
1835 2354 1877 2407 ni·

1079 2441 1226 2498 nilominus
1241 2443 1365 2498 uoluntas
1380 2443 1439 2512 ejus
1454 2441 1516 2505 init,
1532 2443 1598 2498 ditm
1613 2458 1678 2499 suos
1694 2441 1721 2496 in
1737 2440 1821 2498 baem
1836 2443 1876 2496 di-

1079 2530 1168 2606 ligens
1183 2547 1234 2604 pro
1249 2532 1288 2587 cis
1303 2532 1419 2586 animam
1435 2532 1536 2602 posuit.
1552 2532 1630 2589 Unde
1643 2541 1669 2595 et
1683 2531 1806 2604 sequitur
1822 2549 1828 2586 :

1116 2649 1150 2708 tt
1161 2648 1192 2703 iu
1206 2649 1265 2719 lupe
1277 2651 1338 2720 ciue
1348 2648 1536 2708 ineditobitur
1543 2648 1588 2704 die
1605 2665 1638 2704 ue
1648 2652 1742 2705 nocte.
1757 2649 1878 2713 llocest,

1078 2736 1106 2793 in
1120 2737 1303 2808 prosperitate
1322 2746 1347 2793 et
1371 2737 1548 2794 aduersitate.
1572 2738 1603 2792 la
1616 2737 1663 2794 dia
1676 2738 1820 2794 meditatas
1834 2744 1878 2791 ast

1079 2825 1168 2896 legem
1184 2825 1301 2894 justitiae,
1311 2829 1421 2898 qttando
1432 2826 1520 2881 turbis
1533 2843 1594 2882 eum
1605 2843 1700 2899 regem
1710 2827 1877 2884 constituere

1079 2915 1233 2970 volentibus
1247 2914 1330 2988 lugit3
1350 2915 1378 2970 in
1394 2923 1474 2971 nocte
1489 2931 1556 2972 sero
1570 2915 1715 2972 meditatus
1729 2924 1770 2972 est
1785 2915 1876 2986 legem

1078 3003 1248 3070 dilectionis,
1281 3005 1391 3074 quando
1415 3004 1517 3060 iudeis
1545 3021 1607 3060 eum
1638 3005 1877 3077 comprehendero.

218 3074 262 3130 uis
276 3075 351 3145 abiit,
367 3073 430 3134 dum
446 3076 504 3131 [teo
519 3074 616 3133 similis
629 3090 691 3130 esse
709 3073 801 3142 uoluit,
820 3071 1056 3158 beatitudinemss
1081 3093 1235 3148 ,olentibus
1257 3093 1316 3148 sip„
1337 3094 1521 3165 quaerenpbus
1544 3094 1579 3150 ,d
1600 3093 1756 3165 passionem
1780 3102 1878 3165 sponte

218 3163 307 3222 amisit
322 3171 348 3220 et
370 3171 484 3223 mortem
500 3163 599 3222 animae
614 3163 698 3220 subiit
713 3181 720 3218 ι
736 3164 767 3219 lit
782 3163 833 3218 boc
847 3164 878 3220 tn
895 3162 1014 3219 eorrsitio

219 3254 390 3326 turpiorum,
406 3252 576 3317 daemonum,
592 3267 705 3326 quorum
726 3251 872 3309 consilium
887 3259 928 3306 est
940 3251 1019 3320 justi-

221 3343 286 3398 tiam
303 3341 444 3406 deserere,
456 3349 482 3396 et
496 3343 580 3398 aDeo
594 3349 767 3412 apostatare;
783 3347 809 3395 et
819 3339 876 3396 nac
892 3347 932 3394 est
946 3355 1020 3394 mors

220 3447 326 3502 prima,

258 3557 291 3610 et
308 3557 339 3610 iu
358 3556 402 3611 uio
417 3560 595 3623 pecccatorum
616 3558 712 3626 stetit,
734 3555 800 3610 dum
819 3554 1021 3626 concupiscen-

222 3643 288 3698 tiam
303 3651 364 3698 actu
387 3643 533 3716 perticieus
556 3644 728 3700 interdictum
747 3659 858 3716 potarum
882 3643 1014 3699 corncdit.

228 3735 273 3788 l'in
294 3737 476 3809 precariarum
498 3741 539 3788 est
559 3733 745 3808 transgressio
765 3733 970 3796 nrairdatorum;
996 3742 1023 3788 et

221 3823 283 3893 quia
298 3823 366 3878 lianc
382 3821 451 3878 uiam
468 3831 508 3878 cst
523 3823 605 3879 homo
619 3823 774 3896 ingressae,
790 3823 852 3878 ideo
874 3829 915 3877 cst
939 3821 1020 3878 ctiam

221 3919 307 3975 rnorto
322 3911 411 3967 carnis
425 3911 589 3984 depressus;
607 3911 663 3970 liare
679 3919 720 3969 cst
731 3928 804 3968 mors
817 3911 948 3968 secunde.

257 4041 292 4096 tt
310 4038 341 4094 iu
356 4037 492 4096 cathedre
509 4039 683 4110 pestilentie
705 4039 788 4104 aedit,
805 4037 870 4092 duni
885 4053 918 4093 ex
934 4051 1020 4108 praua

222 4125 420 4182 consuetudine
462 4125 565 4180 malum
600 4126 753 4197 exemplum
788 4127 848 4182 aliis
886 4125 1017 4197 prebuit.

222 4213 359 4270 Catltedra
372 4213 444 4270 anim
460 4213 623 4284 pestilentiae
638 4223 679 4270 est
694 4215 817 4271 doctrina
831 4214 955 4281 malitiam
972 4231 1023 4285 per

222 4304 292 4360 haue
311 4301 418 4372 proteu
438 4311 480 4360 ast
498 4302 526 4356 in
545 4303 683 4358 bominem
704 4304 883 4369 morstertia,
901 4311 1023 4375 quaeest

220 4393 296 4460 justa
315 4390 463 4446 damnatio.
490 4390 547 4446 Tali
567 4392 648 4447 modo
667 4391 769 4464 primus
794 4393 876 4448 bomo
897 4391 964 4448 abiit
994 4402 1021 4448 et

223 4497 285 4538 cum
301 4479 358 4536 suis
372 4483 535 4552 sequacibus
550 4480 641 4551 periit.

259 4605 383 4659 Christus
398 4611 487 4660 autem
499 4606 634 4662 sccundus
647 4607 742 4674 Adam,
755 4607 878 4663 caelestis
890 4614 915 4664 et
929 4623 1018 4664 novus

225 4697 307 4750 liomo
322 4701 373 4749 est.
384 4695 485 4750 Bruttus
501 4698 552 4762 etr,
569 4695 616 4767 qui
631 4695 732 4752 homini
749 4697 941 4754 beatitudinem
959 4713 1023 4753 con-

224 4781 311 4839 tulit:
331 4783 396 4838 datm
418 4799 527 4858 semper
548 4785 620 4840 licus
641 4787 760 4841 existens
781 4786 821 4842 uir
839 4785 898 4842 beri
920 4785 1016 4843 soluit.

226 4873 279 4940 Qui
293 4887 350 4928 non
367 4871 484 4929 obiitin
500 4875 619 4931 consilio
638 4875 791 4948 ineptorum
811 4875 875 4931 dum
891 4875 1023 4948 ajustltia

224 4977 278 5017 ιιοιι
301 4961 448 5018 declinarit
468 4961 495 5016 in
519 4964 665 5020 tentatione
686 4963 838 5020 dacinonum
862 4981 945 5037 praua
970 4965 1022 5020 sibi

223 5049 435 5107 consulentium.
459 5053 492 5107 at
514 5053 545 5107 in
572 5055 616 5109 ete
639 5057 818 5126 peccatorum
844 5071 900 5111 nou
928 5055 1024 5121 stetit,

224 5141 287 5212 quia
303 5147 445 5212 peccatum
457 5156 510 5196 nou
520 5141 601 5197 iecit:
616 5151 643 5197 ct
658 5143 687 5198 in
702 5141 837 5199 cathedre
845 5145 1022 5215 pestilentie

222 5245 280 5284 reon
309 5231 396 5297 cedit,
423 5231 485 5303 quia
515 5247 566 5286 neo
589 5230 673 5286 uerbo
703 5247 754 5287 nec
784 5232 910 5303 exemplo
938 5230 1022 5286 ullum

222 5318 324 5373 malum
342 5320 443 5376 donarit.

260 5444 390 5500 ltinbolus
406 5446 489 5502 tribus
506 5445 593 5502 orodis
608 5445 730 5500 tentandi
745 5463 807 5501 oiim
823 5447 945 5518 appetiit,
960 5449 1023 5522 qrri·

222 5531 273 5586 lius
289 5541 315 5586 et
332 5533 448 5603 primum
463 5533 602 5590 bominem
617 5534 718 5590 devicit
739 5551 772 5590 ac
788 5536 873 5592 tribus
889 5537 1022 5593 mortibus

220 5619 307 5676 uictor
326 5622 443 5696 subegit.
466 5623 562 5680 Gulam
583 5623 683 5696 quippe
703 5621 809 5680 Christo
834 5625 934 5692 suasit,
957 5625 1022 5682 dum

218 5707 324 5782 lapides
348 5711 445 5772 mutari
465 5712 493 5768 io
515 5728 613 5782 paoem
648 5711 732 5770 volarit
765 5713 873 5773 irraeom
905 5714 1022 5787 glorium

1074 3182 1204 3236 occurrit.
1226 3180 1280 3236 Sed
1295 3188 1319 3236 et
1337 3181 1487 3237 secundum
1501 3191 1608 3256 tempus
1623 3184 1675 3240 troc
1690 3181 1719 3238 in
1732 3181 1787 3249 die,
1804 3183 1877 3237 istud

1074 3277 1163 3324 autem
1179 3270 1207 3324 in
1222 3279 1300 3327 nocte
1316 3271 1443 3344 contigit.

1111 3413 1198 3467 l'sns.
1211 3413 1239 3468 3.
1255 3413 1335 3468 -Et
1353 3413 1415 3469 ideo
1434 3416 1490 3469 erit
1511 3419 1653 3489 innocensus
1675 3417 1783 3485 tipuum
1804 3415 1879 3486 putrui

1074 3503 1373 3574 ploutnlumeateecua
1384 3503 1519 3559 eieramus
1527 3521 1677 3578 nouorum.
1685 3505 1742 3559 lloc
1751 3511 1806 3558 est:
1817 3503 1880 3572 ipse

1076 3591 1127 3645 erit
1141 3583 1336 3661 co'mparnbilis
1351 3591 1428 3662 ligno
1438 3593 1501 3648 uitae
1516 3593 1542 3647 in
1558 3593 1689 3664 paradiso
1700 3593 1828 3663 plantato,
1841 3593 1878 3646 dc

1076 3695 1130 3750 quo
1143 3679 1243 3735 dicitur
1257 3697 1265 3729 ε
1285 3681 1412 3737 l'ioernti
1428 3681 1497 3738 dubo
1507 3682 1590 3738 eriere
1601 3683 1634 3738 de
1647 3681 1876 3753 ttpnoeittepuod

1076 3773 1118 3824 eat
1135 3769 1167 3824 iu
1181 3769 1317 3841 paradiso
1333 3772 1429 3842 (Aper.
1445 3771 1486 3840 ιι).
1505 3769 1655 3826 Paradisus
1669 3770 1768 3826 dieitur
1781 3769 1877 3825 bertus

1076 3856 1244 3920 deliciarum,
1261 3865 1286 3913 et
1306 3858 1442 3929 signifieat
1459 3859 1623 3924 Ecclesiam,
1642 3860 1669 3914 in
1685 3873 1740 3932 qua
1755 3866 1817 3914 sunt
1831 3859 1880 3913 dc·

1076 3945 1146 4002 liciae
1167 3946 1384 4018 Scripturamm,·
1408 3946 1487 4004 locus
1510 3948 1657 4019 uoluptatis
1677 3957 1735 4016 est,
1760 3955 1877 4019 paterna

1076 4035 1219 4104 ntaJcstas,
1254 4043 1355 4091 aeterna
1385 4037 1523 4092 beatorum
1544 4035 1692 4108 voluptas,
1721 4036 1782 4092 loos
1813 4035 1879 4091 indo

1075 4125 1164 4179 tlaens
1179 4133 1220 4179 ast
1234 4124 1880 4196 Cirristusdepectorel‘at1·ismanaus;tlueota

1075 4228 1138 4282 quae
1157 4213 1315 4281 paradisum
1337 4213 1465 4285 irrigant,
1484 4215 1635 4270 suintilane
1656 4215 1774 4286 Spiritus
1792 4215 1880 4268 sancti

1077 4317 1138 4371 quaa
1150 4300 1305 4356 Ecclesiam
1323 4301 1479 4357 fecundant.
1499 4303 1615 4376 Lignum
1631 4305 1693 4359 vitae
1714 4313 1758 4358 est
1771 4304 1879 4373 sapien·

1076 4389 1121 4456 tie,
1142 4389 1296 4446 animarum
1311 4391 1385 4461 rita;
1409 4392 1462 4448 boc
1480 4391 1601 4464 lignum,
1618 4391 1723 4448 scilicet
1737 4391 1876 4462 Christus,

1035 4454 1214 4537 Dastracus
1232 4479 1369 4536 drettrsus
1393 4497 1533 4553 opoaruru
1550 4483 1740 4555 plautatum:
1757 4484 1809 4540 troo
1824 4495 1876 4555 on,

1074 4567 1223 4623 secundum
1239 4569 1401 4624 descensum
1417 4569 1534 4641 Spiritus
1548 4571 1635 4626 sancti
1650 4570 1676 4626 in
1699 4581 1777 4628 utero
1797 4573 1877 4644 uirgi-

1076 4657 1131 4712 nali
1151 4657 1340 4725 incarnatum,
1356 4659 1435 4728 cujus
1456 4660 1528 4714 dona
1548 4659 1649 4732 ubique
1664 4668 1691 4715 ιιι
1706 4662 1806 4716 tinente
1832 4665 1881 4720 de-

1076 4754 1194 4800 currunt.
1213 4747 1270 4802 lloe
1284 4746 1317 4802 in
1332 4752 1457 4820 trnrporc
1471 4751 1601 4819 [ructum
1620 4749 1713 4816 dedit,
1728 4751 1794 4806 dum
1813 4763 1876 4822 post

1076 4835 1266 4891 ascensionem
1282 4836 1309 4890 iu
1323 4845 1478 4907 temporea
1495 4839 1574 4892 Patre
1588 4838 1734 4905 destinato,
1750 4841 1878 4912 Spiritum

1077 4932 1199 4980 sanctum
1217 4923 1348 4994 apostolis
1364 4925 1437 4980 misit
1462 4925 1668 4990 volumumus
1683 4945 1821 5000 opacorum
1837 4943 1880 4986 est

1076 5012 1172 5082 lapsos
1186 5013 1370 5084 populorum,
1384 5015 1462 5083 juxta
1486 5031 1568 5086 quem
1593 5016 1756 5079 decursum,
1773 5034 1827 5074 non
1851 5021 1879 5076 iu

1078 5113 1172 5158 cursu,
1188 5098 1264 5152 arbo·
1285 5097 1332 5152 illa
1347 5097 1466 5168 plantata
1481 5099 1530 5154 luit
1547 5117 1554 5154 :
1576 5100 1641 5156 dum
1656 5101 1779 5158 Christus
1801 5103 1829 5158 in
1846 5106 1881 5160 si·

1077 5185 1231 5241 militudiue
1247 5186 1341 5242 carreis
1356 5187 1477 5258 peccati,
1493 5205 1546 5244 ιιοιι
1563 5189 1591 5243 ιιι
1606 5205 1690 5246 carne
1711 5193 1879 5262 peccatrice,

1078 5276 1292 5344 apparuitlltcc
1307 5275 1391 5330 arbor
1402 5277 1534 5347 Trnrtnru
1549 5294 1632 5335 suurn
1648 5281 1680 5336 in
1696 5284 1882 5354 temporeano

1077 5363 1237 5429 dedit,dum
1246 5379 1345 5435 corpus
1356 5367 1470 5420 suumin
1479 5365 1877 5427 eduliumstdclibusdedit.lle

1078 5453 1129 5508 boc
1140 5461 1264 5523 tompore
1274 5453 1417 5510 scribitur:
1429 5456 1476 5513 l'bi
1484 5458 1562 5512 verrit
1574 5458 1724 5530 plenitudo
1733 5463 1876 5532 teruporis,

1077 5543 1347 5598 inuisitlieuel'ilium
1358 5559 1440 5600 artum
1448 5545 1555 5611 (oeten.
1564 5547 1613 5601 tul.
1628 5545 1878 5605 elucubratorum

1077 5648 1216 5702 equorum
1232 5640 1274 5686 est
1289 5632 1444 5688 mortalitas
1460 5634 1614 5706 bantinum,
1628 5635 1705 5703 juxta
1719 5653 1801 5710 quem
1824 5639 1877 5694 tue

1079 5720 1188 5790 lienum
1202 5721 1370 5791 plautatum
1383 5720 1447 5787 luit,
1465 5721 1531 5778 dum
1546 5723 1672 5782 Christus
1686 5725 1810 5781 mortalis
1825 5742 1874 5782 ex·
