3942 6067
459 288 508 345 ΒΕ
530 286 775 347 Pflttosoffitt
793 290 907 349 ttUNttt
926 294 1020 355 LIBRI
1039 300 1219 369 Queruott.
1239 339 1274 352 -
1286 311 1353 367 tttt.
1372 305 1411 369 il.¹
1703 320 1739 378 ii

895 420 925 481 Α
974 423 1042 482 Cum
1057 444 1124 505 crgo
1138 446 1240 507 eorpus
1253 434 1321 495 solis
1334 446 1362 495 et
1376 446 1458 498 terre
1474 442 1589 516 equote
1602 459 1658 502 non
1673 447 1737 518 sint,

938 528 1041 587 quippe
1054 534 1118 575 num
1131 526 1168 577 stt
1181 524 1223 581 sol
1244 526 1332 584 octies
1354 530 1444 601 msjor
1463 546 1543 604 quem
1566 540 1649 604 terre,
1677 554 1739 594 unt·

937 607 1016 667 brem
1041 622 1125 675 terroe
1141 612 1276 698 κελινδρος
1308 642 1370 683 εεεε
1391 644 1446 685 non
1474 637 1577 701 potest.
1610 632 1740 693 Canthus

937 714 1006 757 tero
1019 711 1063 759 est
1074 704 1165 780 figure
1180 712 1216 768 ei>
1230 721 1311 771 scuto
1325 715 1354 771 iu
1366 715 1454 773 ultum
1475 719 1598 777 rediens.
1617 723 1694 779 Unde
1712 733 1741 782 ct

935 790 1112 870 sennen<
1138 807 1238 866 eretur
1257 812 1339 883 nujus
1362 812 1458 887 figure
1480 816 1589 887 umore,
1617 818 1672 879 noe
1696 812 1740 891 eq

939 890 1049 961 quando
1064 893 1231 973 luqniposnrn
1254 915 1354 974 corpus
1379 902 1472 961 minus
1492 913 1535 963 est
1560 907 1688 980 eumne,
1703 911 1739 968 nd

937 972 1013 1037 hunc
1026 982 1149 1041 modum.
1168 986 1223 1044 Sed
1237 986 1328 1063 figure
1341 990 1445 1049 umbre
1464 999 1548 1051 terren
1566 994 1738 1056 oslsthoides

938 1078 1002 1165 esse
1015 1085 1072 1127 non
1085 1080 1186 1148 potest,
1202 1076 1267 1149 quis
1280 1078 1333 1147 eol,
1347 1088 1378 1135 nt
1390 1080 1490 1152 probet
1501 1083 1668 1155 Macrobius,
1680 1104 1737 1145 me-

935 1169 981 1223 Jor
994 1166 1037 1215 εει
1055 1168 1139 1219 terre.
1164 1164 1301 1225 conoides
1321 1182 1388 1227 vero
1411 1170 1507 1227 umbre
1534 1172 1642 1246 dicitur,
1672 1176 1738 1248 quie

940 1256 974 1299 ex
988 1244 1044 1305 leto
1058 1249 1087 1305 in
1099 1266 1216 1311 ecumeu
1230 1257 1326 1327 tendit,
1341 1273 1404 1331 qne
1416 1257 1446 1315 fit
1454 1261 1479 1317 si
1492 1260 1658 1319 luminosum
1671 1278 1735 1321 eor-

945 1352 1002 1408 pus
1015 1341 1106 1409 mejus
1118 1342 1154 1399 sit
1164 1342 1303 1411 obsutum
1328 1356 1357 1406 ut
1376 1357 1545 1408 monstretur
1561 1350 1591 1407 in
1613 1350 1738 1425 euujaets

939 1424 1137 1502 descriptione.

89 1836 276 1895 descendendo
288 1826 459 1914 appeten,
487 1834 587 1896 deinde
601 1826 753 1914 δεχᾶτεμος,
775 1844 836 1913 post
859 1777 933 1897 etB

90 1928 231 2006 μονοειδής·
263 1936 329 1995 ileo
351 1936 446 1994 omnis
470 1944 549 1994 erunt
573 1938 711 2012 apertiora
724 1944 787 1995 ente
800 1936 895 1995 ocutos

88 2026 251 2098 precedente
265 2024 355 2101 tiques
368 2025 468 2100 posite.

90 2122 155 2181 Cen.
172 2124 298 2181 xxxtt.
316 2154 352 2167 -
367 2126 405 2183 De
420 2125 519 2199 eeiipei
534 2125 611 2183 iuste
626 2130 656 2185 et
669 2142 757 2201 quere
770 2124 894 2197 steqstn

105 2214 249 2271 εεειιειιεε
261 2228 321 2271 nost
331 2215 495 2287 contisque
506 2214 580 2272 etde
588 2216 691 2289 aperte
700 2215 878 2273 eminerent.

122 2311 239 2385 lictipsis
252 2328 319 2369 sero
332 2311 406 2370 ione
420 2318 463 2369 est
475 2312 555 2378 reno.
572 2313 631 2370 sole
645 2319 671 2371 et
693 2312 760 2370 inne
774 2313 802 2369 in
816 2328 892 2385 prse-

92 2400 159 2458 diote
174 2400 302 2473 eettpttee
316 2401 393 2458 tinee
407 2401 448 2459 sio
461 2401 614 2473 dispositis,
638 2403 712 2475 qnod
734 2402 777 2459 sol
800 2410 843 2459 est
863 2401 892 2457 in

91 2498 210 2559 interiori
227 2498 426 2572 hemispherio,
442 2498 507 2555 lune
520 2498 549 2555 in
563 2498 708 2572 superiori,
731 2506 804 2556 terre
821 2514 890 2557 vero

90 2586 246 2647 inmedio:
271 2588 313 2645 eie
333 2588 407 2661 qnod
422 2588 446 2645 si
460 2588 532 2645 linee
552 2587 734 2645 descenderet
755 2602 774 2643 e
795 2586 888 2645 medio

90 2675 188 2733 toneris
203 2676 342 2749 corporis,
365 2676 495 2734 transiret
516 2692 567 2751 per
587 2676 709 2735 medium
729 2676 836 2734 terreni
861 2683 888 2733 et

90 2765 192 2822 solerie.
208 2766 287 2825 Tunc
300 2774 391 2823 tumor
403 2772 486 2823 terre
495 2765 576 2823 eitius
589 2764 778 2838 interpositus,
790 2764 886 2838 dirigit

88 2855 217 2926 eorunm,
233 2854 348 2922 scilicet,
370 2870 457 2928 nsque
470 2854 505 2911 ed
522 2854 611 2928 ipsene
634 2855 748 2929 lineum,
769 2854 887 2911 undeet

89 2943 151 3000 redii
164 2945 244 3013 sotis,
260 2958 316 3001 nou
330 2951 446 3017 possunt
458 2960 520 3002 cem
534 2944 688 3002 accendere
703 2962 712 3002 t
727 2942 885 3018 petiturque

88 3032 218 3105 scipsnn,
233 3032 322 3091 donec
335 3033 679 3104 monendose,tnrnorern
693 3031 843 3100 trensierit
856 3038 885 3088 ει
937 3026 1014 3099 Ergo
1041 3025 1107 3099 quie
1132 3026 1223 3086 solere
1245 3042 1347 3103 eorpus
1372 3031 1461 3102 mejus
1488 3039 1531 3090 est
1556 3038 1647 3106 terre,
1675 3050 1741 3092 um-

88 3121 214 3194 sp1endor
227 3122 256 3178 in
279 3136 313 3178 ee
339 3136 472 3195 tppsrere
499 3121 624 3194 incipiet.
652 3122 719 3179 Inde
746 3128 788 3179 est
809 3120 884 3194 quod
899 3134 925 3200 ρ
939 3113 991 3172 bre
1015 3114 1089 3173 iliius
1116 3117 1250 3177 conoides
1278 3127 1321 3176 est
1344 3134 1353 3175 ε
1373 3134 1437 3178 corn
1463 3120 1512 3178 Sol
1538 3129 1567 3179 ει
1593 3123 1681 3191 lons,
1710 3130 1741 3181 nt

88 3209 330 3285 nnnqoemdeficit
352 3210 457 3267 nisiin
479 3210 700 3284 quintodecimo
722 3210 797 3278 lune,
823 3210 886 3283 quie
940 3204 1127 3277 prediximus,
1147 3222 1235 3265 conus
1257 3209 1364 3267 umbre
1383 3217 1467 3269 ιεπε
1493 3218 1568 3270 recto
1593 3211 1678 3269 modo
1703 3213 1741 3269 ed

86 3307 145 3357 tnnc
158 3307 201 3357 est
216 3299 270 3356 soii
283 3299 421 3373 opposite,
445 3314 501 3356 non
524 3307 617 3357 temen
634 3299 663 3357 in
691 3299 765 3357 omni
792 3298 888 3373 quinte
940 3292 1034 3352 lttustu
1049 3296 1137 3355 tendit
1149 3312 1266 3372 amque
1280 3296 1376 3370 inficit,
1396 3316 1450 3359 noo
1470 3301 1597 3359 rsdioes
1616 3301 1677 3358 sole
1689 3317 1741 3359 sc·

86 3386 188 3445 decim
201 3388 334 3447 lonchoc
347 3387 493 3462 contingit.
514 3388 570 3445 Sed
591 3388 812 3461 quotiescunque
831 3386 886 3445 hoo
939 3382 1007 3455 cipit
1033 3386 1121 3443 donec
1147 3402 1248 3445 conum
1278 3389 1384 3447 umbre
1411 3388 1557 3447 trensicn't.
1585 3390 1615 3447 Si
1645 3396 1740 3448 sutem

88 3478 219 3551 contingit
233 3492 268 3535 ex
283 3476 372 3553 figure
385 3476 490 3533 umbre
503 3484 599 3535 terre.
612 3477 653 3535 De
664 3475 761 3552 rigoris
775 3477 887 3533 umbre·
939 3472 968 3529 in
983 3473 1077 3547 quinte
1096 3474 1207 3533 decime
1227 3477 1293 3535 lune
1312 3493 1368 3537 non
1388 3478 1425 3535 sit
1452 3478 1494 3536 sic
1514 3478 1659 3551 disposite,
1688 3480 1740 3537 sed

87 3582 142 3623 tunt
158 3582 221 3639 qne
235 3582 269 3623 es
280 3566 373 3639 utiquo
384 3566 505 3623 rotundo
518 3580 637 3639 corpore
650 3564 779 3639 opposito
791 3565 887 3638 eplen-
940 3562 1058 3621 alterum
1069 3564 1106 3621 sit
1119 3564 1317 3639 eliquentnlunt
1338 3582 1438 3625 versos
1459 3568 1685 3642 septentrionem,
1700 3568 1739 3625 sl·

88 3654 287 3728 doriejusdenr
300 3653 369 3713 finnt
385 3655 601 3729 producemus.
625 3655 725 3715 Omnis
743 3654 807 3711 tetis
820 3670 887 3712 cor-
940 3659 1030 3711 terum
1049 3670 1147 3713 versus
1173 3664 1306 3725 omnum,
1334 3670 1421 3715 oouue
1447 3657 1552 3715 umbre
1577 3671 1633 3713 non
1660 3664 1737 3715 recto

88 3744 159 3815 poris
173 3745 274 3803 umbre
287 3745 332 3803 vel
347 3752 389 3801 est
401 3744 598 3817 cylindroides,
613 3744 658 3803 ret
672 3744 816 3803 conoides.
832 3744 886 3801 Sed
939 3742 1022 3799 modo
1034 3744 1071 3801 ed
1084 3743 1176 3801 lunum
1189 3744 1327 3819 diripitur,
1342 3760 1396 3805 neo
1407 3760 1468 3803 eetn
1482 3744 1578 3814 inficit,
1595 3745 1645 3803 sed
1657 3746 1737 3817 inste

88 3830 227 3905 cylindros
249 3842 293 3892 est
315 3833 406 3909 tiques
423 3833 509 3908 lonpe
532 3842 560 3891 et
590 3834 717 3901 rotunde,
741 3832 886 3907 equtiiter
938 3830 1027 3901 illem,
1042 3832 1079 3891 ed
1092 3835 1166 3894 hunc
1180 3832 1302 3894 modum.

89 3936 223 3993 crescem,
240 3938 333 3997 neth
345 3924 434 3981 tineos
447 3922 475 3979 in
497 3938 634 3979 sumtuum
657 3921 886 3997 ettinpens.1nde

89 4009 180 4069 dicitnr
192 4012 381 4086 cylindroides
390 4012 491 4069 umbre
502 4028 563 4086 quse
572 4011 634 4069 telis
647 4010 745 4087 tiqurte
753 4018 806 4069 est.
818 4010 886 4081 Qun

89 4098 115 4154 fit
127 4102 234 4174 quoties
247 4102 417 4159 luminosum
432 4108 576 4175 oorpnset
595 4100 747 4161 obscurum
761 4099 885 4172 eiusdem

89 4189 252 4262 quntitstis,
266 4191 302 4249 sd
317 4191 392 4250 bunc
406 4196 449 4251 est
461 4190 587 4249 modum.

1219 5760 1341 5837 &lipsis
1356 5762 1444 5823 lonc.

1578 5888 1597 5947 3
