3942 6067
90 252 142 311 937
238 257 243 263 '

446 238 453 246 ’
526 245 712 307 SPECULUM
730 234 921 301 ECCLESIAE·
941 265 976 281 ·-
994 239 1043 298 DE
1059 240 1229 303 ttscflatt
1248 241 1311 299 DIE

1696 244 1751 298 9³8

91 371 260 446 propositum
275 388 327 445 per
338 371 418 429 bonae
434 370 601 443 operationis
627 369 745 425 stadium
772 378 892 422 concur·
906 359 936 423 Α
951 362 1030 433 quasi
1046 379 1141 435 parum
1155 373 1232 423 tanto
1246 374 1369 443 tempore
1382 363 1488 435 operati
1500 361 1567 433 sint;
1581 376 1643 421 oum
1657 370 1748 419 antem

91 480 165 519 rere.
179 464 211 518 Et
227 459 292 535 quia
308 460 434 516 Christus
446 459 505 532 jam
522 476 571 532 pro
587 459 668 516 nobis
691 472 746 512 non
763 453 889 521 moritur,

91 567 142 626 par
155 551 274 625 vestigia
289 553 349 621 ejus
363 550 532 622 gradiamur,
553 566 590 605 ne
611 546 727 621 amplius
753 544 781 600 io
805 542 895 599 anima

94 642 259 698 moriamur.
277 640 313 695 Et
328 639 392 714 quia
407 638 515 696 Christo
527 638 586 708 jam
600 638 627 694 in
641 636 753 694 dextera
775 632 826 689 Dei
848 646 894 686 se-

92 729 168 787 denti
193 735 269 784 mors
292 727 363 784 ultra
386 744 441 785 non
475 726 672 793 dominabitur,
701 740 761 798 quae
787 734 895 778 sursum

93 828 160 876 sunt
173 834 338 893 queramus,
353 832 388 874 ne
403 816 484 875 uobis
497 810 601 875 aeterna
615 831 691 873 mors
705 814 775 870 ultra
785 811 819 886 (b
832 810 895 881 tot)

93 907 263 966 dominetur.

126 1034 335 1109 liptaoephalus
351 1036 445 1105 draeo,
460 1036 589 1109 princeps
604 1036 789 1101 tenebrarum,
815 1028 898 1088 traxit

92 1127 129 1185 de
142 1127 215 1185 coelo
228 1125 317 1184 cauda
330 1142 383 1183 sua
396 1134 504 1197 partem
517 1127 660 1185 doliorum
675 1134 704 1182 et
716 1122 896 1195 nebulapeo·

93 1225 221 1277 catorum
234 1232 283 1275 cas
297 1217 413 1284 obtexit,
427 1224 512 1291 atqua
526 1216 625 1274 mortis
638 1214 760 1273 tenebris
772 1213 896 1271 obduxit.

93 1306 173 1365 Unde
188 1306 235 1362 Sol
249 1312 373 1363 aeternus
383 1305 466 1376 jubar
480 1322 538 1363 suaa
551 1305 686 1363 claritatis
707 1303 781 1360 nube
807 1301 899 1359 carnis

94 1395 216 1467 operuit.
234 1395 265 1451 ln
279 1410 378 1453 occasu
401 1395 497 1451 mortis
519 1410 570 1467 pro
589 1394 679 1451 stellis
691 1392 842 1459 occubuit3
863 1390 898 1448 de

98 1483 220 1558 caligine
233 1483 384 1558 productas
397 1483 458 1554 ipse
473 1484 509 1541 de
523 1492 605 1543 nocte
618 1483 716 1539 mortis
738 1482 831 1539 oriens
852 1497 899 1537 se-

95 1590 166 1631 reno
180 1573 251 1631 ooelo
264 1572 393 1630 restituit.
411 1574 565 1645 Propterea
579 1572 707 1630 luxerunt
730 1571 756 1629 ei
779 1588 841 1629 eum
852 1570 897 1642 jo·

96 1663 236 1723 canditate
250 1662 297 1736 qui
310 1678 358 1719 eas
371 1662 445 1730 lecit,
460 1662 526 1735 quia
540 1680 603 1719 oum
617 1677 720 1734 magna
736 1660 898 1733 jubilatione

949 451 995 524 qui
1022 452 1070 509 Xl.
1098 454 1175 511 arinis
1203 454 1367 511 monachum
1392 455 1421 509 in
1442 454 1555 508 heremo
1570 451 1753 525 impugnaris,

950 539 996 595 vix
1020 542 1129 599 taudem
1151 544 1178 599 in
1203 543 1391 601 fornicationis
1415 542 1576 617 voraginem
1593 541 1749 613 impulerat,

949 629 1063 703 dignum
1079 634 1158 691 laude
1174 634 1356 701 coronaverit,
1370 648 1404 691 eo
1420 632 1493 705 quod
1512 648 1570 689 rem
1594 632 1691 689 lortem
1705 630 1750 689 vi-

949 709 1034 776 riliter
1048 722 1205 793 perfecerit.
1224 724 1363 781 Curenim
1378 722 1504 779 diabolus
1519 737 1570 795 pro
1599 721 1642 777 his
1670 720 1751 777 labo·

950 826 1008 866 rem
1023 820 1114 869 sumat
1128 812 1173 886 qui
1190 820 1246 871 toto
1261 812 1405 871 conamine
1416 812 1544 871 omnibus
1558 811 1634 868 horis
1644 810 1679 868 ad
1689 826 1752 869 aum

951 899 1079 959 testinant
1106 910 1133 959 et
1162 903 1224 959 totis
1251 902 1356 961 viribus
1392 902 1502 961 solliciti
1540 908 1604 957 sunt
1638 917 1674 961 ue
1700 900 1752 959 soli

952 998 1084 1056 venienti
1097 998 1163 1056 Illos
1177 999 1343 1057 omnimodis
1364 1002 1505 1057 retrahere
1529 1007 1557 1056 et
1580 998 1689 1056 tardare
1707 998 1752 1055 la-

952 1086 1033 1143 borat
1046 1088 1093 1162 qui
1107 1090 1166 1162 ejus
1181 1089 1273 1147 lauces
1288 1089 1423 1165 fugientes
1444 1090 1481 1147 ad
1502 1088 1590 1147 vitam
1612 1088 1751 1147 Christum

951 1186 1113 1251 properant.

987 1276 1039 1331 Est
1066 1276 1146 1333 belua
1173 1276 1355 1335 corcodrillus
1382 1280 1501 1345 nomine,
1526 1276 1685 1337 vicenorum
1699 1292 1751 1351 pe-

952 1366 1016 1421 dum
1039 1364 1067 1421 in
1093 1365 1274 1441 longitudine.
1301 1368 1365 1423 Haeo
1386 1366 1505 1423 interdiu
1525 1366 1554 1423 iu
1568 1367 1654 1441 aquis,
1670 1374 1751 1427 uoote

952 1471 1019 1512 rero
1034 1463 1158 1511 moratur
1169 1456 1198 1511 in
1212 1456 1302 1512 terris.
1319 1458 1516 1512 Praetereuntes
1539 1454 1651 1524 invadit,
1675 1454 1752 1513 lace-

953 1546 1006 1607 ret,
1023 1538 1156 1607 devorat;
1173 1540 1199 1595 in
1216 1540 1274 1599 sole
1287 1548 1382 1613 aperto
1398 1557 1444 1599 ore
1460 1540 1598 1597 dormiens
1622 1540 1748 1598 recubet.

953 1629 1002 1684 Est
1022 1636 1049 1685 ct
1071 1628 1125 1685 alia
1154 1629 1239 1685 bestia
1264 1629 1374 1686 nomine
1397 1630 1508 1687 enidrus
1536 1630 1622 1702 spinis
1649 1629 1754 1703 repleta

95 1752 210 1810 hum,
233 1752 383 1809 electorum
405 1751 504 1810 mimae
523 1752 613 1809 Deum
633 1751 681 1824 qui
704 1766 751 1807 m
766 1749 896 1807 redemit·
913 1728 940 1789 Β
957 1717 1029 1773 velut
1044 1718 1152 1775 ericius.
1169 1720 1234 1775 lloec
1248 1719 1305 1777 luto
1320 1736 1351 1777 sc
1365 1719 1507 1777 involvens
1516 1728 1641 1793 apertum
1651 1736 1682 1776 os
1692 1736 1755 1799 cor-

96 1840 261 1908 Leriathau,
273 1840 498 1913 piscistaariuus,
509 1840 596 1899 instar
616 1839 900 1907 draconislormatur,

95 1929 300 1987 multitudinem
317 1928 435 2002 piscium
448 1930 575 2001 devorat,
589 1946 624 1987 ex
639 1929 738 2003 quibus
758 1928 835 1987 multi
848 1944 901 2001 pa·

98 2027 172 2077 teuta
185 2020 246 2090 eius
259 2018 374 2077 maxilla
392 2027 529 2077 remeant.

132 2143 187 2200 Per
201 2158 279 2200 mare
292 2144 346 2201 boc
360 2142 493 2200 secutam
505 2142 667 2213 insinuatur,
681 2142 757 2217 quod
780 2142 901 2202 volumi·

98 2232 181 2289 nibus
194 2231 391 2290 adversitatum
405 2234 511 2307 jugiter
527 2233 660 2290 elevatur.
676 2234 707 2288 ln
716 2232 901 2291 boodiabolus

97 2322 275 2380 circumnatat
289 2330 318 2377 ut
342 2322 502 2389 Leviatban,
518 2322 717 2379 multitudinem
747 2322 901 2379 animarum

97 2412 227 2469 devorat.
248 2412 321 2468 Deus
336 2419 427 2467 autern
442 2411 513 2469 coelo
527 2411 679 2485 praesidons
688 2414 797 2468 hamum
809 2412 835 2467 iu
850 2414 902 2468 hoo

97 2516 175 2557 mare
186 2500 316 2573 porrexit,
332 2500 397 2556 dum
412 2501 509 2557 Filium
525 2517 603 2557 suurn
620 2502 655 2557 od
671 2500 836 2573 capiendum
852 2502 902 2556 Le·

98 2590 209 2648 viothan
225 2589 251 2645 in
268 2590 340 2647 ltunc
354 2590 486 2646 mundum
499 2590 610 2647 direxit.
630 2591 799 2661 liujusbami
824 2590 899 2647 liuoa

99 2687 141 2737 est
156 2678 258 2735 Christi
268 2680 477 2753 genealogiaab
489 2680 665 2755 evangelistis
674 2688 814 2737 contexta.
829 2681 903 2736 dcu-

102 2768 162 2825 leus
176 2776 218 2825 est
233 2768 335 2825 Christi
351 2770 494 2840 Divinitas,
511 2768 632 2826 edultum
649 2785 715 2828 vero
733 2770 792 2839 ejus
804 2769 903 2827 burna·

103 2858 190 2915 nitas.
209 2858 297 2915 Porro
311 2859 390 2932 virga
411 2875 463 2931 per
485 2874 564 2932 quam
588 2860 662 2916 linea
684 2860 759 2915 hami
773 2859 801 2915 in
815 2860 904 2915 undas

104 2946 287 3020 protenditur,
304 2956 345 3003 est
358 2956 453 3004 sancta
468 2963 534 3005 crux
549 2948 576 3004 in
592 2948 820 3022 quaCbn'stusad
832 2950 906 3006 deoi-

105 3036 236 3112 piendum
252 3037 394 3094 diabolum
410 3037 598 3110 suspenditur.
622 3038 705 3108 Cujus
728 3038 820 3095 carnis
834 3040 904 3094 odu-

101 3127 169 3183 lium
183 3127 249 3182 dum
264 3126 308 3183 hio
323 3127 471 3184 Lesiathan
485 3126 565 3183 avido
579 3128 661 3184 dente
675 3128 772 3184 mortis
782 3128 905 3185 lacerare

102 3216 209 3286 nititur,
225 3231 242 3273 a
254 3215 358 3273 latente
371 3218 489 3290 equuleo
502 3215 681 3290 transfigitur,
697 3225 779 3291 atque
798 3226 901 3275 tortuo-

104 3322 153 3362 sus
167 3305 283 3363 coluber
293 3306 329 3362 de
342 3306 470 3363 lluotibus
484 3308 664 3379 protrahitur,
675 3308 741 3364 dum
755 3324 805 3380 per
825 3308 906 3365 Chri-

104 3395 139 3452 sti
153 3395 239 3452 fldem
253 3395 281 3452 in
296 3396 423 3452 omnibus
437 3396 565 3471 gentibus
589 3398 677 3455 cultus
702 3398 762 3468 eius
781 3398 909 3455 dilabitur

102 3500 137 3543 ao
149 3484 186 3541 de
202 3484 333 3543 cordibus
347 3483 466 3542 fidelium
482 3502 533 3558 per
547 3487 648 3543 Christi
658 3502 760 3543 nomeu
784 3486 907 3544 contusis

104 3572 154 3649 luo
183 3572 354 3647 confossisil
380 3574 492 3632 cottidie
532 3575 669 3632 educitur.
701 3577 767 3649 Eius
795 3592 907 3650 quoque

102 3662 215 3719 maxilla
242 3663 441 3721 misericordia·
477 3664 528 3721 Dei
564 3664 674 3721 armilla
689 3666 851 3739 perfoditur,
880 3673 908 3723 et

103 3768 196 3811 eseam
210 3753 336 3821 electam,
353 3768 434 3826 quam
450 3752 593 3825 improbus
607 3754 700 3826 praedo
715 3755 793 3812 aride
820 3755 907 3813 devo-

102 3842 184 3910 rarit,
200 3842 308 3899 cbristo
323 3842 395 3900 oolla
409 3844 469 3913 eius
482 3853 636 3916 premente,
660 3860 805 3903 removere
827 3860 907 3918 cogr-

102 3940 162 3989 tur.
181 3932 260 3990 Unde
277 3932 375 4002 David,
392 3948 474 4005 quem
486 3948 538 4006 per
560 3933 694 3989 luxuriam
719 3934 833 3991 dulciter
855 3935 907 3989 ab·

103 4022 222 4090 sorbuit,
239 4038 288 4094 per
300 4020 486 4093 poenilentiam
500 4022 659 4095 perforatus
680 4023 833 4091 revomuit;
855 4026 907 4081 Pe·

103 4114 174 4179 lrus,
190 4126 271 4185 quem
286 4128 336 4183 per
350 4110 563 4185 abnegationem
577 4111 681 4168 Christi
695 4112 907 4185 deglutivitdle-

104 4200 181 4258 tibus
196 4198 347 4257 transluxis
361 4200 484 4265 remisit;
499 4200 622 4269 llariam,
639 4218 721 4276 quam
744 4219 796 4276 per
817 4218 907 4261 caruis

104 4287 361 4363 concupiscentiam
376 4290 525 4359 devoravit,
542 4290 663 4347 lacrimis
684 4292 828 4364 perfossus
841 4293 907 4349 red-

106 4380 175 4437 dere
188 4396 245 4436 uon
259 4380 389 4437 tardavit.
410 4380 459 4436 Per
473 4380 571 4436 Christi
587 4381 803 4439 misericordiam
812 4383 905 4455 inper-

105 4468 194 4526 lorata
222 4468 281 4539 ejus
307 4468 418 4525 rnaailla
442 4467 566 4526 foramen
603 4472 729 4527 omnibus
765 4481 850 4545 patet,
880 4450 946 4529 etD

106 4557 197 4615 onmis
217 4556 342 4614 incautus
369 4558 403 4613 ab
427 4574 460 4614 eo
484 4560 641 4623 devoratus,
658 4577 708 4631 per
720 4562 908 4632 paenitentiam

107 4646 183 4703 exire
196 4644 283 4703 valet.
298 4646 349 4704 Hic
364 4646 493 4706 absorbet
508 4648 618 4703 llrrvmzu
635 4660 661 4705 vt
684 4666 738 4705 non
755 4651 907 4718 rnirabitur,

107 4746 173 4821 quie
195 4746 268 4821 quod
290 4754 387 4821 gentes
412 4744 477 4802 insul
490 4747 562 4802 lium
577 4748 698 4812 «leverat,
724 4765 778 4804 tion
793 4750 909 4805 multum

108 4842 328 4917 appreciabitur.
348 4844 437 4901 llabct
451 4844 534 4901 etiam
549 4844 676 4903 fiduciam
692 4848 764 4920 ‹prtod
779 4847 908 4905 iordanis

107 4941 135 4997 ln
150 4958 182 4999 os
197 4943 257 5013 ejus
271 4940 377 5009 inlluat,
393 4942 458 5017 quia
483 4942 679 5017 baptizatorum
704 4946 834 5017 populum
856 4946 908 5001 ab·

107 5039 222 5097 sorbere
262 5039 383 5097 anhelat.
408 5040 510 5097 tenum
535 5058 644 5115 quoque
664 5050 692 5097 ut
711 5042 761 5099 bos
783 5043 910 5101 comedet

107 5138 182 5211 (uon
209 5139 261 5210 tv),
276 5138 339 5211 quia
363 5138 436 5211 quod
460 5140 583 5196 carnales
607 5140 719 5197 devorat
743 5142 904 5213 vilipendet.

106 5236 181 5291 Esco
201 5237 261 5307 ejus
285 5236 372 5293 electa
396 5236 504 5304 dicitur,
530 5238 593 5312 quia
618 5257 668 5310 pro
693 5240 807 5295 summis
835 5241 910 5297 ducit

107 5332 212 5388 deliciis
228 5333 251 5388 si
275 5332 455 5405 spiritualium
470 5336 547 5407 lapsu
563 5336 621 5401 ejus
636 5336 756 5409 maligna
768 5339 909 5408 persuasio

107 5428 242 5486 relicitur.
261 5430 341 5487 Unde
356 5438 381 5485 et
397 5430 484 5487 lertur
499 5430 532 5501 (l0
547 5434 609 5502 l56)
625 5432 652 5486 in
668 5432 745 5487 libris
763 5434 836 5505 quod
850 5435 909 5491 dae·

106 5543 203 5583 nrones
218 5524 266 5600 qui
280 5525 308 5581 iu
321 5525 428 5583 civitate
444 5528 542 5585 multos
557 5527 665 5585 occisos
680 5528 706 5584 in
735 5530 869 5589 seditione
883 5540 909 5588 ct

106 5624 254 5700 perplures
266 5624 294 5681 iu
308 5626 378 5683 mari
392 5634 556 5701 tempestate
570 5628 731 5687 submersos
746 5630 823 5689 brevi
837 5639 909 5689 tem-

106 5740 176 5803 pore
189 5725 226 5783 ad
238 5732 343 5785 tartara
354 5733 558 5799 pertraxerunt,
579 5726 698 5803 flagellis
721 5728 795 5789 occdi
815 5731 908 5808 jussit,

219 5822 349 5883 Parnon.
368 5824 500 5883 ccxtttt.

955 1806 1245 1881 codrilli-ingroditur,
1273 1824 1393 1882 moxque
1408 1808 1442 1865 ab
1457 1824 1490 1867 eo
1504 1808 1667 1882 deglutitur.
1688 1806 1756 1879 Quae
1833 1860 1837 1869 .

955 1904 1053 1953 cuncta
1068 1897 1173 1954 interna
1188 1898 1250 1971 ejus
1265 1898 1351 1972 spinis
1365 1898 1495 1970 terebrat,
1507 1906 1658 1957 etenecata
1668 1897 1757 1957 bestia

955 1986 1019 2044 vira
1035 1995 1148 2044 remeat.

991 2085 1044 2142 Per
1058 2084 1252 2142 corcodrillum
1267 2084 1393 2143 diabolus
1417 2084 1580 2158 declaratur,
1606 2086 1671 2161 quia
1692 2095 1756 2145 ante

956 2174 1057 2232 Christi
1070 2174 1217 2233 adventurn
1231 2174 1259 2230 in
1270 2174 1350 2231 duris
1364 2175 1491 2233 cordibus
1506 2176 1659 2253 gentilium,
1683 2192 1757 2234 nuno

956 2272 1046 2321 autem
1061 2264 1088 2319 in
1103 2264 1188 2321 aridis
1204 2263 1344 2321 mentibus
1366 2264 1528 2322 Judaeorum
1556 2274 1691 2325 versatur.
1708 2266 1757 2323 llic

957 2361 1156 2426 pretereuntes
1179 2354 1302 2423 devorat,
1330 2354 1395 2429 quia
1422 2363 1535 2413 cunctos
1561 2363 1623 2413 ante
1656 2355 1759 2413 Christi

955 2444 1110 2517 passionem
1125 2446 1258 2501 obeuntes
1273 2445 1308 2501 ad
1322 2448 1425 2501 tartara
1440 2446 1573 2517 rapiebat.
1590 2445 1645 2502 Sed
1666 2452 1692 2503 et
1706 2445 1758 2501 ad-

957 2534 1011 2590 huc
1034 2540 1129 2605 aperto
1153 2549 1201 2590 ore
1223 2534 1325 2591 lluenta
1347 2534 1475 2591 iordanis
1497 2536 1645 2592 absorbere
1660 2535 1757 2603 inhiat,

958 2624 1022 2696 quia
1037 2623 1132 2679 avidus
1149 2624 1299 2695 baptizatos
1313 2626 1394 2681 etiarn
1410 2626 1544 2683 devorare
1560 2624 1681 2681 festinat.
1707 2626 1759 2681 lle-

957 2712 1035 2769 stiola
1051 2712 1163 2785 spinosa
1177 2722 1217 2769 est
1232 2713 1333 2770 Christi
1347 2730 1411 2771 caro
1423 2714 1523 2771 uostris
1533 2714 1652 2771 miseriis
1662 2730 1759 2771 aemm-

959 2819 1034 2859 nosa.
1053 2804 1116 2860 llaec
1131 2820 1161 2860 se
1177 2804 1233 2860 luto
1247 2804 1368 2871 involvit,
1395 2804 1459 2861 dum
1483 2803 1640 2876 obprobriis
1661 2804 1759 2860 mortis

959 2892 1115 2949 succubuit.
1134 2894 1225 2950 beluae
1240 2909 1270 2949 os
1286 2894 1447 2967 ingreditur,
1464 2896 1529 2949 dum
1545 2895 1580 2951 ab
1607 2894 1762 2951 insaciabili

958 2980 1067 3037 inferno
1090 2982 1247 3039 devoratur.
1273 2982 1327 3039 Sed
1349 2983 1455 3040 interna
1479 2984 1566 3040 betuae
1580 2984 1713 3040 eviscerat
1733 2990 1762 3039 et

918 3070 1055 3157 Cuictrix
1072 3072 1222 3145 egreditur,
1239 3072 1302 3146 quia
1318 3073 1440 3129 Christus
1463 3072 1602 3130 inlernutn
1627 3071 1762 3145 despoliat

959 3168 985 3217 ct
1001 3160 1086 3217 vietor
1099 3162 1134 3217 ed
1150 3170 1223 3217 astra
1238 3162 1394 3219 revertitur.

997 3258 1152 3328 llarissimi,
1166 3276 1240 3317 mors
1255 3276 1334 3317 suum
1354 3260 1474 3318 furorem
1498 3260 1525 3317 in
1549 3260 1629 3318 vitam
1655 3260 1759 3331 effudit,

962 3349 1012 3404 sed
1027 3348 1082 3407 vita
1096 3350 1190 3405 mortis
1205 3366 1278 3407 rnors
1291 3350 1348 3419 luit,
1371 3350 1433 3425 quia
1460 3350 1486 3409 ei
1509 3366 1584 3408 mors
1608 3358 1679 3409 vtcta
1695 3366 1761 3409 suo·

961 3437 1064 3496 cubuit.
1092 3440 1200 3497 blorsus
1220 3439 1319 3496 interni
1344 3440 1428 3497 extitit
1452 3440 1518 3515 quia
1531 3448 1638 3515 partem
1653 3440 1678 3498 ei
1693 3440 1762 3497 abs·
1857 3430 1861 3441 ’

960 3528 1021 3583 tulit
1043 3534 1203 3603 partemque
1229 3528 1350 3603 reliquit.
1376 3530 1477 3589 Favum
1501 3547 1561 3587 oum
1586 3529 1668 3587 melle
1684 3546 1762 3587 com-

962 3616 1028 3686 edit,
1043 3634 1104 3674 oum
1121 3634 1270 3692 resurgens
1285 3619 1393 3675 animas
1409 3619 1558 3677 electorum
1569 3620 1602 3677 de
1616 3636 1665 3677 ore
1675 3618 1763 3676 lconis

961 3706 990 3761 in
1005 3706 1048 3763 via
1063 3722 1079 3763 a
1095 3706 1228 3763 Samsone
1240 3706 1371 3765 contracti
1384 3707 1545 3781 corporibus
1560 3708 1657 3776 induit,
1678 3716 1761 3781 atque

883 3844 888 3857 .
962 3810 1056 3852 secum
1070 3796 1224 3852 ascendens
1239 3795 1335 3869 gloriae
1350 3796 1510 3869 angelorum
1525 3796 1624 3863 intulit,
1643 3797 1762 3854 larissi-

961 3898 1021 3941 mos
1038 3900 1087 3941 suo
1102 3884 1165 3941 vino
1181 3883 1228 3959 [ot]
1241 3884 1310 3942 lacte
1323 3886 1478 3953 inebriavit,
1502 3902 1564 3943 oum
1583 3891 1645 3957 post
1665 3902 1763 3943 resur-

961 3973 1113 4031 rectionem
1135 3974 1192 4031 suis
1215 3990 1351 4047 apparens
1373 3981 1438 4047 potu
1461 3972 1554 4049 gaudii
1569 3974 1652 4031 corda
1666 3990 1762 4032 eorum

962 4063 1132 4121 exhilaravit.
1157 4062 1250 4121 Stellae
1273 4079 1391 4138 namque
1413 4064 1510 4135 maria,
1532 4070 1678 4137 postquam
1701 4064 1762 4137 ipse

884 4202 890 4214 .
961 4155 1008 4209 lux
1021 4168 1087 4211 vera
1100 4152 1202 4209 mundo
1217 4152 1313 4210 claruit
1327 4152 1361 4225 (l⁰
1378 4156 1438 4224 too,
1455 4156 1496 4224 νο)
1510 4153 1545 4210 de
1555 4161 1642 4210 morte
1654 4154 1762 4211 suado·

960 4242 1028 4299 lenti
1055 4242 1096 4299 sol
1121 4242 1155 4300 de
1179 4250 1264 4300 morte
1288 4242 1380 4300 oriens
1402 4242 1538 4316 apparuit.
1567 4244 1657 4301 llariae
1675 4244 1762 4301 etiam

961 4332 1146 4407 Magdalenoe,
1163 4348 1245 4406 quam
1266 4350 1281 4389 a
1305 4340 1413 4406 septem
1437 4333 1579 4391 daemoniis
1595 4334 1761 4405 emundavit,

961 4438 994 4478 se
1009 4421 1165 4479 consolator
1178 4438 1326 4495 resurgens
1342 4423 1531 4493 manilestavit,
1548 4440 1608 4481 cum
1637 4425 1673 4481 ad
1701 4442 1763 4482 mo·

961 4520 1121 4569 numentum
1136 4512 1194 4581 eJ'us
1210 4512 1288 4569 tleret
1303 4520 1330 4569 et
1345 4529 1407 4569 eum
1422 4512 1560 4569 sublatum
1575 4513 1638 4570 inde
1663 4515 1763 4572 crede-

961 4608 1017 4658 ret.
1037 4602 1116 4658 Petro
1130 4617 1237 4675 quoque
1258 4616 1395 4674 apparens
1419 4618 1480 4659 eum
1506 4604 1672 4673 consolatur,
1697 4604 1763 4661 dum

962 4715 1011 4756 cor
1026 4697 1085 4771 ejus
1099 4708 1212 4773 propter
1226 4699 1438 4774 abnegationem
1449 4704 1761 4771 moeroreconturbatur,

961 4798 1066 4855 Jacobo
1081 4797 1161 4855 etiam
1177 4816 1233 4855 suae
1247 4808 1403 4857 materterae
1418 4800 1474 4856 lilio
1490 4800 1623 4873 apparuit,
1641 4800 1687 4875 qui
1702 4802 1761 4857 alll

964 4896 1029 4955 [cria
1043 4898 1176 4971 usquead
1191 4898 1270 4954 illurn
1285 4898 1358 4955 diem
1373 4900 1432 4956 sine
1447 4898 1508 4955 cibo
1523 4900 1682 4971 permansit,
1699 4898 1762 4973 quia

963 5004 1018 5052 tam
1033 5004 1124 5053 certus
1138 4995 1173 5051 de
1189 4993 1291 5051 Christi
1307 4996 1508 5053 resurrectione
1529 4994 1617 5051 fuerat
1639 4995 1712 5069 quod
1731 5012 1762 5053 se

962 5116 1018 5155 non
1035 5100 1110 5172 prius
1126 5100 1351 5156 manducaturum
1366 5116 1447 5172 quern
1463 5098 1601 5155 Christum
1627 5098 1762 5157 viventem

962 5198 1056 5255 videre
1070 5200 1228 5256 devoverat.

1000 5323 1110 5381 Duobus
1124 5342 1139 5381 a
1155 5332 1328 5381 monumento
1345 5324 1541 5381 revertentibus
1557 5338 1587 5380 so
1601 5322 1761 5382 manifesta-

963 5420 1001 5477 vit
1016 5434 1044 5477 et
1058 5438 1105 5476 eas
1120 5422 1153 5477 de
1170 5420 1370 5477 resurrectione
1385 5436 1432 5475 sua
1448 5420 1605 5476 laetilieavit.

999 5528 1112 5584 Duobus
1128 5545 1236 5602 quoque
1252 5528 1285 5583 ad
1301 5528 1402 5583 Ernaus
1417 5528 1543 5583 euntibus
1558 5528 1586 5583 in
1600 5527 1646 5585 via
1667 5538 1695 5586 ut
1710 5548 1761 5603 pe-

962 5627 1235 5703 regrinusapparuit‚
1253 5634 1356 5683 etcum
1378 5624 1435 5683 illis
1462 5626 1568 5684 intrans
1591 5628 1627 5685 ad
1656 5644 1763 5689 ooeuam

963 5726 1114 5789 discubuit.
1133 5727 1202 5786 Sero
1216 5733 1308 5784 autem
1322 5724 1404 5799 lacto,
1419 5724 1520 5787 clausis
1545 5728 1646 5803 ianuis,
1670 5730 1763 5791 omui·

1587 5828 1622 5887 30
