3942 6067
169 98 175 108 “
201 96 234 149 39
266 74 273 87 “
420 86 426 131 ·.
490 86 641 147 nonnuli
659 88 884 149 tuustobttrt.
907 88 983 147 OPP.
1005 86 1338 177 retest-ntnttsc.
1358 92 1404 151 ΕΤ
1422 91 1559 154 tttsTOtt.
1596 120 1600 127 ·
1815 94 1851 150 id

998 296 1132 371 V..

486 514 668 590 (Bibliotheca
699 517 828 574 Veterum
856 517 995 582 Petrum,
1023 514 1067 570 ed.
1098 513 1234 590 lugdun,
1264 522 1285 570 t.
1311 512 1393 587 xxi,
1430 528 1459 586 p.
1491 515 1564 581 963.)

723 694 864 753 doleretur
884 692 993 751 thnttr
1009 694 1056 767 pio
1076 692 1176 750 lectori
1194 693 1328 751 sulutem.

236 898 340 957 Damus
354 915 398 964 en.
416 896 522 965 Lector,
538 914 593 955 uno
608 897 682 954 lusce
697 898 799 971 publici
814 898 878 956 boui
893 898 984 971 gretie
998 898 1125 973 colligato
1140 895 1252 953 lionorii
1265 894 1533 969 Augustodnnensie‚
1550 910 1611 968 qute
1624 895 1735 968 quidem
1747 896 1782 951 nd
1795 910 1848 952 nos

200 978 319 1035 exstant,
334 969 442 1037 Omnis,
459 970 596 1027 recensita
610 984 682 1025 nuno
697 969 808 1027 demum
822 986 839 1026 u
854 972 881 1026 P.
900 972 1013 1027 schotto
1028 969 1093 1025 Soc.
1111 971 1190 1035 lesu,
1209 968 1299 1025 emico
1314 976 1406 1023 nostro
1429 966 1580 1093 siqqnlnri,
1602 968 1654 1023 etsi
1676 968 1848 1024 membranis

198 1042 317 1113 antiquis
331 1041 438 1097 oolemo
453 1042 571 1096 exuretis
587 1040 630 1096 hio
645 1040 848 1097 destitueretur.
871 1042 926 1098 Sed
941 1041 1005 1113 quid
1020 1040 1134 1097 Basileus
1147 1040 1265 1111 primum
1279 1038 1351 1111 typis
1366 1040 1468 1094 Creten
1489 1039 1560 1093 riex
1574 1046 1653 1110 perte
1667 1052 1702 1095 ec
1714 1039 1742 1093 in
1757 1038 1849 1094 lucem

197 1113 316 1187 protulit,
331 1111 355 1167 is
371 1119 487 1185 quatuor
500 1128 530 1167 se
546 1116 656 1167 neotum
672 1112 781 1169 codices
796 1113 974 1185 perantiquus
988 1112 1125 1184 lmopiuis
1139 1112 1249 1176 muudi,
1266 1125 1368 1182 eosque
1379 1109 1495 1165 invicem
1508 1110 1679 1165 commisisse
1693 1108 1848 1181 profitetur.

197 1183 289 1239 bitere
305 1199 370 1238 tero
386 1182 480 1247 editio,
495 1182 712 1255 quadragesimo
726 1192 789 1253 post
802 1199 874 1241 enno
891 1190 999 1247 secuto,
1016 1184 1075 1253 ejus
1087 1182 1180 1239 seculi
1195 1198 1267 1238 enno
1281 1181 1451 1254 octogesimo
1468 1188 1567 1252 querto
1589 1188 1653 1252 post
1673 1180 1850 1235 millesimum

219 1254 457 1326 ningentesimum,
475 1252 560 1324 Spirae
570 1254 714 1310 Nemetum
726 1254 841 1309 Bernndi
856 1254 947 1309 Albini
962 1255 1042 1326 typis,
1054 1268 1087 1309 eu
1101 1254 1184 1325 longe
1198 1261 1225 1308 et
1240 1252 1409 1309 emendatior
1425 1250 1473 1307 iuit
1482 1260 1510 1307 et
1520 1250 1682 1323 locupletior
1694 1266 1750 1306 uuo
1765 1251 1849 1306 libro.

197 1272 256 1381 illoc
270 1340 340 1396 opus
356 1325 436 1381 video
450 1324 532 1379 etium
542 1341 556 1379 e
567 1325 644 1380 loon.
655 1324 803 1381 Tritlremio
819 1326 918 1380 ebbute
928 1325 1134 1393 Spnnbeimensi
1146 1324 1253 1395 ilugoni
1264 1324 1404 1379 Victorino
1414 1322 1540 1390 tttrrbui3
1555 1338 1609 1379 non
1619 1338 1706 1378 nomo
1715 1321 1849 1377 Anselmo

198 1396 388 1452 Coutneriensi
403 1395 514 1451 ascribit
530 1414 537 1450 :
553 1396 623 1451 torte
638 1396 711 1467 quod
726 1398 822 1452 eadent
838 1404 984 1453 tractantes
1001 1396 1106 1451 titulum
1121 1410 1177 1450 sute
1192 1394 1416 1465 Cosmogmpbiae
1431 1394 1573 1449 tribuerint
1588 1393 1725 1449 eumdem.
1741 1394 1846 1449 nobee

198 1468 316 1535 luolusr',
333 1465 378 1521 alii
390 1467 518 1523 solitarii
529 1467 594 1521 dunt
604 1482 636 1522 co
659 1478 832 1533 nomentum3
845 1467 969 1539 plerique
979 1468 1145 1539 presbyteri,
1157 1474 1184 1520 ut
1197 1467 1322 1521 eumdem
1333 1480 1395 1521 esse
1405 1464 1533 1535 equidem
1547 1464 1652 1535 opiner.
1667 1464 1756 1520 Tertio
1766 1463 1849 1520 deni·

198 1554 252 1610 que
268 1538 368 1608 pedatu
383 1538 501 1593 eccessit
516 1546 616 1594 nostroe
630 1537 742 1593 editioni
757 1539 880 1607 ejusdem
891 1540 1005 1593 Honorli
1020 1538 1134 1594 Gemma
1149 1539 1264 1603 ouimoe,
1276 1554 1323 1592 seu
1332 1537 1372 1593 De
1387 1534 1492 1591 diuinis
1504 1536 1611 1607 officiis,
1623 1535 1734 1608 rituque
1744 1532 1851 1590 sucrifi-

197 1610 232 1664 cii
247 1610 338 1667 missae
348 1609 410 1663 libri
426 1615 552 1681 quatuor,
566 1609 595 1663 in
610 1609 710 1679 quibus
725 1610 799 1665 etde
814 1610 890 1668 ltorts
904 1610 997 1682 egitur
1010 1609 1155 1665 cououicit
1167 1627 1176 1663 :
1187 1624 1255 1681 qnos
1267 1608 1353 1663 libros
1367 1614 1462 1662 auctor
1476 1608 1612 1663 Honorius
1625 1606 1697 1662 libro
1712 1605 1851 1662 Detumi-

197 1680 314 1736 noribus
325 1681 469 1747 Ecclesioe,
486 1696 535 1735 seu
550 1681 809 1739 ecclesiasticorum
824 1681 1000 1753 Scriptorum
1014 1690 1137 1736 extremo
1163 1694 1227 1734 suns
1241 1692 1405 1734 enumerans
1420 1676 1539 1757 vigilius,
1553 1692 1604 1749 pro
1626 1677 1684 1733 suis
1704 1677 1849 1751 agnostin

198 1758 224 1805 et
237 1750 402 1821 principium
417 1751 529 1807 derrrore
544 1751 719 1817 Tritbemius,
732 1760 762 1807 ut
775 1751 937 1825 legitimum,
952 1760 1159 1808 commemoret.
1174 1749 1247 1805 Exiit
1269 1752 1321 1806 boe
1344 1764 1412 1819 opus
1436 1749 1535 1819 Lipsiae
1550 1748 1689 1820 quondum
1703 1762 1775 1803 enno
1789 1747 1853 1816 eius

197 1820 290 1877 saeculi
306 1828 403 1894 quarto
418 1820 525 1878 decimo
539 1829 602 1893 post
616 1822 792 1878 millesimum
808 1822 1074 1896 quingentesimum:
1090 1826 1119 1877 et
1132 1836 1222 1892 nuper
1244 1820 1356 1877 Lutetiae
1376 1819 1520 1893 vulgatum
1543 1819 1571 1875 in
1595 1818 1742 1891 liturgicis
1763 1818 1852 1873 nihilo

197 1901 377 1968 emendatius,
395 1916 456 1956 oum
471 1902 549 1957 tertia
568 1902 690 1957 Veterum
708 1903 817 1957 Petmm
831 1902 1004 1960 Bibliothecae
1019 1901 1149 1958 editione.
1160 1901 1218 1957 Nos
1232 1904 1359 1958 universe
1372 1892 1511 1974 σπορᾶδην
1521 1899 1594 1955 edito
1608 1897 1807 1969 conjunximus,
1823 1904 1854 1953 et

198 1971 285 2035 vides,
302 1980 328 2029 et
343 1972 425 2042 poulo
438 1988 521 2045 quum
535 1980 615 2028 antes
629 1972 742 2028 meliore
757 1970 870 2030 lecimus
891 1974 947 2031 imo
961 1981 989 2030 et
1003 1972 1194 2045 locupleteris.
1212 1975 1363 2030 Accessere
1376 1974 1477 2030 etenim
1496 1973 1529 2028 iro
1547 1971 1697 2030 Proverbiu
1710 1973 1738 2027 et
1748 1969 1851 2027 Eccle-

198 2044 307 2100 sturton
327 2043 489 2100 Corumcot.
514 2050 541 2099 ct
554 2044 585 2099 tu
604 2044 723 2101 Gouttoo
739 2045 929 2103 canticorum.

319 2459 738 2613 HONORH
776 2460 1726 2615 llUGUSTODUNENSIS

640 2754 932 2870 OPERUM
967 2758 1149 2868 PARS
1188 2760 1409 2869 PRIMA

499 3014 967 3115 DIDASCALICA
1010 3017 1087 3113 ET
1125 3016 1534 3121 HISTORICA.

309 3348 450 3493 [ili
524 3225 1308 3489 ruinoso—rme
1386 3343 1740 3495 MUNDl

736 3592 925 3703 urunt
966 3592 1319 3723 enerues.

517 3810 701 3882 (bibliotheca
720 3815 778 3870 oet.
802 3812 932 3881 Putrem,
953 3811 1078 3885 lugdun.
1095 3811 1174 3882 edit,
1189 3813 1257 3868 tom.
1273 3810 1352 3880 XXI,
1371 3826 1442 3885 pege
1454 3810 1530 3885 995.)

900 3970 1144 3986 m

680 4110 998 4229 INCIPIUNT
1038 4110 1358 4216 CAPITULA.

474 4310 578 4371 iltuit
597 4308 735 4370 PRIMUS.
1003 4310 1108 4373 Acer.
1124 4308 1212 4365 xvtt.
1231 4308 1302 4378 Quid
1325 4296 1454 4365 nereum}

198 4408 264 4465 cto.
281 4407 303 4462 l.
321 4406 393 4475 Quid
409 4408 448 4465 rit
463 4406 649 4480 philosophia.
1042 4380 1111 4435 Cur.
1129 4380 1228 4436 xvttt.
1247 4379 1318 4449 Quid
1334 4381 1508 4437 humectum.

199 4478 268 4535 epp
283 4478 316 4546 ῃ,
332 4478 380 4535 ιη,
398 4478 464 4548 0„oe
482 4480 552 4537 „me
570 4484 667 4536 epm„
686 4480 830 4550 videmur,
846 4483 874 4536 εἰ
891 4479 1003 4552 mvi,
1039 4451 1105 4577 ἓν.
1119 4450 1196 4576 {lx
1213 4452 1313 4508 Utrum
1327 4466 1444 4537 corporo
1457 4453 1518 4508 siut
1532 4450 1576 4508 vet
1590 4451 1709 4524 spiritus
1728 4449 1825 4521 supet.

237 4550 351 4607 dentur.
1079 4537 1105 4576 t·
1149 4522 1188 4577 X·
1206 4524 1245 4579 lte
1258 4522 1442 4578 doeruombur.

199 4620 266 4677 Cer.
281 4620 326 4677 ill.
343 4620 414 4688 Quid
431 4620 469 4677 rit
483 4624 608 4693 perfecte
627 4623 736 4697 aliquid
752 4636 927 4695 coquosoero.
1038 4594 1109 4650 0⁸⁹·
1129 4593 1205 4649 ffl-
1218 4594 1257 4648 ⁰⁶
1270 4593 1419 4649 demittit
1434 4594 1539 4650 mulla·

199 4692 266 4748 Ceo.
284 4690 315 4747 V.
334 4693 436 4763 Quibus
454 4692 614 4751 rationibus
627 4696 762 4767 probetur
774 4696 862 4749 ileum
879 4708 948 4748 enoc.
980 4741 984 4746 .
1038 4666 1106 4721 CAP·
1126 4664 1215 4719 ΧΧῙῙ·
1227 4665 1265 4719 ⁰⁶
1279 4665 1425 4750 malim
1437 4664 1561 4737 limium
1574 4666 1604 4719 0⁸
1616 4664 1722 4749 ouium.
1742 4733 1748 4746 ‚

199 4764 265 4818 Cen.
278 4760 324 4827 tt,
344 4764 399 4819 vti.
418 4764 509 4832 Quare
530 4765 619 4822 Potor
634 4764 899 4836 dirumperentur,
916 4762 1005 4819 pipp„
1040 4738 1107 4792 Cre.
1119 4734 1220 4791 xxttt.
1240 4736 1434 4791 Deorootrone
1447 4733 1799 4798 coeterorumommulmm
1819 4736 1853 4787 et

235 4834 392 4906 Sapientia,
1074 4806 1206 4876 bominis,
1223 4810 1251 4863 et
1266 4821 1318 4881 quo
1333 4810 1458 4879 temporo
1471 4807 1551 4877 foetu
1565 4806 1667 4862 otuudt'
1681 4806 1787 4863 mentio
1798 4805 1852 4860 sit.

200 4903 266 4960 cor.
286 4903 354 4959 vttt.
370 4907 408 4962 De
426 4906 564 4979 peritura
585 4906 663 4964 Filii.

199 4975 266 5031 Cer.
288 4974 337 5032 lX.
358 4976 448 5045 Quare
461 4978 585 5050 Spiritus
601 4982 722 5035 sanctur
734 4977 865 5035 voluutas
879 4974 1003 5035 dicotur.
1274 4997 1377 5055 21qu
1396 4994 1599 5052 SECUNDUS

200 5046 266 5102 Cir.
282 5046 321 5101 X.
344 5048 399 5105 Cur
412 5064 430 5103 o
445 5050 529 5105 Patre
549 5052 577 5105 et
597 5050 665 5104 Filio
683 5049 828 5121 procedat.

199 5116 266 5173 Cor.
282 5116 332 5173 Xl.
351 5120 387 5174 lie
400 5120 596 5177 coeteruitote
611 5121 746 5191 ipsorum.
1038 5116 1105 5175 Coe.
1121 5117 1143 5174 l.
1163 5114 1235 5187 Quid
1245 5121 1286 5176 rit
1303 5120 1402 5187 other,
1420 5120 1450 5173 et
1466 5119 1585 5175 oruotus
1600 5115 1691 5173 illius.

200 5183 264 5242 (Itu¹
282 5188 344 5243 xit.
355 5188 445 5257 Quare
454 5192 506 5244 uui
514 5205 640 5261 personne
655 5190 782 5263 quaedttm
792 5188 1002 5257 attribuantur,
1038 5188 1105 5245 Cur.
1117 5191 1151 5244 11.
1164 5190 1240 5257 Quod
1248 5187 1692 5264 oquoeooupelotoeruperaetlteru
1701 5202 1760 5244 uon
1771 5187 1848 5243 rirtt‘l

234 5272 300 5313 oum
312 5260 373 5316 siue
393 5261 453 5315 olio
469 5260 544 5315 nibil
563 5264 706 5332 operetur.
1038 5259 1105 5315 cir».
1117 5260 1170 5315 ill.
1188 5263 1259 5330 Quid
1272 5261 1345 5317 illud
1361 5280 1370 5316 .·
1384 5261 1485 5341 Divisit
1499 5276 1586 5333 qquoo
1604 5276 1666 5333 quor
1678 5258 1730 5314 rub
1743 5258 1848 5329 firrrrn-

199 5328 269 5385 Cer.
289 5328 363 5386 Xlli.
384 5328 439 5386 Cur·
455 5330 527 5385 Ft'lto
540 5330 702 5388 incorrectio
721 5332 923 5389 attribuetur?
1072 5335 1170 5387 mento
1184 5337 1262 5390 suut.
1448 5328 1540 5369 *³²⁹¹*

199 5398 265 5455 Cer.
274 5399 346 5457 XlV.
355 5398 653 5473 durSpiru'tuiroucto
660 5408 843 5474 peccatorum
854 5403 1005 5461 remissio?
1037 5401 1104 5457 Cer.
1119 5402 1166 5457 lv.
1185 5404 1261 5472 Quod
1273 5420 1308 5460 ru
1327 5418 1359 5460 er
1371 5400 1481 5459 etber'o
1493 5398 1570 5459 »titt
1583 5400 1724 5457 uidentur.

199 5470 266 5525 Con.
282 5468 343 5527 XV.
358 5472 396 5527 lte
414 5472 512 5526 urimo
526 5471 634 5537 mundi,
649 5477 737 5546 quet
1038 5472 1103 5527 Cir.
1114 5472 1147 5528 V.
1165 5473 1236 5541 Quot
1248 5490 1294 5532 mo
1315 5475 1515 5543 irnmtoritqq
1525 5474 1659 5543 loquutur
1672 5472 1707 5529 de
1721 5473 1848 5546 superio-

199 5541 269 5598 th.
289 5540 364 5599 xvi.
385 5542 457 5609 outo
473 5542 513 5599 tit
527 5544 638 5601 cebete
652 5544 765 5601 ouimot
783 5550 814 5603 et
826 5543 1005 5603 ethereum?
1035 5550 1039 5558 '
1072 5544 1161 5601 ritus.

1465 5592 1489 5631 'tq
1502 5594 1515 5627 l'
1611 5604 1619 5611 -

1521 5652 1557 5692 ..ι

1453 5690 1626 5756 ,Υ-

1541 5801 1552 5858 l
