<?xml version="1.0" encoding="UTF-8"?>
<!DOCTYPE html PUBLIC "-//W3C//DTD XHTML 1.0 Transitional//EN"
    "http://www.w3.org/TR/xhtml1/DTD/xhtml1-transitional.dtd">
<html xmlns="http://www.w3.org/1999/xhtml" xml:lang="en" lang="en">
 <head>
  <title>
</title>
<meta http-equiv="Content-Type" content="text/html;charset=utf-8" />
  <meta name='ocr-system' content='tesseract 3.04.00' />
  <meta name='ocr-capabilities' content='ocr_page ocr_carea ocr_par ocr_line ocrx_word'/>
</head>
<body>
  <div class='ocr_page' id='page_1' title='image "./patrologiaecurs120unkngoog_0145.png"; bbox 0 0 3942 6067; ppageno 0'>
   <div class='ocr_carea' id='block_1_1' title="bbox 116 275 1271 336">
    <p class='ocr_par' dir='ltr' id='par_1_1' title="bbox 116 275 1271 336">
     <span class='ocr_line' id='line_1_1' title="bbox 116 275 1271 336; baseline 0.003 -8"><span class='ocrx_word' id='word_1_1' title='bbox 116 275 163 328; x_wconf 71' lang='lat' dir='ltr'>lbi</span> <span class='ocrx_word' id='word_1_2' title='bbox 627 277 820 336; x_wconf 77' lang='lat' dir='ltr'>Exrttstttu</span> <span class='ocrx_word' id='word_1_3' title='bbox 842 281 877 336; x_wconf 66' lang='lat' dir='ltr'>tn·</span> <span class='ocrx_word' id='word_1_4' title='bbox 899 279 1060 334; x_wconf 56' lang='lat' dir='ltr'>luticios</span> <span class='ocrx_word' id='word_1_5' title='bbox 1081 280 1271 335; x_wconf 62' lang='lat' dir='ltr'>subtutus.</span> 
     </span>
    </p>
   </div>
   <div class='ocr_carea' id='block_1_2' title="bbox 1720 285 1773 340">
    <p class='ocr_par' dir='ltr' id='par_1_2' title="bbox 1720 285 1773 340">
     <span class='ocr_line' id='line_1_2' title="bbox 1720 285 1773 340; baseline 0 -1"><span class='ocrx_word' id='word_1_6' title='bbox 1720 285 1773 340; x_wconf 72' lang='lat'>282</span> 
     </span>
    </p>
   </div>
   <div class='ocr_carea' id='block_1_3' title="bbox 111 397 1773 482">
    <p class='ocr_par' dir='ltr' id='par_1_3' title="bbox 111 397 1773 482">
     <span class='ocr_line' id='line_1_3' title="bbox 111 397 1773 482; baseline 0.008 -28"><span class='ocrx_word' id='word_1_7' title='bbox 111 398 163 454; x_wconf 83' lang='lat' dir='ltr'>Sed</span> <span class='ocrx_word' id='word_1_8' title='bbox 180 397 353 468; x_wconf 75' lang='lat' dir='ltr'>infructuosi,</span> <span class='ocrx_word' id='word_1_9' title='bbox 373 407 401 456; x_wconf 90' lang='lat' dir='ltr'>ut</span> <span class='ocrx_word' id='word_1_10' title='bbox 421 400 528 458; x_wconf 78' lang='lat' dir='ltr'>aridam</span> <span class='ocrx_word' id='word_1_11' title='bbox 551 401 666 474; x_wconf 77' lang='lat' dir='ltr'>lignum,</span> <span class='ocrx_word' id='word_1_12' title='bbox 687 403 744 477; x_wconf 74' lang='lat' dir='ltr'>igni</span> <span class='ocrx_word' id='word_1_13' title='bbox 760 407 815 476; x_wconf 88' lang='lat' dir='ltr'>apti</span> <span class='ocrx_word' id='word_1_14' title='bbox 831 411 910 462; x_wconf 87' lang='lat' dir='ltr'>eruut</span> <span class='ocrx_word' id='word_1_15' title='bbox 924 405 952 466; x_wconf 83' lang='lat' dir='ltr'>A</span> <span class='ocrx_word' id='word_1_16' title='bbox 968 407 1035 464; x_wconf 86' lang='lat' dir='ltr'>ldeo</span> <span class='ocrx_word' id='word_1_17' title='bbox 1050 410 1196 466; x_wconf 82' lang='lat' dir='ltr'>aritembic</span> <span class='ocrx_word' id='word_1_18' title='bbox 1210 410 1335 482; x_wconf 87' lang='lat' dir='ltr'>psalmus</span> <span class='ocrx_word' id='word_1_19' title='bbox 1350 411 1378 465; x_wconf 92' lang='lat' dir='ltr'>in</span> <span class='ocrx_word' id='word_1_20' title='bbox 1393 418 1473 468; x_wconf 92' lang='lat' dir='ltr'>nocte</span> <span class='ocrx_word' id='word_1_21' title='bbox 1487 409 1629 470; x_wconf 83' lang='lat' dir='ltr'>[lominica</span> <span class='ocrx_word' id='word_1_22' title='bbox 1649 414 1773 480; x_wconf 89' lang='lat' dir='ltr'>canitur,</span> 
     </span>
    </p>
   </div>
   <div class='ocr_carea' id='block_1_4' title="bbox 109 489 909 740">
    <p class='ocr_par' dir='ltr' id='par_1_4' title="bbox 109 489 909 740">
     <span class='ocr_line' id='line_1_4' title="bbox 112 489 909 564; baseline 0.008 -22"><span class='ocrx_word' id='word_1_23' title='bbox 112 503 182 559; x_wconf 90' lang='lat' dir='ltr'>quos</span> <span class='ocrx_word' id='word_1_24' title='bbox 194 497 292 544; x_wconf 77' lang='lat' dir='ltr'>sentus</span> <span class='ocrx_word' id='word_1_25' title='bbox 302 489 404 562; x_wconf 85' lang='lat' dir='ltr'>aquilo,</span> <span class='ocrx_word' id='word_1_26' title='bbox 421 490 447 544; x_wconf 91' lang='lat' dir='ltr'>id</span> <span class='ocrx_word' id='word_1_27' title='bbox 461 497 503 545; x_wconf 85' lang='lat' dir='ltr'>est</span> <span class='ocrx_word' id='word_1_28' title='bbox 518 490 655 554; x_wconf 75' lang='lat' dir='ltr'>diabolus,</span> <span class='ocrx_word' id='word_1_29' title='bbox 672 491 780 564; x_wconf 82' lang='lat' dir='ltr'>projicit</span> <span class='ocrx_word' id='word_1_30' title='bbox 796 510 845 564; x_wconf 90' lang='lat' dir='ltr'>per</span> <span class='ocrx_word' id='word_1_31' title='bbox 859 509 909 550; x_wconf 88' lang='lat' dir='ltr'>cu·</span> 
     </span>
     <span class='ocr_line' id='line_1_5' title="bbox 109 576 909 649; baseline 0.01 -19"><span class='ocrx_word' id='word_1_32' title='bbox 109 577 237 647; x_wconf 88' lang='lat' dir='ltr'>piditates</span> <span class='ocrx_word' id='word_1_33' title='bbox 252 591 268 632; x_wconf 88' lang='lat' dir='ltr'>a</span> <span class='ocrx_word' id='word_1_34' title='bbox 284 576 354 634; x_wconf 89' lang='lat' dir='ltr'>lacie</span> <span class='ocrx_word' id='word_1_35' title='bbox 370 587 461 644; x_wconf 67' lang='lat' dir='ltr'>terras,</span> <span class='ocrx_word' id='word_1_36' title='bbox 478 579 504 634; x_wconf 91' lang='lat' dir='ltr'>id</span> <span class='ocrx_word' id='word_1_37' title='bbox 520 587 561 634; x_wconf 88' lang='lat' dir='ltr'>est</span> <span class='ocrx_word' id='word_1_38' title='bbox 577 595 593 635; x_wconf 89' lang='lat' dir='ltr'>a</span> <span class='ocrx_word' id='word_1_39' title='bbox 607 580 752 637; x_wconf 66' lang='lat' dir='ltr'>stabilitate</span> <span class='ocrx_word' id='word_1_40' title='bbox 770 581 909 649; x_wconf 70' lang='lat' dir='ltr'>Ecclesia,</span> 
     </span>
     <span class='ocr_line' id='line_1_6' title="bbox 109 667 607 740; baseline 0.008 -20"><span class='ocrx_word' id='word_1_41' title='bbox 109 673 136 720; x_wconf 90' lang='lat' dir='ltr'>ut</span> <span class='ocrx_word' id='word_1_42' title='bbox 150 667 206 721; x_wconf 88' lang='lat' dir='ltr'>sint</span> <span class='ocrx_word' id='word_1_43' title='bbox 221 667 311 738; x_wconf 82' lang='lat' dir='ltr'>pulvis</span> <span class='ocrx_word' id='word_1_44' title='bbox 323 675 349 721; x_wconf 90' lang='lat' dir='ltr'>et</span> <span class='ocrx_word' id='word_1_45' title='bbox 365 667 442 724; x_wconf 88' lang='lat' dir='ltr'>cibus</span> <span class='ocrx_word' id='word_1_46' title='bbox 458 669 607 740; x_wconf 85' lang='lat' dir='ltr'>serpentis.</span> 
     </span>
    </p>
   </div>
   <div class='ocr_carea' id='block_1_5' title="bbox 103 790 911 1576">
    <p class='ocr_par' dir='ltr' id='par_1_5' title="bbox 103 790 911 1576">
     <span class='ocr_line' id='line_1_7' title="bbox 145 790 910 867; baseline 0.016 -27"><span class='ocrx_word' id='word_1_47' title='bbox 145 790 220 844; x_wconf 84' lang='lat' dir='ltr'>l‘ans</span> <span class='ocrx_word' id='word_1_48' title='bbox 234 791 260 845; x_wconf 74' lang='grc' dir='ltr'>ὃ.</span> <span class='ocrx_word' id='word_1_49' title='bbox 279 820 312 830; x_wconf 86' lang='lat'><em>-</em></span> <span class='ocrx_word' id='word_1_50' title='bbox 331 791 392 846; x_wconf 79' lang='lat' dir='ltr'>brec</span> <span class='ocrx_word' id='word_1_51' title='bbox 412 807 468 848; x_wconf 82' lang='lat' dir='ltr'>raon</span> <span class='ocrx_word' id='word_1_52' title='bbox 487 798 641 864; x_wconf 83' lang='lat' dir='ltr'>resurqunt</span> <span class='ocrx_word' id='word_1_53' title='bbox 657 795 739 865; x_wconf 84' lang='lat' dir='ltr'>irrrpii</span> <span class='ocrx_word' id='word_1_54' title='bbox 758 794 910 867; x_wconf 81' lang='lat' dir='ltr'>injudicio</span> 
     </span>
     <span class='ocr_line' id='line_1_8' title="bbox 109 875 910 948; baseline 0.007 -22"><span class='ocrx_word' id='word_1_55' title='bbox 109 887 198 945; x_wconf 86' lang='lat' dir='ltr'>nequa</span> <span class='ocrx_word' id='word_1_56' title='bbox 215 878 376 946; x_wconf 74' lang='lat' dir='ltr'>peccatores</span> <span class='ocrx_word' id='word_1_57' title='bbox 399 875 429 930; x_wconf 88' lang='lat' dir='ltr'>in</span> <span class='ocrx_word' id='word_1_58' title='bbox 444 876 563 932; x_wconf 86' lang='lat' dir='ltr'>consilio</span> <span class='ocrx_word' id='word_1_59' title='bbox 574 878 734 946; x_wconf 82' lang='lat' dir='ltr'>J&#39;ustorurn.</span> <span class='ocrx_word' id='word_1_60' title='bbox 756 878 833 948; x_wconf 90' lang='lat' dir='ltr'>lmpii</span> <span class='ocrx_word' id='word_1_61' title='bbox 849 886 910 933; x_wconf 90' lang='lat' dir='ltr'>suut</span> 
     </span>
     <span class='ocr_line' id='line_1_9' title="bbox 108 967 911 1046; baseline 0.011 -25"><span class='ocrx_word' id='word_1_62' title='bbox 108 967 133 1020; x_wconf 89' lang='lat' dir='ltr'>ia</span> <span class='ocrx_word' id='word_1_63' title='bbox 149 969 238 1024; x_wconf 87' lang='lat' dir='ltr'>Deum</span> <span class='ocrx_word' id='word_1_64' title='bbox 254 979 279 1024; x_wconf 90' lang='lat' dir='ltr'>et</span> <span class='ocrx_word' id='word_1_65' title='bbox 302 972 328 1024; x_wconf 94' lang='lat' dir='ltr'>in</span> <span class='ocrx_word' id='word_1_66' title='bbox 344 981 475 1043; x_wconf 85' lang='lat' dir='ltr'>parentes</span> <span class='ocrx_word' id='word_1_67' title='bbox 496 983 654 1044; x_wconf 77' lang='lat' dir='ltr'>peccantes,</span> <span class='ocrx_word' id='word_1_68' title='bbox 670 983 829 1046; x_wconf 78' lang='lat' dir='ltr'>peccatores</span> <span class='ocrx_word' id='word_1_69' title='bbox 844 990 911 1032; x_wconf 87' lang='lat' dir='ltr'>vero</span> 
     </span>
     <span class='ocr_line' id='line_1_10' title="bbox 106 1057 911 1137; baseline 0.012 -27"><span class='ocrx_word' id='word_1_70' title='bbox 106 1057 132 1110; x_wconf 95' lang='lat' dir='ltr'>in</span> <span class='ocrx_word' id='word_1_71' title='bbox 148 1058 228 1113; x_wconf 78' lang='lat' dir='ltr'>unalis</span> <span class='ocrx_word' id='word_1_72' title='bbox 243 1067 464 1130; x_wconf 80' lang='lat' dir='ltr'>perseverantes.</span> <span class='ocrx_word' id='word_1_73' title='bbox 478 1062 523 1117; x_wconf 89' lang='lat' dir='ltr'>l&#39;cl</span> <span class='ocrx_word' id='word_1_74' title='bbox 537 1062 612 1134; x_wconf 88' lang='lat' dir='ltr'>impii</span> <span class='ocrx_word' id='word_1_75' title='bbox 630 1073 693 1118; x_wconf 92' lang='lat' dir='ltr'>suot</span> <span class='ocrx_word' id='word_1_76' title='bbox 708 1065 808 1137; x_wconf 81' lang='lat' dir='ltr'>pagani</span> <span class='ocrx_word' id='word_1_77' title='bbox 831 1065 911 1120; x_wconf 85' lang='lat' dir='ltr'>etlu-</span> 
     </span>
     <span class='ocr_line' id='line_1_11' title="bbox 107 1147 911 1218; baseline 0.014 -19"><span class='ocrx_word' id='word_1_78' title='bbox 107 1147 167 1212; x_wconf 78' lang='lat' dir='ltr'>daei,</span> <span class='ocrx_word' id='word_1_79' title='bbox 184 1157 345 1218; x_wconf 75' lang='lat' dir='ltr'>peccatores</span> <span class='ocrx_word' id='word_1_80' title='bbox 357 1151 477 1207; x_wconf 79' lang='lat' dir='ltr'>baeretict</span> <span class='ocrx_word' id='word_1_81' title='bbox 492 1160 518 1206; x_wconf 90' lang='grc' dir='ltr'>ει</span> <span class='ocrx_word' id='word_1_82' title='bbox 530 1149 752 1210; x_wconf 72' lang='lat' dir='ltr'>laisitlltristiuoi.</span> <span class='ocrx_word' id='word_1_83' title='bbox 776 1153 835 1210; x_wconf 89' lang='lat' dir='ltr'>Duo</span> <span class='ocrx_word' id='word_1_84' title='bbox 848 1164 911 1210; x_wconf 89' lang='lat' dir='ltr'>sunt</span> 
     </span>
     <span class='ocr_line' id='line_1_12' title="bbox 103 1237 910 1307; baseline 0.012 -18"><span class='ocrx_word' id='word_1_85' title='bbox 103 1237 229 1305; x_wconf 90' lang='lat' dir='ltr'>judicia:</span> <span class='ocrx_word' id='word_1_86' title='bbox 254 1254 338 1292; x_wconf 83' lang='lat' dir='ltr'>rrrrurn</span> <span class='ocrx_word' id='word_1_87' title='bbox 360 1239 404 1294; x_wconf 84' lang='lat' dir='ltr'>liic</span> <span class='ocrx_word' id='word_1_88' title='bbox 418 1239 630 1307; x_wconf 77' lang='lat' dir='ltr'>confessionnis,</span> <span class='ocrx_word' id='word_1_89' title='bbox 648 1245 766 1298; x_wconf 86' lang='lat' dir='ltr'>alterurn</span> <span class='ocrx_word' id='word_1_90' title='bbox 783 1251 910 1299; x_wconf 76' lang='lat' dir='ltr'>extremar</span> 
     </span>
     <span class='ocr_line' id='line_1_13' title="bbox 106 1325 908 1406; baseline 0.012 -28"><span class='ocrx_word' id='word_1_91' title='bbox 106 1325 327 1406; x_wconf 83' lang='lat' dir='ltr'>examinationis.</span> <span class='ocrx_word' id='word_1_92' title='bbox 341 1329 369 1382; x_wconf 93' lang='lat' dir='ltr'>ln</span> <span class='ocrx_word' id='word_1_93' title='bbox 385 1328 436 1384; x_wconf 90' lang='lat' dir='ltr'>ltoc</span> <span class='ocrx_word' id='word_1_94' title='bbox 447 1329 599 1397; x_wconf 88' lang='lat' dir='ltr'>judiciocst</span> <span class='ocrx_word' id='word_1_95' title='bbox 609 1330 846 1404; x_wconf 61' lang='lat' dir='ltr'>sacerdesjudcn</span> <span class='ocrx_word' id='word_1_96' title='bbox 856 1334 908 1388; x_wconf 87' lang='lat' dir='ltr'>lto-</span> 
     </span>
     <span class='ocr_line' id='line_1_14' title="bbox 107 1417 911 1490; baseline 0.011 -23"><span class='ocrx_word' id='word_1_97' title='bbox 107 1429 150 1468; x_wconf 88' lang='lat' dir='ltr'>mo</span> <span class='ocrx_word' id='word_1_98' title='bbox 161 1431 226 1469; x_wconf 90' lang='lat' dir='ltr'>reus</span> <span class='ocrx_word' id='word_1_99' title='bbox 235 1424 387 1483; x_wconf 89' lang='lat' dir='ltr'>accusator,</span> <span class='ocrx_word' id='word_1_100' title='bbox 398 1417 567 1473; x_wconf 81' lang='lat' dir='ltr'>conscientia</span> <span class='ocrx_word' id='word_1_101' title='bbox 578 1420 664 1486; x_wconf 86' lang='lat' dir='ltr'>testis,</span> <span class='ocrx_word' id='word_1_102' title='bbox 675 1421 832 1490; x_wconf 81' lang='lat' dir='ltr'>paenitentia</span> <span class='ocrx_word' id='word_1_103' title='bbox 839 1421 911 1490; x_wconf 80' lang='lat' dir='ltr'>iudi·</span> 
     </span>
     <span class='ocr_line' id='line_1_15' title="bbox 106 1502 907 1576; baseline 0.011 -18"><span class='ocrx_word' id='word_1_104' title='bbox 106 1502 144 1558; x_wconf 92' lang='lat' dir='ltr'>cis</span> <span class='ocrx_word' id='word_1_105' title='bbox 155 1503 306 1559; x_wconf 90' lang='lat' dir='ltr'>sententia:</span> <span class='ocrx_word' id='word_1_106' title='bbox 318 1520 401 1575; x_wconf 89' lang='lat' dir='ltr'>porro</span> <span class='ocrx_word' id='word_1_107' title='bbox 412 1506 557 1562; x_wconf 89' lang='lat' dir='ltr'>consilium</span> <span class='ocrx_word' id='word_1_108' title='bbox 566 1508 703 1576; x_wconf 69' lang='lat' dir='ltr'>pistorum</span> <span class='ocrx_word' id='word_1_109' title='bbox 714 1517 755 1566; x_wconf 90' lang='lat' dir='ltr'>cst</span> <span class='ocrx_word' id='word_1_110' title='bbox 765 1511 907 1567; x_wconf 71' lang='lat' dir='ltr'>conversio</span> 
     </span>
    </p>
   </div>
   <div class='ocr_carea' id='block_1_6' title="bbox 964 505 1770 1033">
    <p class='ocr_par' dir='ltr' id='par_1_6' title="bbox 964 505 1770 1033">
     <span class='ocr_line' id='line_1_16' title="bbox 966 505 1769 580; baseline 0.001 -19"><span class='ocrx_word' id='word_1_111' title='bbox 966 506 1029 578; x_wconf 85' lang='lat' dir='ltr'>quia</span> <span class='ocrx_word' id='word_1_112' title='bbox 1043 505 1072 560; x_wconf 86' lang='lat' dir='ltr'>io</span> <span class='ocrx_word' id='word_1_113' title='bbox 1085 523 1117 562; x_wconf 88' lang='lat' dir='ltr'>ea</span> <span class='ocrx_word' id='word_1_114' title='bbox 1129 506 1252 563; x_wconf 85' lang='lat' dir='ltr'>Christus</span> <span class='ocrx_word' id='word_1_115' title='bbox 1263 509 1425 574; x_wconf 74' lang='lat' dir='ltr'>resurrexit,</span> <span class='ocrx_word' id='word_1_116' title='bbox 1436 509 1470 564; x_wconf 89' lang='lat' dir='ltr'>dc</span> <span class='ocrx_word' id='word_1_117' title='bbox 1480 524 1535 580; x_wconf 87' lang='lat' dir='ltr'>quo</span> <span class='ocrx_word' id='word_1_118' title='bbox 1551 508 1612 578; x_wconf 89' lang='lat' dir='ltr'>ipsc</span> <span class='ocrx_word' id='word_1_119' title='bbox 1624 509 1769 565; x_wconf 87' lang='lat' dir='ltr'>scribitur:</span> 
     </span>
     <span class='ocr_line' id='line_1_17' title="bbox 965 595 1768 668; baseline 0.001 -17"><span class='ocrx_word' id='word_1_120' title='bbox 965 595 1046 651; x_wconf 88' lang='lat' dir='ltr'>etiam</span> <span class='ocrx_word' id='word_1_121' title='bbox 1069 595 1097 650; x_wconf 91' lang='lat' dir='ltr'>iu</span> <span class='ocrx_word' id='word_1_122' title='bbox 1113 597 1162 650; x_wconf 86' lang='lat' dir='ltr'>bac</span> <span class='ocrx_word' id='word_1_123' title='bbox 1177 598 1223 652; x_wconf 91' lang='lat' dir='ltr'>die</span> <span class='ocrx_word' id='word_1_124' title='bbox 1245 597 1369 652; x_wconf 81' lang='lat' dir='ltr'>Ecclesia</span> <span class='ocrx_word' id='word_1_125' title='bbox 1385 600 1496 668; x_wconf 89' lang='lat' dir='ltr'>(corpus</span> <span class='ocrx_word' id='word_1_126' title='bbox 1512 597 1622 668; x_wconf 83' lang='lat' dir='ltr'>Christi)</span> <span class='ocrx_word' id='word_1_127' title='bbox 1639 614 1768 652; x_wconf 88' lang='lat' dir='ltr'>resurre-</span> 
     </span>
     <span class='ocr_line' id='line_1_18' title="bbox 966 694 1767 764; baseline -0.001 -14"><span class='ocrx_word' id='word_1_128' title='bbox 966 702 1024 750; x_wconf 87' lang='lat' dir='ltr'>tura</span> <span class='ocrx_word' id='word_1_129' title='bbox 1037 694 1100 762; x_wconf 89' lang='lat' dir='ltr'>erit,</span> <span class='ocrx_word' id='word_1_130' title='bbox 1118 694 1160 750; x_wconf 80' lang='lat' dir='ltr'>ciri</span> <span class='ocrx_word' id='word_1_131' title='bbox 1177 694 1220 749; x_wconf 90' lang='lat' dir='ltr'>bic</span> <span class='ocrx_word' id='word_1_132' title='bbox 1235 694 1358 764; x_wconf 88' lang='lat' dir='ltr'>psalmus</span> <span class='ocrx_word' id='word_1_133' title='bbox 1379 695 1515 764; x_wconf 82' lang='lat' dir='ltr'>congruit.</span> <span class='ocrx_word' id='word_1_134' title='bbox 1534 695 1599 750; x_wconf 91' lang='lat' dir='ltr'>ldeo</span> <span class='ocrx_word' id='word_1_135' title='bbox 1614 703 1641 749; x_wconf 91' lang='lat' dir='ltr'>et</span> <span class='ocrx_word' id='word_1_136' title='bbox 1656 695 1681 748; x_wconf 92' lang='lat' dir='ltr'>in</span> <span class='ocrx_word' id='word_1_137' title='bbox 1698 694 1767 749; x_wconf 84' lang='lat' dir='ltr'>testo</span> 
     </span>
     <span class='ocr_line' id='line_1_19' title="bbox 965 781 1770 854; baseline -0.002 -16"><span class='ocrx_word' id='word_1_138' title='bbox 965 781 1112 852; x_wconf 85' lang='lat' dir='ltr'>cujuslibet</span> <span class='ocrx_word' id='word_1_139' title='bbox 1127 782 1215 838; x_wconf 89' lang='lat' dir='ltr'>sancti</span> <span class='ocrx_word' id='word_1_140' title='bbox 1230 782 1362 854; x_wconf 88' lang='lat' dir='ltr'>psallitur,</span> <span class='ocrx_word' id='word_1_141' title='bbox 1380 784 1443 854; x_wconf 90' lang='lat' dir='ltr'>quia</span> <span class='ocrx_word' id='word_1_142' title='bbox 1458 781 1574 854; x_wconf 86' lang='lat' dir='ltr'>quisquc</span> <span class='ocrx_word' id='word_1_143' title='bbox 1589 782 1770 839; x_wconf 86' lang='lat' dir='ltr'>fidelismcm-</span> 
     </span>
     <span class='ocr_line' id='line_1_20' title="bbox 965 869 1768 943; baseline -0.002 -17"><span class='ocrx_word' id='word_1_144' title='bbox 965 873 1044 926; x_wconf 89' lang='lat' dir='ltr'>brom</span> <span class='ocrx_word' id='word_1_145' title='bbox 1069 869 1202 927; x_wconf 76' lang='lat' dir='ltr'>tacetestae</span> <span class='ocrx_word' id='word_1_146' title='bbox 1217 879 1355 936; x_wconf 87' lang='lat' dir='ltr'>censetur,</span> <span class='ocrx_word' id='word_1_147' title='bbox 1371 872 1448 940; x_wconf 85' lang='lat' dir='ltr'>crrjus</span> <span class='ocrx_word' id='word_1_148' title='bbox 1468 886 1605 943; x_wconf 78' lang='lat' dir='ltr'>compago</span> <span class='ocrx_word' id='word_1_149' title='bbox 1619 872 1646 926; x_wconf 90' lang='lat' dir='ltr'>io</span> <span class='ocrx_word' id='word_1_150' title='bbox 1662 871 1768 927; x_wconf 90' lang='lat' dir='ltr'>descri-</span> 
     </span>
     <span class='ocr_line' id='line_1_21' title="bbox 964 958 1398 1033; baseline -0.005 -17"><span class='ocrx_word' id='word_1_151' title='bbox 964 960 1057 1033; x_wconf 88' lang='lat' dir='ltr'>ptione</span> <span class='ocrx_word' id='word_1_152' title='bbox 1071 960 1152 1030; x_wconf 88' lang='lat' dir='ltr'>bajus</span> <span class='ocrx_word' id='word_1_153' title='bbox 1167 958 1265 1031; x_wconf 87' lang='lat' dir='ltr'>psalmi</span> <span class='ocrx_word' id='word_1_154' title='bbox 1280 969 1398 1014; x_wconf 87' lang='lat' dir='ltr'>tenetur.</span> 
     </span>
    </p>
   </div>
   <div class='ocr_carea' id='block_1_7' title="bbox 1072 1115 1680 1164">
    <p class='ocr_par' dir='ltr' id='par_1_7' title="bbox 1072 1115 1680 1164">
     <span class='ocr_line' id='line_1_22' title="bbox 1072 1115 1680 1164; baseline 0 -8"><span class='ocrx_word' id='word_1_155' title='bbox 1072 1115 1214 1156; x_wconf 82' lang='lat' dir='ltr'>enotocus</span> <span class='ocrx_word' id='word_1_156' title='bbox 1229 1115 1257 1154; x_wconf 71' lang='lat' dir='ltr'>ts</span> <span class='ocrx_word' id='word_1_157' title='bbox 1274 1115 1401 1155; x_wconf 79' lang='lat' dir='ltr'>rsaauuu</span> <span class='ocrx_word' id='word_1_158' title='bbox 1417 1115 1680 1164; x_wconf 77' lang='lat' dir='ltr'>ocruouacasruuu.</span> 
     </span>
    </p>
   </div>
   <div class='ocr_carea' id='block_1_8' title="bbox 964 1216 1767 1556">
    <p class='ocr_par' dir='ltr' id='par_1_8' title="bbox 964 1216 1767 1556">
     <span class='ocr_line' id='line_1_23' title="bbox 1000 1216 1766 1290; baseline 0 -18"><span class='ocrx_word' id='word_1_159' title='bbox 1000 1216 1051 1274; x_wconf 86' lang='lat' dir='ltr'>llic</span> <span class='ocrx_word' id='word_1_160' title='bbox 1064 1218 1194 1290; x_wconf 86' lang='lat' dir='ltr'>psalmus</span> <span class='ocrx_word' id='word_1_161' title='bbox 1214 1217 1379 1290; x_wconf 84' lang='lat' dir='ltr'>quartusdc</span> <span class='ocrx_word' id='word_1_162' title='bbox 1398 1216 1643 1290; x_wconf 77' lang='lat' dir='ltr'>penitentialibos</span> <span class='ocrx_word' id='word_1_163' title='bbox 1663 1217 1766 1273; x_wconf 77' lang='lat' dir='ltr'>scribi·</span> 
     </span>
     <span class='ocr_line' id='line_1_24' title="bbox 966 1306 1763 1380; baseline -0.001 -19"><span class='ocrx_word' id='word_1_164' title='bbox 966 1311 1033 1363; x_wconf 90' lang='lat' dir='ltr'>tur:</span> <span class='ocrx_word' id='word_1_165' title='bbox 1049 1307 1117 1379; x_wconf 84' lang='lat' dir='ltr'>quia</span> <span class='ocrx_word' id='word_1_166' title='bbox 1129 1322 1180 1378; x_wconf 86' lang='lat' dir='ltr'>per</span> <span class='ocrx_word' id='word_1_167' title='bbox 1194 1309 1315 1380; x_wconf 89' lang='lat' dir='ltr'>quatuor</span> <span class='ocrx_word' id='word_1_168' title='bbox 1330 1306 1460 1370; x_wconf 84' lang='lat' dir='ltr'>uirtutes,</span> <span class='ocrx_word' id='word_1_169' title='bbox 1470 1306 1664 1378; x_wconf 85' lang='lat' dir='ltr'>prudentium,</span> <span class='ocrx_word' id='word_1_170' title='bbox 1675 1307 1763 1376; x_wconf 74' lang='lat' dir='ltr'>sorli-</span> 
     </span>
     <span class='ocr_line' id='line_1_25' title="bbox 965 1394 1767 1466; baseline -0.001 -16"><span class='ocrx_word' id='word_1_171' title='bbox 965 1396 1104 1463; x_wconf 86' lang='lat' dir='ltr'>tuda&#39;ncm,</span> <span class='ocrx_word' id='word_1_172' title='bbox 1115 1396 1276 1466; x_wconf 84' lang='lat' dir='ltr'>justitiam,</span> <span class='ocrx_word' id='word_1_173' title='bbox 1292 1397 1514 1466; x_wconf 75' lang='lat' dir='ltr'>temperantiam</span> <span class='ocrx_word' id='word_1_174' title='bbox 1529 1394 1609 1450; x_wconf 87' lang='lat' dir='ltr'>borno</span> <span class='ocrx_word' id='word_1_175' title='bbox 1620 1397 1767 1466; x_wconf 71' lang='lat' dir='ltr'>perfectus</span> 
     </span>
     <span class='ocr_line' id='line_1_26' title="bbox 964 1483 1767 1556; baseline -0.004 -17"><span class='ocrx_word' id='word_1_176' title='bbox 964 1484 1103 1555; x_wconf 73' lang='lat' dir='ltr'>efficitur.</span> <span class='ocrx_word' id='word_1_177' title='bbox 1124 1485 1239 1556; x_wconf 80' lang='lat' dir='ltr'>Septem</span> <span class='ocrx_word' id='word_1_178' title='bbox 1254 1488 1351 1539; x_wconf 77' lang='lat' dir='ltr'>cirtem</span> <span class='ocrx_word' id='word_1_179' title='bbox 1365 1483 1578 1554; x_wconf 66' lang='lat' dir='ltr'>perstrennuus</span> <span class='ocrx_word' id='word_1_180' title='bbox 1591 1483 1767 1556; x_wconf 86' lang='lat' dir='ltr'>psalrnr&#39;ideo</span> 
     </span>
    </p>
   </div>
   <div class='ocr_carea' id='block_1_9' title="bbox 105 1569 1766 1668">
    <p class='ocr_par' dir='ltr' id='par_1_9' title="bbox 105 1569 1766 1668">
     <span class='ocr_line' id='line_1_27' title="bbox 105 1569 1766 1668; baseline -0.002 -42"><span class='ocrx_word' id='word_1_181' title='bbox 105 1599 296 1662; x_wconf 41' lang='lat' dir='ltr'>mmmmm,</span> <span class='ocrx_word' id='word_1_182' title='bbox 325 1593 483 1668; x_wconf 44' lang='lat' dir='ltr'>puppem„</span> <span class='ocrx_word' id='word_1_183' title='bbox 503 1595 530 1650; x_wconf 63' lang='lat' dir='ltr'>in</span> <span class='ocrx_word' id='word_1_184' title='bbox 550 1597 602 1653; x_wconf 68' lang='lat' dir='ltr'>ho„</span> <span class='ocrx_word' id='word_1_185' title='bbox 622 1597 794 1667; x_wconf 60' lang='lat' dir='ltr'><strong>judicionon</strong></span> <span class='ocrx_word' id='word_1_186' title='bbox 815 1614 909 1655; x_wconf 54' lang='lat' dir='ltr'>mm„</span> <span class='ocrx_word' id='word_1_187' title='bbox 961 1575 1120 1644; x_wconf 75' lang='lat' dir='ltr'>potirentur,</span> <span class='ocrx_word' id='word_1_188' title='bbox 1150 1571 1217 1642; x_wconf 90' lang='lat' dir='ltr'>quia</span> <span class='ocrx_word' id='word_1_189' title='bbox 1231 1585 1283 1642; x_wconf 85' lang='lat' dir='ltr'>per</span> <span class='ocrx_word' id='word_1_190' title='bbox 1297 1574 1404 1640; x_wconf 83' lang='lat' dir='ltr'>septem</span> <span class='ocrx_word' id='word_1_191' title='bbox 1434 1569 1508 1625; x_wconf 88' lang='lat' dir='ltr'>dorm</span> <span class='ocrx_word' id='word_1_192' title='bbox 1523 1569 1647 1631; x_wconf 80' lang='lat' dir='ltr'>Spiritus</span> <span class='ocrx_word' id='word_1_193' title='bbox 1660 1569 1766 1634; x_wconf 87' lang='lat' dir='ltr'>sancti,</span> 
     </span>
    </p>
   </div>
   <div class='ocr_carea' id='block_1_10' title="bbox 106 1681 910 1758">
    <p class='ocr_par' dir='ltr' id='par_1_10' title="bbox 106 1681 910 1758">
     <span class='ocr_line' id='line_1_28' title="bbox 106 1681 910 1758; baseline 0.012 -24"><span class='ocrx_word' id='word_1_194' title='bbox 106 1690 186 1752; x_wconf 82' lang='lat' dir='ltr'>gunt,</span> <span class='ocrx_word' id='word_1_195' title='bbox 215 1681 276 1753; x_wconf 85' lang='lat' dir='ltr'>quia</span> <span class='ocrx_word' id='word_1_196' title='bbox 292 1681 458 1753; x_wconf 86' lang='lat' dir='ltr'>protundum</span> <span class='ocrx_word' id='word_1_197' title='bbox 475 1700 553 1740; x_wconf 84' lang='lat' dir='ltr'>strunt</span> <span class='ocrx_word' id='word_1_198' title='bbox 570 1699 664 1750; x_wconf 82' lang='lat' dir='ltr'>eastun</span> <span class='ocrx_word' id='word_1_199' title='bbox 689 1687 717 1741; x_wconf 91' lang='lat' dir='ltr'>iu</span> <span class='ocrx_word' id='word_1_200' title='bbox 732 1687 844 1758; x_wconf 87' lang='lat' dir='ltr'>llagitiis</span> <span class='ocrx_word' id='word_1_201' title='bbox 859 1705 910 1744; x_wconf 92' lang='lat' dir='ltr'>ne·</span> 
     </span>
    </p>
   </div>
   <div class='ocr_carea' id='block_1_11' title="bbox 963 1658 1766 1731">
    <p class='ocr_par' dir='ltr' id='par_1_11' title="bbox 963 1658 1766 1731">
     <span class='ocr_line' id='line_1_29' title="bbox 963 1658 1766 1731; baseline -0.004 -17"><span class='ocrx_word' id='word_1_202' title='bbox 963 1664 1082 1731; x_wconf 84' lang='lat' dir='ltr'>peccata</span> <span class='ocrx_word' id='word_1_203' title='bbox 1115 1659 1320 1714; x_wconf 83' lang='lat' dir='ltr'>rerrrittuntur.</span> <span class='ocrx_word' id='word_1_204' title='bbox 1355 1659 1470 1713; x_wconf 85' lang='lat' dir='ltr'>Primus</span> <span class='ocrx_word' id='word_1_205' title='bbox 1490 1658 1608 1730; x_wconf 85' lang='lat' dir='ltr'>spiritui</span> <span class='ocrx_word' id='word_1_206' title='bbox 1646 1658 1766 1723; x_wconf 84' lang='lat' dir='ltr'>timoris,</span> 
     </span>
    </p>
   </div>
   <div class='ocr_carea' id='block_1_12' title="bbox 105 1746 1766 1848">
    <p class='ocr_par' dir='ltr' id='par_1_12' title="bbox 105 1746 1766 1848">
     <span class='ocr_line' id='line_1_30' title="bbox 105 1746 1766 1848; baseline 0.005 -25"><span class='ocrx_word' id='word_1_207' title='bbox 105 1770 205 1824; x_wconf 88' lang='lat' dir='ltr'>sciunt.</span> <span class='ocrx_word' id='word_1_208' title='bbox 219 1772 253 1825; x_wconf 81' lang='lat' dir='ltr'>llt</span> <span class='ocrx_word' id='word_1_209' title='bbox 266 1771 328 1828; x_wconf 87' lang='lat' dir='ltr'>ideo</span> <span class='ocrx_word' id='word_1_210' title='bbox 343 1772 459 1828; x_wconf 86' lang='lat' dir='ltr'>crimina</span> <span class='ocrx_word' id='word_1_211' title='bbox 474 1790 522 1828; x_wconf 85' lang='lat' dir='ltr'>sua</span> <span class='ocrx_word' id='word_1_212' title='bbox 537 1771 660 1830; x_wconf 81' lang='lat' dir='ltr'>confiteri</span> <span class='ocrx_word' id='word_1_213' title='bbox 678 1783 703 1831; x_wconf 91' lang='lat' dir='ltr'>et</span> <span class='ocrx_word' id='word_1_214' title='bbox 718 1777 850 1848; x_wconf 77' lang='lat' dir='ltr'>paenitere</span> <span class='ocrx_word' id='word_1_215' title='bbox 866 1794 909 1834; x_wconf 88' lang='lat' dir='ltr'>rc·</span> <span class='ocrx_word' id='word_1_216' title='bbox 924 1766 950 1825; x_wconf 85' lang='grc' dir='ltr'>Β</span> <span class='ocrx_word' id='word_1_217' title='bbox 965 1748 1109 1806; x_wconf 61' lang='lat' dir='ltr'>⁸⁰c¹⁴nd⁸⁸⁸</span> <span class='ocrx_word' id='word_1_218' title='bbox 1124 1747 1246 1819; x_wconf 50' lang='lat' dir='ltr'>smmi</span> <span class='ocrx_word' id='word_1_219' title='bbox 1260 1749 1387 1819; x_wconf 46' lang='lat' dir='ltr'>pictam</span> <span class='ocrx_word' id='word_1_220' title='bbox 1397 1746 1766 1819; x_wconf 42' lang='lat' dir='ltr'>‘⁶r²i¹‘³³pi&#39;4²¹⁴i⁸⁶¹⁰⁰&#39;²st‘⁸’</span> 
     </span>
    </p>
   </div>
   <div class='ocr_carea' id='block_1_13' title="bbox 105 1859 911 1937">
    <p class='ocr_par' dir='ltr' id='par_1_13' title="bbox 105 1859 911 1937">
     <span class='ocr_line' id='line_1_31' title="bbox 105 1859 911 1937; baseline 0.01 -25"><span class='ocrx_word' id='word_1_221' title='bbox 105 1859 223 1930; x_wconf 80' lang='lat' dir='ltr'>lugiunt.</span> <span class='ocrx_word' id='word_1_222' title='bbox 237 1860 328 1933; x_wconf 85' lang='lat' dir='ltr'>Neque</span> <span class='ocrx_word' id='word_1_223' title='bbox 341 1866 504 1932; x_wconf 87' lang='lat' dir='ltr'>peccatores</span> <span class='ocrx_word' id='word_1_224' title='bbox 520 1865 551 1920; x_wconf 87' lang='lat' dir='ltr'>in</span> <span class='ocrx_word' id='word_1_225' title='bbox 567 1864 684 1920; x_wconf 77' lang='lat' dir='ltr'>caluitio</span> <span class='ocrx_word' id='word_1_226' title='bbox 691 1866 836 1937; x_wconf 84' lang='lat' dir='ltr'>justorum</span> <span class='ocrx_word' id='word_1_227' title='bbox 847 1867 911 1921; x_wconf 89' lang='lat' dir='ltr'>sab-</span> 
     </span>
    </p>
   </div>
   <div class='ocr_carea' id='block_1_14' title="bbox 103 1947 911 2104">
    <p class='ocr_par' dir='ltr' id='par_1_14' title="bbox 103 1947 911 2104">
     <span class='ocr_line' id='line_1_32' title="bbox 103 1947 910 2023; baseline 0.011 -22"><span class='ocrx_word' id='word_1_228' title='bbox 103 1947 194 2013; x_wconf 86' lang='lat' dir='ltr'>autlis,</span> <span class='ocrx_word' id='word_1_229' title='bbox 213 1958 370 2022; x_wconf 85' lang='lat' dir='ltr'>resurgunt,</span> <span class='ocrx_word' id='word_1_230' title='bbox 387 1953 449 2023; x_wconf 89' lang='lat' dir='ltr'>quia</span> <span class='ocrx_word' id='word_1_231' title='bbox 464 1951 497 2007; x_wconf 92' lang='lat' dir='ltr'>de</span> <span class='ocrx_word' id='word_1_232' title='bbox 512 1952 617 2008; x_wconf 89' lang='lat' dir='ltr'>malitia</span> <span class='ocrx_word' id='word_1_233' title='bbox 631 1953 664 2007; x_wconf 88' lang='lat' dir='ltr'>ad</span> <span class='ocrx_word' id='word_1_234' title='bbox 681 1953 826 2010; x_wconf 89' lang='lat' dir='ltr'>bonitatem</span> <span class='ocrx_word' id='word_1_235' title='bbox 841 1971 910 2010; x_wconf 91' lang='lat' dir='ltr'>con-</span> 
     </span>
     <span class='ocr_line' id='line_1_33' title="bbox 104 2027 911 2104; baseline 0.011 -22"><span class='ocrx_word' id='word_1_236' title='bbox 104 2027 174 2082; x_wconf 78' lang='lat' dir='ltr'>serti</span> <span class='ocrx_word' id='word_1_237' title='bbox 190 2027 296 2082; x_wconf 87' lang='lat' dir='ltr'>nolunt.</span> <span class='ocrx_word' id='word_1_238' title='bbox 313 2029 359 2084; x_wconf 90' lang='lat' dir='ltr'>l&#39;cl</span> <span class='ocrx_word' id='word_1_239' title='bbox 374 2031 406 2085; x_wconf 87' lang='lat' dir='ltr'>iu</span> <span class='ocrx_word' id='word_1_240' title='bbox 419 2037 570 2104; x_wconf 82' lang='lat' dir='ltr'>conspectu</span> <span class='ocrx_word' id='word_1_241' title='bbox 577 2033 726 2103; x_wconf 82' lang='lat' dir='ltr'>justorum</span> <span class='ocrx_word' id='word_1_242' title='bbox 741 2049 797 2090; x_wconf 88' lang='lat' dir='ltr'>nou</span> <span class='ocrx_word' id='word_1_243' title='bbox 815 2051 911 2090; x_wconf 83' lang='lat' dir='ltr'>rerur-</span> 
     </span>
    </p>
   </div>
   <div class='ocr_carea' id='block_1_15' title="bbox 102 2108 910 2550">
    <p class='ocr_par' dir='ltr' id='par_1_15' title="bbox 102 2108 910 2550">
     <span class='ocr_line' id='line_1_34' title="bbox 103 2108 910 2196; baseline 0.01 -25"><span class='ocrx_word' id='word_1_244' title='bbox 103 2121 185 2186; x_wconf 87' lang='lat' dir='ltr'>quut,</span> <span class='ocrx_word' id='word_1_245' title='bbox 199 2115 227 2170; x_wconf 87' lang='lat' dir='ltr'>id</span> <span class='ocrx_word' id='word_1_246' title='bbox 242 2124 285 2171; x_wconf 90' lang='lat' dir='ltr'>est</span> <span class='ocrx_word' id='word_1_247' title='bbox 299 2117 327 2172; x_wconf 95' lang='lat' dir='ltr'>in</span> <span class='ocrx_word' id='word_1_248' title='bbox 340 2119 487 2175; x_wconf 88' lang='lat' dir='ltr'>concordia</span> <span class='ocrx_word' id='word_1_249' title='bbox 502 2108 599 2176; x_wconf 85' lang='lat' dir='ltr'>eorum</span> <span class='ocrx_word' id='word_1_250' title='bbox 614 2137 676 2178; x_wconf 88' lang='lat' dir='ltr'>csse</span> <span class='ocrx_word' id='word_1_251' title='bbox 693 2131 821 2190; x_wconf 86' lang='lat' dir='ltr'>renuunt,</span> <span class='ocrx_word' id='word_1_252' title='bbox 841 2138 910 2196; x_wconf 89' lang='lat' dir='ltr'>ques</span> 
     </span>
     <span class='ocr_line' id='line_1_35' title="bbox 103 2205 910 2280; baseline 0.01 -19"><span class='ocrx_word' id='word_1_253' title='bbox 103 2215 128 2261; x_wconf 90' lang='lat' dir='ltr'>et</span> <span class='ocrx_word' id='word_1_254' title='bbox 143 2205 279 2261; x_wconf 87' lang='lat' dir='ltr'>oderunt.</span> <span class='ocrx_word' id='word_1_255' title='bbox 298 2208 328 2260; x_wconf 94' lang='lat' dir='ltr'>ln</span> <span class='ocrx_word' id='word_1_256' title='bbox 343 2208 438 2263; x_wconf 89' lang='lat' dir='ltr'>ultimo</span> <span class='ocrx_word' id='word_1_257' title='bbox 452 2217 541 2264; x_wconf 88' lang='lat' dir='ltr'>autern</span> <span class='ocrx_word' id='word_1_258' title='bbox 554 2209 657 2280; x_wconf 70' lang='lat' dir='ltr'>iudicio</span> <span class='ocrx_word' id='word_1_259' title='bbox 678 2227 774 2268; x_wconf 89' lang='lat' dir='ltr'>omues</span> <span class='ocrx_word' id='word_1_260' title='bbox 792 2222 845 2267; x_wconf 89' lang='lat' dir='ltr'>tarn</span> <span class='ocrx_word' id='word_1_261' title='bbox 863 2229 910 2269; x_wconf 90' lang='lat' dir='ltr'>ro-</span> 
     </span>
     <span class='ocr_line' id='line_1_36' title="bbox 103 2293 909 2370; baseline 0.011 -22"><span class='ocrx_word' id='word_1_262' title='bbox 103 2294 183 2364; x_wconf 86' lang='lat' dir='ltr'>probi</span> <span class='ocrx_word' id='word_1_263' title='bbox 201 2309 283 2366; x_wconf 86' lang='lat' dir='ltr'>quarn</span> <span class='ocrx_word' id='word_1_264' title='bbox 301 2293 382 2352; x_wconf 88' lang='lat' dir='ltr'>electi</span> <span class='ocrx_word' id='word_1_265' title='bbox 396 2296 424 2350; x_wconf 89' lang='lat' dir='ltr'>in</span> <span class='ocrx_word' id='word_1_266' title='bbox 440 2310 519 2352; x_wconf 88' lang='lat' dir='ltr'>carne</span> <span class='ocrx_word' id='word_1_267' title='bbox 531 2307 687 2370; x_wconf 77' lang='lat' dir='ltr'>resurgunt,</span> <span class='ocrx_word' id='word_1_268' title='bbox 703 2305 733 2355; x_wconf 90' lang='lat' dir='ltr'>et</span> <span class='ocrx_word' id='word_1_269' title='bbox 746 2315 842 2357; x_wconf 74' lang='lat' dir='ltr'>omnies</span> <span class='ocrx_word' id='word_1_270' title='bbox 863 2317 909 2357; x_wconf 85' lang='lat' dir='ltr'>ra-</span> 
     </span>
     <span class='ocr_line' id='line_1_37' title="bbox 104 2382 909 2456; baseline 0.011 -20"><span class='ocrx_word' id='word_1_271' title='bbox 104 2382 207 2438; x_wconf 90' lang='lat' dir='ltr'>tionem</span> <span class='ocrx_word' id='word_1_272' title='bbox 229 2399 280 2454; x_wconf 90' lang='lat' dir='ltr'>pro</span> <span class='ocrx_word' id='word_1_273' title='bbox 307 2385 426 2456; x_wconf 86' lang='lat' dir='ltr'>propriis</span> <span class='ocrx_word' id='word_1_274' title='bbox 453 2385 530 2441; x_wconf 87' lang='lat' dir='ltr'>lactis</span> <span class='ocrx_word' id='word_1_275' title='bbox 555 2387 690 2442; x_wconf 86' lang='lat' dir='ltr'>reddituri</span> <span class='ocrx_word' id='word_1_276' title='bbox 707 2399 769 2446; x_wconf 88' lang='lat' dir='ltr'>aute</span> <span class='ocrx_word' id='word_1_277' title='bbox 791 2391 909 2445; x_wconf 87' lang='lat' dir='ltr'>tribunal</span> 
     </span>
     <span class='ocr_line' id='line_1_38' title="bbox 102 2469 908 2550; baseline 0.01 -26"><span class='ocrx_word' id='word_1_278' title='bbox 102 2469 205 2525; x_wconf 80' lang='lat' dir='ltr'>Christi</span> <span class='ocrx_word' id='word_1_279' title='bbox 221 2471 340 2528; x_wconf 86' lang='lat' dir='ltr'>stabunt.</span> <span class='ocrx_word' id='word_1_280' title='bbox 358 2473 412 2528; x_wconf 88' lang='lat' dir='ltr'>Sed</span> <span class='ocrx_word' id='word_1_281' title='bbox 430 2472 503 2544; x_wconf 90' lang='lat' dir='ltr'>impii</span> <span class='ocrx_word' id='word_1_282' title='bbox 518 2473 661 2544; x_wconf 83' lang='lat' dir='ltr'>injudicio</span> <span class='ocrx_word' id='word_1_283' title='bbox 678 2491 733 2532; x_wconf 90' lang='lat' dir='ltr'>non</span> <span class='ocrx_word' id='word_1_284' title='bbox 749 2487 908 2550; x_wconf 77' lang='lat' dir='ltr'>resurgent,</span> 
     </span>
    </p>
   </div>
   <div class='ocr_carea' id='block_1_16' title="bbox 103 2560 910 2719">
    <p class='ocr_par' dir='ltr' id='par_1_16' title="bbox 103 2560 910 2719">
     <span class='ocr_line' id='line_1_39' title="bbox 103 2560 910 2629; baseline 0.005 -14"><span class='ocrx_word' id='word_1_285' title='bbox 103 2560 189 2615; x_wconf 87' lang='lat' dir='ltr'>idest</span> <span class='ocrx_word' id='word_1_286' title='bbox 210 2568 239 2614; x_wconf 93' lang='lat' dir='ltr'>ut</span> <span class='ocrx_word' id='word_1_287' title='bbox 250 2561 339 2628; x_wconf 89' lang='lat' dir='ltr'>justos</span> <span class='ocrx_word' id='word_1_288' title='bbox 356 2560 391 2614; x_wconf 90' lang='lat' dir='ltr'>ibi</span> <span class='ocrx_word' id='word_1_289' title='bbox 412 2561 535 2629; x_wconf 83' lang='lat' dir='ltr'>judicent</span> <span class='ocrx_word' id='word_1_290' title='bbox 550 2563 619 2618; x_wconf 76' lang='lat' dir='ltr'>sictut</span> <span class='ocrx_word' id='word_1_291' title='bbox 633 2564 679 2620; x_wconf 92' lang='lat' dir='ltr'>bic</span> <span class='ocrx_word' id='word_1_292' title='bbox 695 2563 836 2621; x_wconf 88' lang='lat' dir='ltr'>lecerunt:</span> <span class='ocrx_word' id='word_1_293' title='bbox 861 2567 910 2622; x_wconf 90' lang='lat' dir='ltr'>sed</span> 
     </span>
     <span class='ocr_line' id='line_1_40' title="bbox 104 2643 909 2719; baseline 0.007 -21"><span class='ocrx_word' id='word_1_294' title='bbox 104 2653 161 2699; x_wconf 89' lang='lat' dir='ltr'>uta</span> <span class='ocrx_word' id='word_1_295' title='bbox 183 2643 268 2713; x_wconf 82' lang='lat' dir='ltr'>justis</span> <span class='ocrx_word' id='word_1_296' title='bbox 285 2643 453 2713; x_wconf 86' lang='lat' dir='ltr'>judicentur,</span> <span class='ocrx_word' id='word_1_297' title='bbox 468 2655 493 2700; x_wconf 90' lang='lat' dir='ltr'>ct</span> <span class='ocrx_word' id='word_1_298' title='bbox 509 2662 560 2717; x_wconf 90' lang='lat' dir='ltr'>pro</span> <span class='ocrx_word' id='word_1_299' title='bbox 577 2648 652 2702; x_wconf 89' lang='lat' dir='ltr'>laetis</span> <span class='ocrx_word' id='word_1_300' title='bbox 671 2649 728 2703; x_wconf 86' lang='lat' dir='ltr'>suis</span> <span class='ocrx_word' id='word_1_301' title='bbox 738 2650 813 2719; x_wconf 83' lang='lat' dir='ltr'>juste</span> <span class='ocrx_word' id='word_1_302' title='bbox 829 2650 909 2704; x_wconf 87' lang='lat' dir='ltr'>darn-</span> 
     </span>
    </p>
   </div>
   <div class='ocr_carea' id='block_1_17' title="bbox 103 2735 910 3074">
    <p class='ocr_par' dir='ltr' id='par_1_17' title="bbox 103 2735 910 3074">
     <span class='ocr_line' id='line_1_41' title="bbox 104 2735 909 2808; baseline 0.01 -22"><span class='ocrx_word' id='word_1_303' title='bbox 104 2741 214 2788; x_wconf 84' lang='lat' dir='ltr'>nentur.</span> <span class='ocrx_word' id='word_1_304' title='bbox 231 2735 327 2806; x_wconf 76' lang='lat' dir='ltr'>Neque</span> <span class='ocrx_word' id='word_1_305' title='bbox 342 2743 507 2804; x_wconf 86' lang='lat' dir='ltr'>peccatores</span> <span class='ocrx_word' id='word_1_306' title='bbox 527 2735 564 2790; x_wconf 93' lang='lat' dir='ltr'>ibi</span> <span class='ocrx_word' id='word_1_307' title='bbox 578 2745 725 2808; x_wconf 81' lang='lat' dir='ltr'>resurgent</span> <span class='ocrx_word' id='word_1_308' title='bbox 740 2737 767 2792; x_wconf 89' lang='lat' dir='ltr'>in</span> <span class='ocrx_word' id='word_1_309' title='bbox 782 2739 909 2807; x_wconf 87' lang='lat' dir='ltr'>consilio,</span> 
     </span>
     <span class='ocr_line' id='line_1_42' title="bbox 104 2821 909 2898; baseline 0.01 -22"><span class='ocrx_word' id='word_1_310' title='bbox 104 2821 130 2876; x_wconf 94' lang='lat' dir='ltr'>id</span> <span class='ocrx_word' id='word_1_311' title='bbox 147 2830 192 2876; x_wconf 86' lang='lat' dir='ltr'>cst</span> <span class='ocrx_word' id='word_1_312' title='bbox 215 2821 243 2876; x_wconf 79' lang='lat' dir='ltr'>ia</span> <span class='ocrx_word' id='word_1_313' title='bbox 268 2823 483 2896; x_wconf 78' lang='lat' dir='ltr'>congregatione</span> <span class='ocrx_word' id='word_1_314' title='bbox 495 2821 652 2896; x_wconf 65' lang='lat' dir='ltr'>justorum</span> <span class='ocrx_word' id='word_1_315' title='bbox 675 2827 738 2898; x_wconf 88' lang='lat' dir='ltr'>quia</span> <span class='ocrx_word' id='word_1_316' title='bbox 754 2827 797 2883; x_wconf 91' lang='lat' dir='ltr'>bic</span> <span class='ocrx_word' id='word_1_317' title='bbox 811 2829 909 2884; x_wconf 92' lang='lat' dir='ltr'>noluc-</span> 
     </span>
     <span class='ocr_line' id='line_1_43' title="bbox 104 2912 910 2985; baseline 0.011 -22"><span class='ocrx_word' id='word_1_318' title='bbox 104 2919 164 2966; x_wconf 88' lang='lat' dir='ltr'>runt</span> <span class='ocrx_word' id='word_1_319' title='bbox 179 2925 326 2984; x_wconf 83' lang='lat' dir='ltr'>resurgcre</span> <span class='ocrx_word' id='word_1_320' title='bbox 341 2913 375 2966; x_wconf 88' lang='lat' dir='ltr'>ed</span> <span class='ocrx_word' id='word_1_321' title='bbox 396 2912 531 2981; x_wconf 85' lang='lat' dir='ltr'>justitiam</span> <span class='ocrx_word' id='word_1_322' title='bbox 550 2913 577 2968; x_wconf 91' lang='lat' dir='ltr'>iu</span> <span class='ocrx_word' id='word_1_323' title='bbox 592 2914 707 2970; x_wconf 88' lang='lat' dir='ltr'>consilio</span> <span class='ocrx_word' id='word_1_324' title='bbox 722 2916 865 2985; x_wconf 83' lang='lat' dir='ltr'>justorum,</span> <span class='ocrx_word' id='word_1_325' title='bbox 884 2927 910 2974; x_wconf 92' lang='lat' dir='ltr'>et</span> 
     </span>
     <span class='ocr_line' id='line_1_44' title="bbox 103 2998 850 3074; baseline 0.011 -22"><span class='ocrx_word' id='word_1_326' title='bbox 103 2998 230 3054; x_wconf 90' lang='lat' dir='ltr'>ideonon</span> <span class='ocrx_word' id='word_1_327' title='bbox 245 3011 321 3056; x_wconf 88' lang='lat' dir='ltr'>erunt</span> <span class='ocrx_word' id='word_1_328' title='bbox 338 2999 373 3056; x_wconf 90' lang='lat' dir='ltr'>ibi</span> <span class='ocrx_word' id='word_1_329' title='bbox 390 3001 538 3074; x_wconf 84' lang='lat' dir='ltr'>participes</span> <span class='ocrx_word' id='word_1_330' title='bbox 554 3002 727 3059; x_wconf 86' lang='lat' dir='ltr'>beatitudiuis</span> <span class='ocrx_word' id='word_1_331' title='bbox 741 3020 850 3060; x_wconf 88' lang='lat' dir='ltr'>cerum.</span> 
     </span>
    </p>
   </div>
   <div class='ocr_carea' id='block_1_18' title="bbox 339 3167 685 3239">
    <p class='ocr_par' dir='ltr' id='par_1_18' title="bbox 339 3167 685 3239">
     <span class='ocr_line' id='line_1_45' title="bbox 339 3167 685 3239; baseline 0.012 -19"><span class='ocrx_word' id='word_1_332' title='bbox 339 3167 376 3222; x_wconf 88' lang='lat' dir='ltr'>Dc</span> <span class='ocrx_word' id='word_1_333' title='bbox 391 3170 512 3239; x_wconf 86' lang='lat' dir='ltr'>quatuor</span> <span class='ocrx_word' id='word_1_334' title='bbox 528 3169 685 3226; x_wconf 81' lang='lat' dir='ltr'>ordinibus.</span> 
     </span>
    </p>
   </div>
   <div class='ocr_carea' id='block_1_19' title="bbox 138 3315 906 3388">
    <p class='ocr_par' dir='ltr' id='par_1_19' title="bbox 138 3315 906 3388">
     <span class='ocr_line' id='line_1_46' title="bbox 138 3315 906 3388; baseline 0.003 -16"><span class='ocrx_word' id='word_1_335' title='bbox 138 3315 266 3385; x_wconf 82' lang='lat' dir='ltr'>Ouatuor</span> <span class='ocrx_word' id='word_1_336' title='bbox 279 3316 391 3373; x_wconf 83' lang='lat' dir='ltr'>ordines</span> <span class='ocrx_word' id='word_1_337' title='bbox 405 3323 485 3373; x_wconf 87' lang='lat' dir='ltr'>erunt</span> <span class='ocrx_word' id='word_1_338' title='bbox 501 3318 529 3373; x_wconf 90' lang='lat' dir='ltr'>in</span> <span class='ocrx_word' id='word_1_339' title='bbox 542 3319 661 3388; x_wconf 90' lang='lat' dir='ltr'>judicio;</span> <span class='ocrx_word' id='word_1_340' title='bbox 680 3318 734 3374; x_wconf 91' lang='lat' dir='ltr'>duo</span> <span class='ocrx_word' id='word_1_341' title='bbox 745 3318 906 3388; x_wconf 87' lang='lat' dir='ltr'>electorum,</span> 
     </span>
    </p>
   </div>
   <div class='ocr_carea' id='block_1_20' title="bbox 99 3414 908 4552">
    <p class='ocr_par' dir='ltr' id='par_1_20' title="bbox 99 3414 908 4552">
     <span class='ocr_line' id='line_1_47' title="bbox 102 3414 904 3488; baseline 0.002 -20"><span class='ocrx_word' id='word_1_342' title='bbox 102 3415 158 3470; x_wconf 81' lang='lat' dir='ltr'>diro</span> <span class='ocrx_word' id='word_1_343' title='bbox 174 3414 365 3485; x_wconf 89' lang='lat' dir='ltr'>reproborum.</span> <span class='ocrx_word' id='word_1_344' title='bbox 376 3415 451 3472; x_wconf 88' lang='lat' dir='ltr'>Unus</span> <span class='ocrx_word' id='word_1_345' title='bbox 466 3415 617 3472; x_wconf 89' lang='lat' dir='ltr'>electorum</span> <span class='ocrx_word' id='word_1_346' title='bbox 628 3416 695 3472; x_wconf 90' lang='lat' dir='ltr'>ordo</span> <span class='ocrx_word' id='word_1_347' title='bbox 706 3424 770 3472; x_wconf 91' lang='lat' dir='ltr'>sunt</span> <span class='ocrx_word' id='word_1_348' title='bbox 781 3417 904 3488; x_wconf 83' lang='lat' dir='ltr'>perlecti,</span> 
     </span>
     <span class='ocr_line' id='line_1_48' title="bbox 103 3504 904 3576; baseline 0.002 -18"><span class='ocrx_word' id='word_1_349' title='bbox 103 3504 192 3576; x_wconf 89' lang='lat' dir='ltr'>quiin</span> <span class='ocrx_word' id='word_1_350' title='bbox 214 3504 351 3573; x_wconf 80' lang='lat' dir='ltr'>judicium</span> <span class='ocrx_word' id='word_1_351' title='bbox 374 3519 428 3559; x_wconf 91' lang='lat' dir='ltr'>nou</span> <span class='ocrx_word' id='word_1_352' title='bbox 449 3505 621 3576; x_wconf 86' lang='lat' dir='ltr'>perveniunt,</span> <span class='ocrx_word' id='word_1_353' title='bbox 643 3507 692 3561; x_wconf 90' lang='lat' dir='ltr'>sed</span> <span class='ocrx_word' id='word_1_354' title='bbox 712 3507 819 3576; x_wconf 87' lang='lat' dir='ltr'>judices</span> <span class='ocrx_word' id='word_1_355' title='bbox 842 3521 904 3563; x_wconf 89' lang='lat' dir='ltr'>curu</span> 
     </span>
     <span class='ocr_line' id='line_1_49' title="bbox 103 3593 908 3667; baseline 0.006 -20"><span class='ocrx_word' id='word_1_356' title='bbox 103 3595 222 3648; x_wconf 81' lang='lat' dir='ltr'>ltomino</span> <span class='ocrx_word' id='word_1_357' title='bbox 237 3601 335 3658; x_wconf 89' lang='lat' dir='ltr'>erunt;</span> <span class='ocrx_word' id='word_1_358' title='bbox 352 3593 422 3648; x_wconf 88' lang='lat' dir='ltr'>alter</span> <span class='ocrx_word' id='word_1_359' title='bbox 441 3594 563 3650; x_wconf 88' lang='lat' dir='ltr'>clectoru</span> <span class='ocrx_word' id='word_1_360' title='bbox 575 3613 603 3662; x_wconf 90' lang='lat' dir='ltr'>n,</span> <span class='ocrx_word' id='word_1_361' title='bbox 619 3604 681 3649; x_wconf 91' lang='lat' dir='ltr'>sunt</span> <span class='ocrx_word' id='word_1_362' title='bbox 700 3595 746 3667; x_wconf 89' lang='lat' dir='ltr'>qui</span> <span class='ocrx_word' id='word_1_363' title='bbox 770 3597 804 3650; x_wconf 88' lang='lat' dir='ltr'>ab</span> <span class='ocrx_word' id='word_1_364' title='bbox 828 3596 908 3652; x_wconf 91' lang='lat' dir='ltr'>audi-</span> 
     </span>
     <span class='ocr_line' id='line_1_50' title="bbox 103 3683 908 3755; baseline 0.005 -19"><span class='ocrx_word' id='word_1_365' title='bbox 103 3685 176 3738; x_wconf 88' lang='lat' dir='ltr'>tione</span> <span class='ocrx_word' id='word_1_366' title='bbox 206 3683 280 3738; x_wconf 90' lang='lat' dir='ltr'>mala</span> <span class='ocrx_word' id='word_1_367' title='bbox 308 3699 362 3737; x_wconf 82' lang='lat' dir='ltr'>tion</span> <span class='ocrx_word' id='word_1_368' title='bbox 378 3683 520 3749; x_wconf 82' lang='lat' dir='ltr'>tirnebuut,</span> <span class='ocrx_word' id='word_1_369' title='bbox 547 3683 664 3755; x_wconf 84' lang='lat' dir='ltr'>scdper</span> <span class='ocrx_word' id='word_1_370' title='bbox 680 3685 787 3741; x_wconf 84' lang='lat' dir='ltr'>dulcem</span> <span class='ocrx_word' id='word_1_371' title='bbox 814 3702 908 3742; x_wconf 79' lang='lat' dir='ltr'>rocem</span> 
     </span>
     <span class='ocr_line' id='line_1_51' title="bbox 99 3772 907 3847; baseline 0.004 -21"><span class='ocrx_word' id='word_1_372' title='bbox 99 3772 200 3840; x_wconf 76' lang='lat' dir='ltr'>iudicis</span> <span class='ocrx_word' id='word_1_373' title='bbox 216 3772 314 3836; x_wconf 88' lang='lat' dir='ltr'>vocati,</span> <span class='ocrx_word' id='word_1_374' title='bbox 337 3773 439 3834; x_wconf 82' lang='lat' dir='ltr'>l&#39;enilc,</span> <span class='ocrx_word' id='word_1_375' title='bbox 455 3773 595 3828; x_wconf 81' lang='lat' dir='ltr'>berrcdicti</span> <span class='ocrx_word' id='word_1_376' title='bbox 618 3774 728 3842; x_wconf 79' lang='lat' dir='ltr'>(llnttb.</span> <span class='ocrx_word' id='word_1_377' title='bbox 745 3777 826 3840; x_wconf 77' lang='lat' dir='ltr'>xxi-l,</span> <span class='ocrx_word' id='word_1_378' title='bbox 836 3791 907 3847; x_wconf 79' lang='lat' dir='ltr'>gotr-</span> 
     </span>
     <span class='ocr_line' id='line_1_52' title="bbox 102 3860 906 3933; baseline 0.004 -18"><span class='ocrx_word' id='word_1_379' title='bbox 102 3863 178 3916; x_wconf 89' lang='lat' dir='ltr'>dium</span> <span class='ocrx_word' id='word_1_380' title='bbox 195 3860 302 3914; x_wconf 85' lang='lat' dir='ltr'>Domini</span> <span class='ocrx_word' id='word_1_381' title='bbox 320 3860 361 3914; x_wconf 88' lang='lat' dir='ltr'>sai</span> <span class='ocrx_word' id='word_1_382' title='bbox 375 3860 533 3926; x_wconf 84' lang='lat' dir='ltr'>intrabunt;</span> <span class='ocrx_word' id='word_1_383' title='bbox 550 3863 648 3916; x_wconf 91' lang='lat' dir='ltr'>tertius</span> <span class='ocrx_word' id='word_1_384' title='bbox 663 3863 842 3933; x_wconf 88' lang='lat' dir='ltr'>reproborum</span> <span class='ocrx_word' id='word_1_385' title='bbox 864 3864 906 3918; x_wconf 91' lang='lat' dir='ltr'>in-</span> 
     </span>
     <span class='ocr_line' id='line_1_53' title="bbox 103 3949 908 4020; baseline 0.005 -18"><span class='ocrx_word' id='word_1_386' title='bbox 103 3949 236 4015; x_wconf 85' lang='lat' dir='ltr'>lideliurn,</span> <span class='ocrx_word' id='word_1_387' title='bbox 253 3949 317 4020; x_wconf 87' lang='lat' dir='ltr'>qaia</span> <span class='ocrx_word' id='word_1_388' title='bbox 337 3949 392 4015; x_wconf 85' lang='lat' dir='ltr'>jorn</span> <span class='ocrx_word' id='word_1_389' title='bbox 411 3949 534 4018; x_wconf 82' lang='lat' dir='ltr'>judicati,</span> <span class='ocrx_word' id='word_1_390' title='bbox 560 3951 640 4006; x_wconf 83' lang='lat' dir='ltr'>etiarn</span> <span class='ocrx_word' id='word_1_391' title='bbox 659 3951 777 4006; x_wconf 89' lang='lat' dir='ltr'>damnati</span> <span class='ocrx_word' id='word_1_392' title='bbox 793 3961 868 4016; x_wconf 90' lang='lat' dir='ltr'>suot;</span> <span class='ocrx_word' id='word_1_393' title='bbox 882 3961 908 4009; x_wconf 91' lang='lat' dir='ltr'>et</span> 
     </span>
     <span class='ocr_line' id='line_1_54' title="bbox 103 4035 906 4112; baseline 0.005 -20"><span class='ocrx_word' id='word_1_394' title='bbox 103 4035 209 4110; x_wconf 79' lang='lat' dir='ltr'>quiebi</span> <span class='ocrx_word' id='word_1_395' title='bbox 225 4037 284 4092; x_wconf 83' lang='lat' dir='ltr'>sine</span> <span class='ocrx_word' id='word_1_396' title='bbox 304 4036 366 4108; x_wconf 80' lang='lat' dir='ltr'>lege</span> <span class='ocrx_word' id='word_1_397' title='bbox 398 4047 591 4108; x_wconf 85' lang='lat' dir='ltr'>peccaverunt,</span> <span class='ocrx_word' id='word_1_398' title='bbox 608 4039 667 4096; x_wconf 89' lang='lat' dir='ltr'>sinc</span> <span class='ocrx_word' id='word_1_399' title='bbox 684 4040 745 4112; x_wconf 83' lang='lat' dir='ltr'>lege</span> <span class='ocrx_word' id='word_1_400' title='bbox 762 4040 906 4112; x_wconf 73' lang='lat' dir='ltr'>peribunt,</span> 
     </span>
     <span class='ocr_line' id='line_1_55' title="bbox 101 4127 908 4200; baseline 0.009 -22"><span class='ocrx_word' id='word_1_401' title='bbox 101 4135 218 4198; x_wconf 86' lang='lat' dir='ltr'>quartus</span> <span class='ocrx_word' id='word_1_402' title='bbox 232 4127 299 4181; x_wconf 91' lang='lat' dir='ltr'>ordo</span> <span class='ocrx_word' id='word_1_403' title='bbox 310 4127 489 4196; x_wconf 87' lang='lat' dir='ltr'>reproborum</span> <span class='ocrx_word' id='word_1_404' title='bbox 505 4127 636 4194; x_wconf 88' lang='lat' dir='ltr'>lidelium,</span> <span class='ocrx_word' id='word_1_405' title='bbox 655 4129 700 4200; x_wconf 88' lang='lat' dir='ltr'>qai</span> <span class='ocrx_word' id='word_1_406' title='bbox 718 4131 805 4184; x_wconf 85' lang='lat' dir='ltr'>Deum</span> <span class='ocrx_word' id='word_1_407' title='bbox 818 4131 908 4185; x_wconf 85' lang='lat' dir='ltr'>verbis</span> 
     </span>
     <span class='ocr_line' id='line_1_56' title="bbox 102 4215 908 4290; baseline 0.002 -19"><span class='ocrx_word' id='word_1_408' title='bbox 102 4215 222 4286; x_wconf 87' lang='lat' dir='ltr'>prolessi</span> <span class='ocrx_word' id='word_1_409' title='bbox 237 4222 311 4280; x_wconf 86' lang='lat' dir='ltr'>sunt,</span> <span class='ocrx_word' id='word_1_410' title='bbox 335 4215 413 4270; x_wconf 89' lang='lat' dir='ltr'>lactis</span> <span class='ocrx_word' id='word_1_411' title='bbox 432 4225 523 4272; x_wconf 82' lang='lat' dir='ltr'>autent</span> <span class='ocrx_word' id='word_1_412' title='bbox 548 4226 739 4290; x_wconf 76' lang='lat' dir='ltr'>negaverunt:</span> <span class='ocrx_word' id='word_1_413' title='bbox 762 4219 864 4290; x_wconf 82' lang='lat' dir='ltr'>etquis</span> <span class='ocrx_word' id='word_1_414' title='bbox 881 4219 908 4274; x_wconf 94' lang='lat' dir='ltr'>in</span> 
     </span>
     <span class='ocr_line' id='line_1_57' title="bbox 102 4304 907 4378; baseline 0.005 -20"><span class='ocrx_word' id='word_1_415' title='bbox 102 4304 194 4378; x_wconf 82' lang='lat' dir='ltr'>legem</span> <span class='ocrx_word' id='word_1_416' title='bbox 214 4305 262 4358; x_wconf 81' lang='lat' dir='ltr'>Dei</span> <span class='ocrx_word' id='word_1_417' title='bbox 285 4314 482 4376; x_wconf 87' lang='lat' dir='ltr'>peccaverunt,</span> <span class='ocrx_word' id='word_1_418' title='bbox 512 4323 561 4378; x_wconf 90' lang='lat' dir='ltr'>per</span> <span class='ocrx_word' id='word_1_419' title='bbox 587 4307 676 4376; x_wconf 70' lang='lat' dir='ltr'>legent</span> <span class='ocrx_word' id='word_1_420' title='bbox 699 4307 907 4378; x_wconf 79' lang='lat' dir='ltr'>judicabuntur,</span> 
     </span>
     <span class='ocr_line' id='line_1_58' title="bbox 101 4393 906 4461; baseline 0.004 -13"><span class='ocrx_word' id='word_1_421' title='bbox 101 4410 163 4448; x_wconf 89' lang='lat' dir='ltr'>curn</span> <span class='ocrx_word' id='word_1_422' title='bbox 179 4395 222 4450; x_wconf 89' lang='lat' dir='ltr'>eis</span> <span class='ocrx_word' id='word_1_423' title='bbox 236 4393 522 4450; x_wconf 77' lang='lat' dir='ltr'>terribiliteratalice</span> <span class='ocrx_word' id='word_1_424' title='bbox 538 4395 656 4451; x_wconf 85' lang='lat' dir='ltr'>diccttrr:</span> <span class='ocrx_word' id='word_1_425' title='bbox 669 4397 808 4452; x_wconf 81' lang='lat' dir='ltr'>Diacedilc</span> <span class='ocrx_word' id='word_1_426' title='bbox 823 4414 839 4451; x_wconf 88' lang='lat' dir='ltr'>a</span> <span class='ocrx_word' id='word_1_427' title='bbox 852 4412 906 4461; x_wconf 89' lang='lat' dir='ltr'>rne,</span> 
     </span>
     <span class='ocr_line' id='line_1_59' title="bbox 102 4482 433 4552; baseline 0.003 -16"><span class='ocrx_word' id='word_1_428' title='bbox 102 4483 252 4538; x_wconf 84' lang='lat' dir='ltr'>rnuledieti</span> <span class='ocrx_word' id='word_1_429' title='bbox 267 4482 374 4552; x_wconf 69' lang='lat' dir='ltr'>(total.</span> <span class='ocrx_word' id='word_1_430' title='bbox 391 4490 433 4538; x_wconf 86' lang='lat' dir='ltr'>etc</span> 
     </span>
    </p>
   </div>
   <div class='ocr_carea' id='block_1_21' title="bbox 102 4589 909 5284">
    <p class='ocr_par' dir='ltr' id='par_1_21' title="bbox 102 4589 909 5284">
     <span class='ocr_line' id='line_1_60' title="bbox 137 4589 909 4665; baseline 0.005 -21"><span class='ocrx_word' id='word_1_431' title='bbox 137 4591 196 4646; x_wconf 86' lang='lat' dir='ltr'>llcc</span> <span class='ocrx_word' id='word_1_432' title='bbox 213 4597 300 4645; x_wconf 91' lang='lat' dir='ltr'>toturn</span> <span class='ocrx_word' id='word_1_433' title='bbox 315 4589 377 4646; x_wconf 86' lang='lat' dir='ltr'>ideo</span> <span class='ocrx_word' id='word_1_434' title='bbox 392 4589 430 4656; x_wconf 89' lang='lat' dir='ltr'>lrt,</span> <span class='ocrx_word' id='word_1_435' title='bbox 454 4589 581 4663; x_wconf 90' lang='lat' dir='ltr'>quoniam</span> <span class='ocrx_word' id='word_1_436' title='bbox 600 4593 699 4665; x_wconf 76' lang='lat' dir='ltr'>(l&#39;nns.</span> <span class='ocrx_word' id='word_1_437' title='bbox 720 4593 841 4662; x_wconf 72' lang='lat' dir='ltr'>illuserit</span> <span class='ocrx_word' id='word_1_438' title='bbox 857 4595 909 4648; x_wconf 84' lang='lat' dir='ltr'>Do-</span> 
     </span>
     <span class='ocr_line' id='line_1_61' title="bbox 103 4679 908 4752; baseline 0.005 -20"><span class='ocrx_word' id='word_1_439' title='bbox 103 4683 201 4735; x_wconf 86' lang='lat' dir='ltr'>minus</span> <span class='ocrx_word' id='word_1_440' title='bbox 223 4682 311 4734; x_wconf 86' lang='lat' dir='ltr'>altam</span> <span class='ocrx_word' id='word_1_441' title='bbox 323 4681 479 4750; x_wconf 71' lang='lat' dir='ltr'>iustorum,</span> <span class='ocrx_word' id='word_1_442' title='bbox 495 4679 522 4734; x_wconf 90' lang='lat' dir='ltr'>id</span> <span class='ocrx_word' id='word_1_443' title='bbox 539 4689 580 4736; x_wconf 87' lang='lat' dir='ltr'>est</span> <span class='ocrx_word' id='word_1_444' title='bbox 595 4681 730 4752; x_wconf 80' lang='lat' dir='ltr'>approbet</span> <span class='ocrx_word' id='word_1_445' title='bbox 745 4682 827 4736; x_wconf 87' lang='lat' dir='ltr'>vitam</span> <span class='ocrx_word' id='word_1_446' title='bbox 844 4681 908 4736; x_wconf 93' lang='lat' dir='ltr'>illo-</span> 
     </span>
     <span class='ocr_line' id='line_1_62' title="bbox 103 4767 906 4842; baseline 0.002 -20"><span class='ocrx_word' id='word_1_447' title='bbox 103 4785 162 4822; x_wconf 88' lang='lat' dir='ltr'>rurn</span> <span class='ocrx_word' id='word_1_448' title='bbox 179 4775 205 4823; x_wconf 87' lang='lat' dir='ltr'>ct</span> <span class='ocrx_word' id='word_1_449' title='bbox 216 4767 332 4824; x_wconf 85' lang='lat' dir='ltr'>laudans</span> <span class='ocrx_word' id='word_1_450' title='bbox 345 4779 497 4824; x_wconf 88' lang='lat' dir='ltr'>remunerat</span> <span class='ocrx_word' id='word_1_451' title='bbox 513 4768 583 4824; x_wconf 87' lang='lat' dir='ltr'>laeta</span> <span class='ocrx_word' id='word_1_452' title='bbox 598 4769 818 4842; x_wconf 85' lang='lat' dir='ltr'>eor·um,qauodo</span> <span class='ocrx_word' id='word_1_453' title='bbox 830 4770 906 4824; x_wconf 79' lang='lat' dir='ltr'>ibunt</span> 
     </span>
     <span class='ocr_line' id='line_1_63' title="bbox 102 4857 906 4913; baseline -0.001 -1"><span class='ocrx_word' id='word_1_454' title='bbox 102 4873 163 4912; x_wconf 88' lang='lat' dir='ltr'>cum</span> <span class='ocrx_word' id='word_1_455' title='bbox 189 4873 224 4912; x_wconf 93' lang='lat' dir='ltr'>eo</span> <span class='ocrx_word' id='word_1_456' title='bbox 248 4857 275 4911; x_wconf 97' lang='lat' dir='ltr'>in</span> <span class='ocrx_word' id='word_1_457' title='bbox 291 4857 373 4912; x_wconf 84' lang='lat' dir='ltr'>ritant</span> <span class='ocrx_word' id='word_1_458' title='bbox 398 4865 536 4913; x_wconf 84' lang='lat' dir='ltr'>aeternam.</span> <span class='ocrx_word' id='word_1_459' title='bbox 563 4857 638 4912; x_wconf 80' lang='lat' dir='ltr'>l&#39;iarn</span> <span class='ocrx_word' id='word_1_460' title='bbox 656 4871 747 4912; x_wconf 82' lang='lat' dir='ltr'>autern</span> <span class='ocrx_word' id='word_1_461' title='bbox 772 4858 906 4912; x_wconf 87' lang='lat' dir='ltr'>malorum</span> 
     </span>
     <span class='ocr_line' id='line_1_64' title="bbox 104 4945 908 5018; baseline 0 -18"><span class='ocrx_word' id='word_1_462' title='bbox 104 4963 158 5002; x_wconf 89' lang='lat' dir='ltr'>non</span> <span class='ocrx_word' id='word_1_463' title='bbox 173 4946 328 5018; x_wconf 83' lang='lat' dir='ltr'>cognoscit,</span> <span class='ocrx_word' id='word_1_464' title='bbox 346 4946 371 5000; x_wconf 92' lang='lat' dir='ltr'>id</span> <span class='ocrx_word' id='word_1_465' title='bbox 394 4955 435 5001; x_wconf 88' lang='lat' dir='ltr'>est</span> <span class='ocrx_word' id='word_1_466' title='bbox 451 4946 531 5000; x_wconf 80' lang='lat' dir='ltr'>uitam</span> <span class='ocrx_word' id='word_1_467' title='bbox 548 4945 656 5001; x_wconf 87' lang='lat' dir='ltr'>illorum</span> <span class='ocrx_word' id='word_1_468' title='bbox 679 4946 864 5016; x_wconf 89' lang='lat' dir='ltr'>improbabit:</span> <span class='ocrx_word' id='word_1_469' title='bbox 882 4955 908 5002; x_wconf 90' lang='lat' dir='ltr'>et</span> 
     </span>
     <span class='ocr_line' id='line_1_65' title="bbox 104 5034 906 5110; baseline 0.001 -22"><span class='ocrx_word' id='word_1_470' title='bbox 104 5035 165 5090; x_wconf 87' lang='lat' dir='ltr'>ideo</span> <span class='ocrx_word' id='word_1_471' title='bbox 177 5039 236 5091; x_wconf 87' lang='lat' dir='ltr'>iter·</span> <span class='ocrx_word' id='word_1_472' title='bbox 249 5037 402 5108; x_wconf 86' lang='lat' dir='ltr'>impiorum</span> <span class='ocrx_word' id='word_1_473' title='bbox 415 5034 533 5110; x_wconf 83' lang='lat' dir='ltr'>peribit.</span> <span class='ocrx_word' id='word_1_474' title='bbox 551 5035 630 5090; x_wconf 80' lang='lat' dir='ltr'>idest</span> <span class='ocrx_word' id='word_1_475' title='bbox 645 5034 803 5090; x_wconf 83' lang='lat' dir='ltr'>allectiones</span> <span class='ocrx_word' id='word_1_476' title='bbox 819 5036 906 5090; x_wconf 89' lang='lat' dir='ltr'>rualo-</span> 
     </span>
     <span class='ocr_line' id='line_1_66' title="bbox 104 5123 908 5196; baseline 0.002 -19"><span class='ocrx_word' id='word_1_477' title='bbox 104 5141 173 5184; x_wconf 78' lang='lat' dir='ltr'>rnm.</span> <span class='ocrx_word' id='word_1_478' title='bbox 193 5124 220 5178; x_wconf 89' lang='lat' dir='ltr'>io</span> <span class='ocrx_word' id='word_1_479' title='bbox 233 5125 332 5196; x_wconf 90' lang='lat' dir='ltr'>quibus</span> <span class='ocrx_word' id='word_1_480' title='bbox 344 5133 370 5178; x_wconf 91' lang='lat' dir='ltr'>ut</span> <span class='ocrx_word' id='word_1_481' title='bbox 386 5123 413 5176; x_wconf 93' lang='lat' dir='ltr'>in</span> <span class='ocrx_word' id='word_1_482' title='bbox 429 5124 478 5177; x_wconf 81' lang='lat' dir='ltr'>riis</span> <span class='ocrx_word' id='word_1_483' title='bbox 500 5123 702 5188; x_wconf 82' lang='lat' dir='ltr'>discurrebant,</span> <span class='ocrx_word' id='word_1_484' title='bbox 719 5133 784 5179; x_wconf 76' lang='lat' dir='ltr'>laroc</span> <span class='ocrx_word' id='word_1_485' title='bbox 797 5123 908 5196; x_wconf 84' lang='lat' dir='ltr'>disper-</span> 
     </span>
     <span class='ocr_line' id='line_1_67' title="bbox 103 5211 906 5284; baseline 0.002 -18"><span class='ocrx_word' id='word_1_486' title='bbox 103 5215 188 5279; x_wconf 90' lang='lat' dir='ltr'>ibunt,</span> <span class='ocrx_word' id='word_1_487' title='bbox 205 5228 269 5268; x_wconf 92' lang='lat' dir='ltr'>cum</span> <span class='ocrx_word' id='word_1_488' title='bbox 285 5211 310 5266; x_wconf 95' lang='lat' dir='ltr'>in</span> <span class='ocrx_word' id='word_1_489' title='bbox 328 5221 457 5270; x_wconf 74' lang='lat' dir='ltr'>aternum</span> <span class='ocrx_word' id='word_1_490' title='bbox 477 5212 641 5284; x_wconf 88' lang='lat' dir='ltr'>suppliciam</span> <span class='ocrx_word' id='word_1_491' title='bbox 656 5229 718 5268; x_wconf 90' lang='lat' dir='ltr'>cum</span> <span class='ocrx_word' id='word_1_492' title='bbox 735 5213 845 5268; x_wconf 89' lang='lat' dir='ltr'>dinbelo</span> <span class='ocrx_word' id='word_1_493' title='bbox 862 5213 906 5268; x_wconf 92' lang='lat' dir='ltr'>iu-</span> 
     </span>
    </p>
   </div>
   <div class='ocr_carea' id='block_1_22' title="bbox 104 5313 238 5368">
    <p class='ocr_par' dir='ltr' id='par_1_22' title="bbox 104 5313 238 5368">
     <span class='ocr_line' id='line_1_68' title="bbox 104 5313 238 5368; baseline -0.007 -3"><span class='ocrx_word' id='word_1_494' title='bbox 104 5313 238 5368; x_wconf 85' lang='lat' dir='ltr'>troibunt.</span> 
     </span>
    </p>
   </div>
   <div class='ocr_carea' id='block_1_23' title="bbox 422 5442 580 5497">
    <p class='ocr_par' dir='ltr' id='par_1_23' title="bbox 422 5442 580 5497">
     <span class='ocr_line' id='line_1_69' title="bbox 422 5442 580 5497; baseline 0.013 -2"><span class='ocrx_word' id='word_1_495' title='bbox 422 5442 580 5497; x_wconf 84' lang='lat' dir='ltr'>Conrlrrsio.</span> 
     </span>
    </p>
   </div>
   <div class='ocr_carea' id='block_1_24' title="bbox 102 5576 906 5829">
    <p class='ocr_par' dir='ltr' id='par_1_24' title="bbox 102 5576 906 5829">
     <span class='ocr_line' id='line_1_70' title="bbox 138 5576 906 5648; baseline 0.001 -15"><span class='ocrx_word' id='word_1_496' title='bbox 138 5578 188 5635; x_wconf 94' lang='lat' dir='ltr'>llic</span> <span class='ocrx_word' id='word_1_497' title='bbox 205 5577 356 5648; x_wconf 88' lang='lat' dir='ltr'>psalmusa</span> <span class='ocrx_word' id='word_1_498' title='bbox 374 5577 524 5648; x_wconf 88' lang='lat' dir='ltr'>primordio</span> <span class='ocrx_word' id='word_1_499' title='bbox 541 5577 633 5632; x_wconf 89' lang='lat' dir='ltr'>mandi</span> <span class='ocrx_word' id='word_1_500' title='bbox 649 5576 793 5648; x_wconf 88' lang='lat' dir='ltr'>incipiens,</span> <span class='ocrx_word' id='word_1_501' title='bbox 810 5577 837 5632; x_wconf 94' lang='lat' dir='ltr'>in</span> <span class='ocrx_word' id='word_1_502' title='bbox 853 5577 906 5634; x_wconf 82' lang='lat' dir='ltr'>lum</span> 
     </span>
     <span class='ocr_line' id='line_1_71' title="bbox 102 5665 906 5738; baseline -0.005 -14"><span class='ocrx_word' id='word_1_503' title='bbox 102 5667 193 5724; x_wconf 79' lang='lat' dir='ltr'>saecrrti</span> <span class='ocrx_word' id='word_1_504' title='bbox 217 5666 369 5722; x_wconf 83' lang='lat' dir='ltr'>clauditur:</span> <span class='ocrx_word' id='word_1_505' title='bbox 391 5665 456 5738; x_wconf 90' lang='lat' dir='ltr'>quia</span> <span class='ocrx_word' id='word_1_506' title='bbox 478 5665 596 5721; x_wconf 83' lang='lat' dir='ltr'>mundus</span> <span class='ocrx_word' id='word_1_507' title='bbox 621 5665 648 5720; x_wconf 91' lang='lat' dir='ltr'>in</span> <span class='ocrx_word' id='word_1_508' title='bbox 670 5666 788 5731; x_wconf 85' lang='lat' dir='ltr'>Christo,</span> <span class='ocrx_word' id='word_1_509' title='bbox 804 5666 850 5738; x_wconf 87' lang='lat' dir='ltr'>qui</span> <span class='ocrx_word' id='word_1_510' title='bbox 866 5675 906 5721; x_wconf 84' lang='lat' dir='ltr'>est</span> 
     </span>
     <span class='ocr_line' id='line_1_72' title="bbox 103 5753 900 5829; baseline -0.003 -19"><span class='ocrx_word' id='word_1_511' title='bbox 103 5755 265 5829; x_wconf 88' lang='lat' dir='ltr'>principium</span> <span class='ocrx_word' id='word_1_512' title='bbox 289 5763 314 5812; x_wconf 87' lang='lat' dir='ltr'>et</span> <span class='ocrx_word' id='word_1_513' title='bbox 339 5753 410 5820; x_wconf 81' lang='lat' dir='ltr'>titiis,</span> <span class='ocrx_word' id='word_1_514' title='bbox 431 5753 564 5811; x_wconf 77' lang='lat' dir='ltr'>inchoans</span> <span class='ocrx_word' id='word_1_515' title='bbox 588 5754 615 5808; x_wconf 93' lang='lat' dir='ltr'>in</span> <span class='ocrx_word' id='word_1_516' title='bbox 641 5769 674 5810; x_wconf 89' lang='lat' dir='ltr'>eo</span> <span class='ocrx_word' id='word_1_517' title='bbox 700 5755 781 5810; x_wconf 87' lang='lat' dir='ltr'>etiam</span> <span class='ocrx_word' id='word_1_518' title='bbox 798 5753 900 5828; x_wconf 80' lang='lat' dir='ltr'>linitur.</span> 
     </span>
    </p>
   </div>
   <div class='ocr_carea' id='block_1_25' title="bbox 965 1831 1769 2263">
    <p class='ocr_par' dir='ltr' id='par_1_25' title="bbox 965 1831 1769 2174">
     <span class='ocr_line' id='line_1_73' title="bbox 966 1831 1769 1906; baseline -0.011 -15"><span class='ocrx_word' id='word_1_519' title='bbox 966 1837 1012 1891; x_wconf 86' lang='lat' dir='ltr'>lu&#39;c</span> <span class='ocrx_word' id='word_1_520' title='bbox 1039 1837 1159 1906; x_wconf 84' lang='lat' dir='ltr'>quartus</span> <span class='ocrx_word' id='word_1_521' title='bbox 1175 1833 1291 1903; x_wconf 81' lang='lat' dir='ltr'>spiritui</span> <span class='ocrx_word' id='word_1_522' title='bbox 1319 1831 1501 1903; x_wconf 80' lang='lat' dir='ltr'>fortitudinis</span> <span class='ocrx_word' id='word_1_523' title='bbox 1515 1833 1669 1888; x_wconf 84' lang='lat' dir='ltr'>ascribitur</span> <span class='ocrx_word' id='word_1_524' title='bbox 1685 1847 1769 1903; x_wconf 70' lang='lat' dir='ltr'>:quae</span> 
     </span>
     <span class='ocr_line' id='line_1_74' title="bbox 966 1921 1764 1994; baseline -0.006 -15"><span class='ocrx_word' id='word_1_525' title='bbox 966 1941 1025 1979; x_wconf 86' lang='lat' dir='ltr'>unu</span> <span class='ocrx_word' id='word_1_526' title='bbox 1048 1923 1082 1977; x_wconf 88' lang='lat' dir='ltr'>de</span> <span class='ocrx_word' id='word_1_527' title='bbox 1096 1925 1219 1993; x_wconf 86' lang='lat' dir='ltr'>quotuor</span> <span class='ocrx_word' id='word_1_528' title='bbox 1231 1922 1439 1994; x_wconf 84' lang='lat' dir='ltr'>principalibus</span> <span class='ocrx_word' id='word_1_529' title='bbox 1464 1922 1618 1976; x_wconf 87' lang='lat' dir='ltr'>uirtutibus</span> <span class='ocrx_word' id='word_1_530' title='bbox 1630 1921 1764 1992; x_wconf 84' lang='lat' dir='ltr'>ponitur.</span> 
     </span>
     <span class='ocr_line' id='line_1_75' title="bbox 965 2009 1768 2084; baseline -0.004 -18"><span class='ocrx_word' id='word_1_531' title='bbox 965 2013 998 2068; x_wconf 90' lang='lat' dir='ltr'>ln</span> <span class='ocrx_word' id='word_1_532' title='bbox 1020 2013 1070 2068; x_wconf 85' lang='lat' dir='ltr'>boc</span> <span class='ocrx_word' id='word_1_533' title='bbox 1089 2011 1199 2084; x_wconf 85' lang='lat' dir='ltr'>psalmo</span> <span class='ocrx_word' id='word_1_534' title='bbox 1218 2011 1359 2084; x_wconf 78' lang='lat' dir='ltr'>precipue</span> <span class='ocrx_word' id='word_1_535' title='bbox 1378 2010 1528 2065; x_wconf 76' lang='lat' dir='ltr'>humilitas</span> <span class='ocrx_word' id='word_1_536' title='bbox 1548 2012 1574 2065; x_wconf 78' lang='lat' dir='ltr'>ei</span> <span class='ocrx_word' id='word_1_537' title='bbox 1589 2009 1699 2066; x_wconf 75' lang='lat' dir='ltr'>lucratio</span> <span class='ocrx_word' id='word_1_538' title='bbox 1714 2023 1768 2064; x_wconf 90' lang='lat' dir='ltr'>no-</span> 
     </span>
     <span class='ocr_line' id='line_1_76' title="bbox 965 2101 1710 2174; baseline -0.004 -19"><span class='ocrx_word' id='word_1_539' title='bbox 965 2105 1079 2168; x_wconf 85' lang='lat' dir='ltr'>tantur,</span> <span class='ocrx_word' id='word_1_540' title='bbox 1095 2117 1146 2173; x_wconf 88' lang='lat' dir='ltr'>per</span> <span class='ocrx_word' id='word_1_541' title='bbox 1165 2116 1236 2174; x_wconf 86' lang='lat' dir='ltr'>quos</span> <span class='ocrx_word' id='word_1_542' title='bbox 1250 2102 1377 2156; x_wconf 79' lang='lat' dir='ltr'>runcimc</span> <span class='ocrx_word' id='word_1_543' title='bbox 1390 2103 1508 2172; x_wconf 86' lang='lat' dir='ltr'>peecata</span> <span class='ocrx_word' id='word_1_544' title='bbox 1522 2101 1710 2155; x_wconf 71' lang='lat' dir='ltr'>relaxantur.</span> 
     </span>
    </p>

    <p class='ocr_par' dir='ltr' id='par_1_26' title="bbox 999 2188 1765 2263">
     <span class='ocr_line' id='line_1_77' title="bbox 999 2188 1765 2263; baseline -0.007 -17"><span class='ocrx_word' id='word_1_545' title='bbox 999 2192 1031 2246; x_wconf 91' lang='lat' dir='ltr'>tn</span> <span class='ocrx_word' id='word_1_546' title='bbox 1046 2190 1276 2263; x_wconf 83' lang='lat' dir='ltr'>quiuquaqcsimo</span> <span class='ocrx_word' id='word_1_547' title='bbox 1292 2191 1350 2244; x_wconf 89' lang='lat' dir='ltr'>loeo</span> <span class='ocrx_word' id='word_1_548' title='bbox 1365 2188 1494 2261; x_wconf 86' lang='lat' dir='ltr'>ponitur,</span> <span class='ocrx_word' id='word_1_549' title='bbox 1510 2191 1611 2260; x_wconf 86' lang='lat' dir='ltr'>quotus</span> <span class='ocrx_word' id='word_1_550' title='bbox 1625 2203 1765 2243; x_wconf 85' lang='lat' dir='ltr'>urrrnerus</span> 
     </span>
    </p>
   </div>
   <div class='ocr_carea' id='block_1_26' title="bbox 963 2285 1770 2539">
    <p class='ocr_par' dir='ltr' id='par_1_27' title="bbox 963 2285 1770 2539">
     <span class='ocr_line' id='line_1_78' title="bbox 965 2285 1768 2358; baseline -0.006 -17"><span class='ocrx_word' id='word_1_551' title='bbox 965 2289 1076 2345; x_wconf 72' lang='lat' dir='ltr'>diarium</span> <span class='ocrx_word' id='word_1_552' title='bbox 1084 2291 1268 2346; x_wconf 82' lang='lat' dir='ltr'>Pentecosten</span> <span class='ocrx_word' id='word_1_553' title='bbox 1277 2285 1617 2358; x_wconf 71' lang='lat' dir='ltr'>scribiturmtsiqnificat</span> <span class='ocrx_word' id='word_1_554' title='bbox 1625 2285 1768 2347; x_wconf 72' lang='lat' dir='ltr'>raciliam,</span> 
     </span>
     <span class='ocr_line' id='line_1_79' title="bbox 963 2375 1768 2450; baseline -0.009 -16"><span class='ocrx_word' id='word_1_555' title='bbox 963 2394 1048 2449; x_wconf 89' lang='lat' dir='ltr'>quum</span> <span class='ocrx_word' id='word_1_556' title='bbox 1056 2379 1198 2450; x_wconf 76' lang='lat' dir='ltr'>penitens</span> <span class='ocrx_word' id='word_1_557' title='bbox 1212 2378 1374 2450; x_wconf 81' lang='lat' dir='ltr'>assequitur</span> <span class='ocrx_word' id='word_1_558' title='bbox 1382 2392 1434 2448; x_wconf 87' lang='lat' dir='ltr'>prr·</span> <span class='ocrx_word' id='word_1_559' title='bbox 1445 2375 1569 2430; x_wconf 74' lang='lat' dir='ltr'>uernam.</span> <span class='ocrx_word' id='word_1_560' title='bbox 1583 2375 1637 2429; x_wconf 91' lang='lat' dir='ltr'>lloc</span> <span class='ocrx_word' id='word_1_561' title='bbox 1649 2389 1768 2446; x_wconf 78' lang='lat' dir='ltr'>capres-</span> 
     </span>
     <span class='ocr_line' id='line_1_80' title="bbox 964 2462 1770 2539; baseline -0.007 -19"><span class='ocrx_word' id='word_1_562' title='bbox 964 2483 1027 2522; x_wconf 90' lang='lat' dir='ltr'>sum</span> <span class='ocrx_word' id='word_1_563' title='bbox 1041 2471 1084 2522; x_wconf 87' lang='lat' dir='ltr'>cst</span> <span class='ocrx_word' id='word_1_564' title='bbox 1093 2483 1144 2539; x_wconf 86' lang='lat' dir='ltr'>pcr</span> <span class='ocrx_word' id='word_1_565' title='bbox 1153 2483 1263 2521; x_wconf 87' lang='lat' dir='ltr'>annum</span> <span class='ocrx_word' id='word_1_566' title='bbox 1272 2465 1546 2536; x_wconf 84' lang='lat' dir='ltr'>quinquaqesimum,</span> <span class='ocrx_word' id='word_1_567' title='bbox 1563 2464 1615 2536; x_wconf 87' lang='lat' dir='ltr'>qui</span> <span class='ocrx_word' id='word_1_568' title='bbox 1624 2462 1717 2517; x_wconf 85' lang='lat' dir='ltr'>dictus</span> <span class='ocrx_word' id='word_1_569' title='bbox 1726 2465 1770 2516; x_wconf 87' lang='lat' dir='ltr'>cst</span> 
     </span>
    </p>
   </div>
   <div class='ocr_carea' id='block_1_27' title="bbox 958 2551 1768 2626">
    <p class='ocr_par' dir='ltr' id='par_1_28' title="bbox 958 2551 1768 2626">
     <span class='ocr_line' id='line_1_81' title="bbox 958 2551 1768 2626; baseline -0.01 -17"><span class='ocrx_word' id='word_1_570' title='bbox 958 2556 1104 2626; x_wconf 72' lang='lat' dir='ltr'>jubileus,</span> <span class='ocrx_word' id='word_1_571' title='bbox 1120 2554 1150 2609; x_wconf 84' lang='lat' dir='ltr'>id</span> <span class='ocrx_word' id='word_1_572' title='bbox 1164 2559 1206 2609; x_wconf 83' lang='lat' dir='ltr'>cat</span> <span class='ocrx_word' id='word_1_573' title='bbox 1215 2554 1389 2624; x_wconf 84' lang='lat' dir='ltr'>jubilatione</span> <span class='ocrx_word' id='word_1_574' title='bbox 1402 2553 1520 2622; x_wconf 83' lang='lat' dir='ltr'>plenus:</span> <span class='ocrx_word' id='word_1_575' title='bbox 1539 2552 1571 2605; x_wconf 87' lang='lat' dir='ltr'>in</span> <span class='ocrx_word' id='word_1_576' title='bbox 1589 2566 1641 2623; x_wconf 90' lang='lat' dir='ltr'>quo</span> <span class='ocrx_word' id='word_1_577' title='bbox 1659 2551 1768 2620; x_wconf 83' lang='lat' dir='ltr'>recepit</span> 
     </span>
    </p>
   </div>
   <div class='ocr_carea' id='block_1_28' title="bbox 963 2637 1769 2893">
    <p class='ocr_par' dir='ltr' id='par_1_29' title="bbox 963 2637 1769 2893">
     <span class='ocr_line' id='line_1_82' title="bbox 966 2637 1769 2716; baseline -0.012 -16"><span class='ocrx_word' id='word_1_578' title='bbox 966 2645 1089 2716; x_wconf 88' lang='lat' dir='ltr'>populus</span> <span class='ocrx_word' id='word_1_579' title='bbox 1112 2644 1248 2698; x_wconf 83' lang='lat' dir='ltr'>eruissem</span> <span class='ocrx_word' id='word_1_580' title='bbox 1272 2641 1477 2707; x_wconf 80' lang='lat' dir='ltr'>tioerrditntcm,</span> <span class='ocrx_word' id='word_1_581' title='bbox 1494 2645 1523 2695; x_wconf 88' lang='lat' dir='ltr'>rt</span> <span class='ocrx_word' id='word_1_582' title='bbox 1537 2638 1668 2694; x_wconf 83' lang='lat' dir='ltr'>venditas</span> <span class='ocrx_word' id='word_1_583' title='bbox 1682 2637 1769 2692; x_wconf 87' lang='lat' dir='ltr'>rediit</span> 
     </span>
     <span class='ocr_line' id='line_1_83' title="bbox 963 2726 1769 2804; baseline -0.01 -17"><span class='ocrx_word' id='word_1_584' title='bbox 963 2733 999 2788; x_wconf 89' lang='lat' dir='ltr'>ud</span> <span class='ocrx_word' id='word_1_585' title='bbox 1007 2731 1149 2804; x_wconf 86' lang='lat' dir='ltr'>perditam</span> <span class='ocrx_word' id='word_1_586' title='bbox 1159 2731 1332 2785; x_wconf 83' lang='lat' dir='ltr'>libertatem.</span> <span class='ocrx_word' id='word_1_587' title='bbox 1341 2730 1386 2785; x_wconf 87' lang='lat' dir='ltr'>Sic</span> <span class='ocrx_word' id='word_1_588' title='bbox 1392 2745 1442 2802; x_wconf 89' lang='lat' dir='ltr'>pcr</span> <span class='ocrx_word' id='word_1_589' title='bbox 1456 2727 1650 2802; x_wconf 79' lang='lat' dir='ltr'>penitentiae</span> <span class='ocrx_word' id='word_1_590' title='bbox 1661 2726 1769 2781; x_wconf 84' lang='lat' dir='ltr'>amissa</span> 
     </span>
     <span class='ocr_line' id='line_1_84' title="bbox 966 2816 1766 2893; baseline -0.009 -17"><span class='ocrx_word' id='word_1_591' title='bbox 966 2819 1123 2876; x_wconf 77' lang='lat' dir='ltr'>baereditas</span> <span class='ocrx_word' id='word_1_592' title='bbox 1131 2819 1415 2893; x_wconf 78' lang='lat' dir='ltr'>paradisicacipilur,</span> <span class='ocrx_word' id='word_1_593' title='bbox 1426 2822 1455 2873; x_wconf 83' lang='lat' dir='ltr'>ct</span> <span class='ocrx_word' id='word_1_594' title='bbox 1465 2817 1502 2872; x_wconf 87' lang='lat' dir='ltr'>ad</span> <span class='ocrx_word' id='word_1_595' title='bbox 1513 2816 1670 2890; x_wconf 87' lang='lat' dir='ltr'>pristinum</span> <span class='ocrx_word' id='word_1_596' title='bbox 1679 2816 1766 2870; x_wconf 86' lang='lat' dir='ltr'>libcr-</span> 
     </span>
    </p>
   </div>
   <div class='ocr_carea' id='block_1_29' title="bbox 963 2908 1768 3077">
    <p class='ocr_par' dir='ltr' id='par_1_30' title="bbox 963 2908 1768 3077">
     <span class='ocr_line' id='line_1_85' title="bbox 966 2908 1768 2986; baseline -0.014 -12"><span class='ocrx_word' id='word_1_597' title='bbox 966 2923 1057 2975; x_wconf 88' lang='lat' dir='ltr'>tolcm</span> <span class='ocrx_word' id='word_1_598' title='bbox 1069 2919 1189 2973; x_wconf 88' lang='lat' dir='ltr'>reditur.</span> <span class='ocrx_word' id='word_1_599' title='bbox 1201 2917 1369 2973; x_wconf 88' lang='lat' dir='ltr'>llomocnim</span> <span class='ocrx_word' id='word_1_600' title='bbox 1379 2913 1705 2986; x_wconf 78' lang='lat' dir='ltr'>concupiscentbruictus</span> <span class='ocrx_word' id='word_1_601' title='bbox 1717 2908 1768 2966; x_wconf 89' lang='lat' dir='ltr'>sub</span> 
     </span>
     <span class='ocr_line' id='line_1_86' title="bbox 963 2999 1766 3077; baseline -0.011 -19"><span class='ocrx_word' id='word_1_602' title='bbox 963 3010 1078 3077; x_wconf 81' lang='lat' dir='ltr'>peccato</span> <span class='ocrx_word' id='word_1_603' title='bbox 1091 3003 1273 3059; x_wconf 71' lang='lat' dir='ltr'>contundatur</span> <span class='ocrx_word' id='word_1_604' title='bbox 1284 3021 1290 3065; x_wconf 88' lang='lat'>;</span> <span class='ocrx_word' id='word_1_605' title='bbox 1302 3017 1367 3056; x_wconf 89' lang='lat' dir='ltr'>cum</span> <span class='ocrx_word' id='word_1_606' title='bbox 1375 2999 1466 3056; x_wconf 77' lang='lat' dir='ltr'>amaris</span> <span class='ocrx_word' id='word_1_607' title='bbox 1474 3000 1521 3071; x_wconf 87' lang='lat' dir='ltr'>qai</span> <span class='ocrx_word' id='word_1_608' title='bbox 1527 2999 1766 3070; x_wconf 71' lang='lat' dir='ltr'>pucitpcccotum,</span> 
     </span>
    </p>
   </div>
   <div class='ocr_carea' id='block_1_30' title="bbox 924 3087 1768 3189">
    <p class='ocr_par' dir='ltr' id='par_1_31' title="bbox 924 3087 1768 3189">
     <span class='ocr_line' id='line_1_87' title="bbox 924 3087 1768 3189; baseline -0.009 -41"><span class='ocrx_word' id='word_1_609' title='bbox 924 3126 949 3189; x_wconf 76' lang='lat' dir='ltr'>C</span> <span class='ocrx_word' id='word_1_610' title='bbox 963 3109 1060 3148; x_wconf 80' lang='lat' dir='ltr'>seruus</span> <span class='ocrx_word' id='word_1_611' title='bbox 1073 3092 1185 3164; x_wconf 86' lang='lat' dir='ltr'>peceati</span> <span class='ocrx_word' id='word_1_612' title='bbox 1199 3091 1353 3162; x_wconf 71' lang='lat' dir='ltr'>efficuntur·</span> <span class='ocrx_word' id='word_1_613' title='bbox 1365 3090 1396 3143; x_wconf 88' lang='lat' dir='ltr'>lu</span> <span class='ocrx_word' id='word_1_614' title='bbox 1405 3087 1635 3160; x_wconf 84' lang='lat' dir='ltr'>quinqunqesimo</span> <span class='ocrx_word' id='word_1_615' title='bbox 1650 3102 1768 3141; x_wconf 88' lang='lat' dir='ltr'>nurnero</span> 
     </span>
    </p>
   </div>
   <div class='ocr_carea' id='block_1_31' title="bbox 962 3175 1768 3514">
    <p class='ocr_par' dir='ltr' id='par_1_32' title="bbox 962 3175 1768 3514">
     <span class='ocr_line' id='line_1_88' title="bbox 963 3175 1768 3252; baseline -0.011 -16"><span class='ocrx_word' id='word_1_616' title='bbox 963 3182 1099 3236; x_wconf 82' lang='lat' dir='ltr'>denarius</span> <span class='ocrx_word' id='word_1_617' title='bbox 1113 3179 1262 3252; x_wconf 77' lang='lat' dir='ltr'>quinquies</span> <span class='ocrx_word' id='word_1_618' title='bbox 1278 3177 1508 3249; x_wconf 86' lang='lat' dir='ltr'>multiplicatur;</span> <span class='ocrx_word' id='word_1_619' title='bbox 1524 3178 1591 3248; x_wconf 86' lang='lat' dir='ltr'>quia</span> <span class='ocrx_word' id='word_1_620' title='bbox 1606 3178 1669 3246; x_wconf 90' lang='lat' dir='ltr'>post</span> <span class='ocrx_word' id='word_1_621' title='bbox 1686 3175 1768 3246; x_wconf 90' lang='lat' dir='ltr'>quin·</span> 
     </span>
     <span class='ocr_line' id='line_1_89' title="bbox 963 3264 1767 3343; baseline -0.011 -18"><span class='ocrx_word' id='word_1_622' title='bbox 963 3286 1015 3343; x_wconf 89' lang='lat' dir='ltr'>quc</span> <span class='ocrx_word' id='word_1_623' title='bbox 1029 3269 1128 3324; x_wconf 80' lang='lat' dir='ltr'>saculi</span> <span class='ocrx_word' id='word_1_624' title='bbox 1142 3273 1240 3324; x_wconf 78' lang='lat' dir='ltr'>ctatcs</span> <span class='ocrx_word' id='word_1_625' title='bbox 1255 3267 1384 3324; x_wconf 73' lang='lat' dir='ltr'>cbristus</span> <span class='ocrx_word' id='word_1_626' title='bbox 1399 3267 1479 3321; x_wconf 79' lang='lat' dir='ltr'>solers</span> <span class='ocrx_word' id='word_1_627' title='bbox 1497 3265 1645 3320; x_wconf 81' lang='lat' dir='ltr'>irorrrinum</span> <span class='ocrx_word' id='word_1_628' title='bbox 1660 3265 1688 3318; x_wconf 88' lang='lat' dir='ltr'>ct</span> <span class='ocrx_word' id='word_1_629' title='bbox 1701 3264 1767 3316; x_wconf 81' lang='lat' dir='ltr'>riter</span> 
     </span>
     <span class='ocr_line' id='line_1_90' title="bbox 962 3348 1762 3424; baseline -0.009 -19"><span class='ocrx_word' id='word_1_630' title='bbox 962 3354 1101 3409; x_wconf 73' lang='lat' dir='ltr'>«tenarius</span> <span class='ocrx_word' id='word_1_631' title='bbox 1119 3357 1293 3423; x_wconf 75' lang='lat' dir='ltr'>parceretur:</span> <span class='ocrx_word' id='word_1_632' title='bbox 1316 3367 1368 3424; x_wconf 87' lang='lat' dir='ltr'>per</span> <span class='ocrx_word' id='word_1_633' title='bbox 1391 3365 1474 3424; x_wconf 82' lang='lat' dir='ltr'>quem</span> <span class='ocrx_word' id='word_1_634' title='bbox 1491 3349 1615 3422; x_wconf 82' lang='lat' dir='ltr'>Spiritus</span> <span class='ocrx_word' id='word_1_635' title='bbox 1632 3348 1762 3411; x_wconf 81' lang='lat' dir='ltr'>suiectus,</span> 
     </span>
     <span class='ocr_line' id='line_1_91' title="bbox 963 3438 1522 3514; baseline -0.013 -17"><span class='ocrx_word' id='word_1_636' title='bbox 963 3443 1010 3514; x_wconf 89' lang='lat' dir='ltr'>qui</span> <span class='ocrx_word' id='word_1_637' title='bbox 1024 3445 1066 3497; x_wconf 88' lang='lat' dir='ltr'>cst</span> <span class='ocrx_word' id='word_1_638' title='bbox 1082 3441 1209 3496; x_wconf 86' lang='lat' dir='ltr'>remissio</span> <span class='ocrx_word' id='word_1_639' title='bbox 1216 3442 1410 3512; x_wconf 86' lang='lat' dir='ltr'>peccatorum,</span> <span class='ocrx_word' id='word_1_640' title='bbox 1426 3438 1522 3493; x_wconf 79' lang='lat' dir='ltr'>declar.</span> 
     </span>
    </p>
   </div>
   <div class='ocr_carea' id='block_1_32' title="bbox 1136 3569 1593 3640">
    <p class='ocr_par' dir='ltr' id='par_1_33' title="bbox 1136 3569 1593 3640">
     <span class='ocr_line' id='line_1_92' title="bbox 1136 3569 1593 3640; baseline -0.013 -12"><span class='ocrx_word' id='word_1_641' title='bbox 1136 3574 1175 3628; x_wconf 79' lang='lat' dir='ltr'>Dc</span> <span class='ocrx_word' id='word_1_642' title='bbox 1190 3572 1288 3635; x_wconf 81' lang='lat' dir='ltr'>tilulo,</span> <span class='ocrx_word' id='word_1_643' title='bbox 1309 3571 1428 3626; x_wconf 83' lang='lat' dir='ltr'>historic</span> <span class='ocrx_word' id='word_1_644' title='bbox 1443 3574 1471 3624; x_wconf 80' lang='lat' dir='ltr'>el</span> <span class='ocrx_word' id='word_1_645' title='bbox 1490 3569 1593 3640; x_wconf 76' lang='lat' dir='ltr'>fiqraru.</span> 
     </span>
    </p>
   </div>
   <div class='ocr_carea' id='block_1_33' title="bbox 961 3683 1768 4015">
    <p class='ocr_par' dir='ltr' id='par_1_34' title="bbox 961 3683 1768 4015">
     <span class='ocr_line' id='line_1_93' title="bbox 998 3683 1768 3758; baseline -0.009 -16"><span class='ocrx_word' id='word_1_646' title='bbox 998 3688 1104 3744; x_wconf 84' lang='lat' dir='ltr'>Titulus</span> <span class='ocrx_word' id='word_1_647' title='bbox 1119 3689 1200 3758; x_wconf 83' lang='lat' dir='ltr'>brrjrrs</span> <span class='ocrx_word' id='word_1_648' title='bbox 1223 3687 1320 3758; x_wconf 87' lang='lat' dir='ltr'>psalmi</span> <span class='ocrx_word' id='word_1_649' title='bbox 1335 3695 1398 3742; x_wconf 88' lang='lat' dir='ltr'>est:</span> <span class='ocrx_word' id='word_1_650' title='bbox 1426 3687 1525 3743; x_wconf 83' lang='lat' dir='ltr'>ll&#39;ans.</span> <span class='ocrx_word' id='word_1_651' title='bbox 1547 3686 1574 3749; x_wconf 94' lang='lat' dir='ltr'>l,</span> <span class='ocrx_word' id='word_1_652' title='bbox 1590 3684 1618 3754; x_wconf 69' lang='grc'>2)</span> <span class='ocrx_word' id='word_1_653' title='bbox 1634 3685 1667 3739; x_wconf 87' lang='lat' dir='ltr'>tn</span> <span class='ocrx_word' id='word_1_654' title='bbox 1680 3683 1768 3752; x_wconf 79' lang='lat' dir='ltr'>finem</span> 
     </span>
     <span class='ocr_line' id='line_1_94' title="bbox 964 3772 1768 3840; baseline -0.009 -10"><span class='ocrx_word' id='word_1_655' title='bbox 964 3776 1096 3830; x_wconf 72' lang='lat' dir='ltr'>l‘snlrnus</span> <span class='ocrx_word' id='word_1_656' title='bbox 1111 3774 1209 3837; x_wconf 77' lang='lat' dir='ltr'>aaran,</span> <span class='ocrx_word' id='word_1_657' title='bbox 1237 3791 1303 3828; x_wconf 83' lang='lat' dir='ltr'>crem</span> <span class='ocrx_word' id='word_1_658' title='bbox 1319 3776 1395 3827; x_wconf 74' lang='lat' dir='ltr'>renat</span> <span class='ocrx_word' id='word_1_659' title='bbox 1419 3773 1454 3826; x_wconf 85' lang='lat' dir='ltr'>nd</span> <span class='ocrx_word' id='word_1_660' title='bbox 1480 3788 1545 3826; x_wconf 86' lang='lat' dir='ltr'>euru</span> <span class='ocrx_word' id='word_1_661' title='bbox 1566 3772 1679 3826; x_wconf 79' lang='lat' dir='ltr'>ll&#39;ntlran</span> <span class='ocrx_word' id='word_1_662' title='bbox 1699 3785 1768 3840; x_wconf 86' lang='lat' dir='ltr'>pro·</span> 
     </span>
     <span class='ocr_line' id='line_1_95' title="bbox 961 3856 1765 3935; baseline -0.012 -17"><span class='ocrx_word' id='word_1_663' title='bbox 961 3863 1059 3935; x_wconf 79' lang='lat' dir='ltr'>patrata,</span> <span class='ocrx_word' id='word_1_664' title='bbox 1076 3863 1187 3934; x_wconf 87' lang='lat' dir='ltr'>quondo</span> <span class='ocrx_word' id='word_1_665' title='bbox 1202 3861 1373 3916; x_wconf 86' lang='lat' dir='ltr'>intranitnd</span> <span class='ocrx_word' id='word_1_666' title='bbox 1384 3858 1547 3914; x_wconf 79' lang='lat' dir='ltr'>Bellisobee.</span> <span class='ocrx_word' id='word_1_667' title='bbox 1568 3859 1641 3912; x_wconf 84' lang='lat' dir='ltr'>Nota</span> <span class='ocrx_word' id='word_1_668' title='bbox 1657 3865 1698 3910; x_wconf 89' lang='lat' dir='ltr'>est</span> <span class='ocrx_word' id='word_1_669' title='bbox 1709 3856 1765 3910; x_wconf 85' lang='lat' dir='ltr'>liis-</span> 
     </span>
     <span class='ocr_line' id='line_1_96' title="bbox 963 3945 1766 4015; baseline -0.01 -11"><span class='ocrx_word' id='word_1_670' title='bbox 963 3949 1039 4006; x_wconf 87' lang='lat' dir='ltr'>toria.</span> <span class='ocrx_word' id='word_1_671' title='bbox 1069 3951 1148 4005; x_wconf 85' lang='lat' dir='ltr'>Urias</span> <span class='ocrx_word' id='word_1_672' title='bbox 1179 3965 1251 4004; x_wconf 89' lang='lat' dir='ltr'>unus</span> <span class='ocrx_word' id='word_1_673' title='bbox 1279 3949 1313 4002; x_wconf 88' lang='lat' dir='ltr'>dr</span> <span class='ocrx_word' id='word_1_674' title='bbox 1347 3947 1463 4002; x_wconf 90' lang='lat' dir='ltr'>ducibus</span> <span class='ocrx_word' id='word_1_675' title='bbox 1505 3945 1592 4000; x_wconf 82' lang='lat' dir='ltr'>David</span> <span class='ocrx_word' id='word_1_676' title='bbox 1623 3945 1766 4015; x_wconf 87' lang='lat' dir='ltr'>pulcbmnr</span> 
     </span>
    </p>
   </div>
   <div class='ocr_carea' id='block_1_34' title="bbox 962 4032 1768 4466">
    <p class='ocr_par' dir='ltr' id='par_1_35' title="bbox 962 4032 1768 4466">
     <span class='ocr_line' id='line_1_97' title="bbox 963 4032 1768 4111; baseline -0.015 -16"><span class='ocrx_word' id='word_1_677' title='bbox 963 4053 1075 4095; x_wconf 79' lang='lat' dir='ltr'>uxorem</span> <span class='ocrx_word' id='word_1_678' title='bbox 1087 4039 1192 4102; x_wconf 85' lang='lat' dir='ltr'>lraboit,</span> <span class='ocrx_word' id='word_1_679' title='bbox 1208 4053 1288 4111; x_wconf 73' lang='lat' dir='ltr'>(quam</span> <span class='ocrx_word' id='word_1_680' title='bbox 1303 4053 1351 4092; x_wconf 88' lang='lat' dir='ltr'>rex</span> <span class='ocrx_word' id='word_1_681' title='bbox 1366 4052 1396 4091; x_wconf 89' lang='lat' dir='ltr'>se</span> <span class='ocrx_word' id='word_1_682' title='bbox 1407 4035 1576 4090; x_wconf 86' lang='lat' dir='ltr'>lmlueantem</span> <span class='ocrx_word' id='word_1_683' title='bbox 1592 4032 1768 4103; x_wconf 83' lang='lat' dir='ltr'>conspiciens</span> 
     </span>
     <span class='ocr_line' id='line_1_98' title="bbox 962 4122 1767 4199; baseline -0.012 -15"><span class='ocrx_word' id='word_1_684' title='bbox 962 4127 1129 4198; x_wconf 80' lang='lat' dir='ltr'>concupivit,</span> <span class='ocrx_word' id='word_1_685' title='bbox 1144 4127 1241 4182; x_wconf 85' lang='lat' dir='ltr'>adduci</span> <span class='ocrx_word' id='word_1_686' title='bbox 1260 4126 1399 4199; x_wconf 82' lang='lat' dir='ltr'>praecepit,</span> <span class='ocrx_word' id='word_1_687' title='bbox 1415 4141 1478 4180; x_wconf 89' lang='lat' dir='ltr'>cum</span> <span class='ocrx_word' id='word_1_688' title='bbox 1497 4139 1530 4179; x_wconf 87' lang='lat' dir='ltr'>ca</span> <span class='ocrx_word' id='word_1_689' title='bbox 1544 4122 1702 4180; x_wconf 88' lang='lat' dir='ltr'>concubuit.</span> <span class='ocrx_word' id='word_1_690' title='bbox 1720 4123 1767 4174; x_wconf 93' lang='lat' dir='ltr'>ln-</span> 
     </span>
     <span class='ocr_line' id='line_1_99' title="bbox 963 4216 1767 4290; baseline -0.01 -14"><span class='ocrx_word' id='word_1_691' title='bbox 963 4222 1041 4278; x_wconf 87' lang='lat' dir='ltr'>terim</span> <span class='ocrx_word' id='word_1_692' title='bbox 1058 4221 1100 4277; x_wconf 79' lang='lat' dir='ltr'>uir</span> <span class='ocrx_word' id='word_1_693' title='bbox 1117 4221 1177 4290; x_wconf 86' lang='lat' dir='ltr'>ejus</span> <span class='ocrx_word' id='word_1_694' title='bbox 1197 4221 1224 4274; x_wconf 95' lang='lat' dir='ltr'>in</span> <span class='ocrx_word' id='word_1_695' title='bbox 1246 4221 1391 4276; x_wconf 88' lang='lat' dir='ltr'>obsidione</span> <span class='ocrx_word' id='word_1_696' title='bbox 1406 4219 1546 4286; x_wconf 85' lang='lat' dir='ltr'>cujusdam</span> <span class='ocrx_word' id='word_1_697' title='bbox 1562 4216 1680 4273; x_wconf 75' lang='lat' dir='ltr'>ciuitatis</span> <span class='ocrx_word' id='word_1_698' title='bbox 1704 4231 1767 4270; x_wconf 87' lang='lat' dir='ltr'>curn</span> 
     </span>
     <span class='ocr_line' id='line_1_100' title="bbox 964 4304 1767 4368; baseline -0.011 -2"><span class='ocrx_word' id='word_1_699' title='bbox 964 4310 1086 4366; x_wconf 85' lang='lat' dir='ltr'>exercitu</span> <span class='ocrx_word' id='word_1_700' title='bbox 1110 4309 1247 4368; x_wconf 87' lang='lat' dir='ltr'>concedit.</span> <span class='ocrx_word' id='word_1_701' title='bbox 1271 4308 1320 4365; x_wconf 89' lang='lat' dir='ltr'>scd</span> <span class='ocrx_word' id='word_1_702' title='bbox 1336 4308 1448 4364; x_wconf 78' lang='lat' dir='ltr'>navidis</span> <span class='ocrx_word' id='word_1_703' title='bbox 1461 4306 1578 4364; x_wconf 86' lang='lat' dir='ltr'>consilio</span> <span class='ocrx_word' id='word_1_704' title='bbox 1597 4305 1711 4363; x_wconf 86' lang='lat' dir='ltr'>occisus</span> <span class='ocrx_word' id='word_1_705' title='bbox 1726 4304 1767 4358; x_wconf 90' lang='lat' dir='ltr'>iu·</span> 
     </span>
     <span class='ocr_line' id='line_1_101' title="bbox 964 4394 1764 4466; baseline -0.01 -12"><span class='ocrx_word' id='word_1_706' title='bbox 964 4399 1051 4456; x_wconf 88' lang='lat' dir='ltr'>teriit.</span> <span class='ocrx_word' id='word_1_707' title='bbox 1070 4399 1128 4455; x_wconf 89' lang='lat' dir='ltr'>lloc</span> <span class='ocrx_word' id='word_1_708' title='bbox 1144 4398 1225 4465; x_wconf 88' lang='lat' dir='ltr'>lactc,</span> <span class='ocrx_word' id='word_1_709' title='bbox 1241 4398 1315 4454; x_wconf 85' lang='lat' dir='ltr'>misit</span> <span class='ocrx_word' id='word_1_710' title='bbox 1334 4397 1466 4453; x_wconf 88' lang='lat' dir='ltr'>Dominus</span> <span class='ocrx_word' id='word_1_711' title='bbox 1481 4397 1588 4451; x_wconf 85' lang='lat' dir='ltr'>Natban</span> <span class='ocrx_word' id='word_1_712' title='bbox 1604 4394 1764 4466; x_wconf 81' lang='lat' dir='ltr'>proplietam</span> 
     </span>
    </p>
   </div>
   <div class='ocr_carea' id='block_1_35' title="bbox 925 4483 1766 4560">
    <p class='ocr_par' dir='ltr' id='par_1_36' title="bbox 925 4483 1766 4560">
     <span class='ocr_line' id='line_1_102' title="bbox 925 4483 1766 4560; baseline -0.01 -16"><span class='ocrx_word' id='word_1_713' title='bbox 925 4485 950 4544; x_wconf 85' lang='lat' dir='ltr'>b</span> <span class='ocrx_word' id='word_1_714' title='bbox 965 4489 1000 4542; x_wconf 89' lang='lat' dir='ltr'>ad</span> <span class='ocrx_word' id='word_1_715' title='bbox 1015 4489 1111 4556; x_wconf 82' lang='lat' dir='ltr'>Dauid,</span> <span class='ocrx_word' id='word_1_716' title='bbox 1128 4488 1175 4560; x_wconf 83' lang='lat' dir='ltr'>qai</span> <span class='ocrx_word' id='word_1_717' title='bbox 1189 4488 1216 4542; x_wconf 88' lang='lat' dir='ltr'>ei</span> <span class='ocrx_word' id='word_1_718' title='bbox 1231 4487 1391 4558; x_wconf 80' lang='lat' dir='ltr'>paradigma</span> <span class='ocrx_word' id='word_1_719' title='bbox 1411 4487 1445 4541; x_wconf 87' lang='lat' dir='ltr'>de</span> <span class='ocrx_word' id='word_1_720' title='bbox 1462 4501 1514 4542; x_wconf 85' lang='lat' dir='ltr'>ose</span> <span class='ocrx_word' id='word_1_721' title='bbox 1535 4493 1561 4540; x_wconf 89' lang='lat' dir='ltr'>et</span> <span class='ocrx_word' id='word_1_722' title='bbox 1575 4483 1682 4554; x_wconf 87' lang='lat' dir='ltr'>bospite</span> <span class='ocrx_word' id='word_1_723' title='bbox 1698 4498 1766 4554; x_wconf 89' lang='lat' dir='ltr'>pro-</span> 
     </span>
    </p>
   </div>
   <div class='ocr_carea' id='block_1_36' title="bbox 960 4571 1833 5636">
    <p class='ocr_par' dir='ltr' id='par_1_37' title="bbox 963 4571 1833 5093">
     <span class='ocr_line' id='line_1_103' title="bbox 964 4571 1762 4648; baseline -0.011 -16"><span class='ocrx_word' id='word_1_724' title='bbox 964 4578 1077 4648; x_wconf 84' lang='lat' dir='ltr'>posuit:</span> <span class='ocrx_word' id='word_1_725' title='bbox 1099 4593 1148 4647; x_wconf 87' lang='lat' dir='ltr'>per</span> <span class='ocrx_word' id='word_1_726' title='bbox 1170 4577 1245 4647; x_wconf 86' lang='lat' dir='ltr'>quod</span> <span class='ocrx_word' id='word_1_727' title='bbox 1268 4577 1292 4631; x_wconf 87' lang='lat' dir='ltr'>ei</span> <span class='ocrx_word' id='word_1_728' title='bbox 1316 4577 1422 4646; x_wconf 86' lang='lat' dir='ltr'>eulpam</span> <span class='ocrx_word' id='word_1_729' title='bbox 1439 4581 1625 4646; x_wconf 83' lang='lat' dir='ltr'>perpetratam</span> <span class='ocrx_word' id='word_1_730' title='bbox 1647 4571 1762 4641; x_wconf 84' lang='lat' dir='ltr'>objecit.</span> 
     </span>
     <span class='ocr_line' id='line_1_104' title="bbox 965 4664 1765 4735; baseline -0.01 -15"><span class='ocrx_word' id='word_1_731' title='bbox 965 4665 1051 4720; x_wconf 85' lang='lat' dir='ltr'>David</span> <span class='ocrx_word' id='word_1_732' title='bbox 1066 4679 1133 4719; x_wconf 85' lang='lat' dir='ltr'>rere</span> <span class='ocrx_word' id='word_1_733' title='bbox 1145 4664 1322 4720; x_wconf 84' lang='lat' dir='ltr'>commissam</span> <span class='ocrx_word' id='word_1_734' title='bbox 1337 4664 1429 4720; x_wconf 87' lang='lat' dir='ltr'>scelus</span> <span class='ocrx_word' id='word_1_735' title='bbox 1451 4677 1617 4735; x_wconf 79' lang='lat' dir='ltr'>agnoscens,</span> <span class='ocrx_word' id='word_1_736' title='bbox 1634 4669 1661 4716; x_wconf 84' lang='lat' dir='ltr'>et</span> <span class='ocrx_word' id='word_1_737' title='bbox 1686 4675 1765 4715; x_wconf 89' lang='lat' dir='ltr'>corn·</span> 
     </span>
     <span class='ocr_line' id='line_1_105' title="bbox 965 4749 1833 4823; baseline -0.01 -13"><span class='ocrx_word' id='word_1_738' title='bbox 965 4754 1141 4810; x_wconf 86' lang='lat' dir='ltr'>minationem</span> <span class='ocrx_word' id='word_1_739' title='bbox 1158 4754 1266 4808; x_wconf 87' lang='lat' dir='ltr'>Domini</span> <span class='ocrx_word' id='word_1_740' title='bbox 1288 4753 1435 4809; x_wconf 83' lang='lat' dir='ltr'>terribilem</span> <span class='ocrx_word' id='word_1_741' title='bbox 1457 4767 1657 4823; x_wconf 79' lang='lat' dir='ltr'>exprtsesccns,</span> <span class='ocrx_word' id='word_1_742' title='bbox 1674 4749 1766 4821; x_wconf 74' lang='lat' dir='ltr'>qimai·</span> <span class='ocrx_word' id='word_1_743' title='bbox 1824 4773 1833 4786; x_wconf 85' lang='lat'><strong>·</strong></span> 
     </span>
     <span class='ocr_line' id='line_1_106' title="bbox 964 4839 1765 4915; baseline -0.01 -17"><span class='ocrx_word' id='word_1_744' title='bbox 964 4845 1075 4900; x_wconf 85' lang='lat' dir='ltr'>tentiam</span> <span class='ocrx_word' id='word_1_745' title='bbox 1090 4859 1122 4898; x_wconf 84' lang='lat' dir='ltr'>ex</span> <span class='ocrx_word' id='word_1_746' title='bbox 1139 4844 1221 4898; x_wconf 88' lang='lat' dir='ltr'>corda</span> <span class='ocrx_word' id='word_1_747' title='bbox 1241 4842 1308 4915; x_wconf 78' lang='lat' dir='ltr'>egit,</span> <span class='ocrx_word' id='word_1_748' title='bbox 1329 4853 1355 4896; x_wconf 90' lang='lat' dir='ltr'>et</span> <span class='ocrx_word' id='word_1_749' title='bbox 1371 4845 1442 4898; x_wconf 89' lang='lat' dir='ltr'>bunc</span> <span class='ocrx_word' id='word_1_750' title='bbox 1456 4842 1591 4912; x_wconf 87' lang='lat' dir='ltr'>psalmum</span> <span class='ocrx_word' id='word_1_751' title='bbox 1614 4856 1665 4911; x_wconf 90' lang='lat' dir='ltr'>pro</span> <span class='ocrx_word' id='word_1_752' title='bbox 1681 4839 1765 4892; x_wconf 85' lang='lat' dir='ltr'>satis-</span> 
     </span>
     <span class='ocr_line' id='line_1_107' title="bbox 963 4927 1765 5004; baseline -0.009 -17"><span class='ocrx_word' id='word_1_753' title='bbox 963 4931 1078 4988; x_wconf 81' lang='lat' dir='ltr'>lnctione</span> <span class='ocrx_word' id='word_1_754' title='bbox 1094 4932 1257 5004; x_wconf 88' lang='lat' dir='ltr'>composuit,</span> <span class='ocrx_word' id='word_1_755' title='bbox 1278 4941 1305 4986; x_wconf 91' lang='lat' dir='ltr'>et</span> <span class='ocrx_word' id='word_1_756' title='bbox 1320 4931 1459 5002; x_wconf 84' lang='lat' dir='ltr'>pristinam</span> <span class='ocrx_word' id='word_1_757' title='bbox 1483 4931 1598 5003; x_wconf 79' lang='lat' dir='ltr'>gratiam</span> <span class='ocrx_word' id='word_1_758' title='bbox 1614 4945 1630 4983; x_wconf 92' lang='lat' dir='ltr'>a</span> <span class='ocrx_word' id='word_1_759' title='bbox 1647 4927 1765 4982; x_wconf 87' lang='lat' dir='ltr'>Domino</span> 
     </span>
     <span class='ocr_line' id='line_1_108' title="bbox 963 5022 1123 5093; baseline -0.013 -15"><span class='ocrx_word' id='word_1_760' title='bbox 963 5022 1123 5093; x_wconf 86' lang='lat' dir='ltr'>promeruit.</span> 
     </span>
    </p>

    <p class='ocr_par' dir='ltr' id='par_1_38' title="bbox 960 5105 1811 5636">
     <span class='ocr_line' id='line_1_109' title="bbox 998 5105 1765 5182; baseline -0.01 -18"><span class='ocrx_word' id='word_1_761' title='bbox 998 5111 1049 5166; x_wconf 87' lang='lat' dir='ltr'>llic</span> <span class='ocrx_word' id='word_1_762' title='bbox 1076 5127 1147 5182; x_wconf 63' lang='lat' dir='ltr'>erqo</span> <span class='ocrx_word' id='word_1_763' title='bbox 1165 5111 1290 5180; x_wconf 86' lang='lat' dir='ltr'>psalmus</span> <span class='ocrx_word' id='word_1_764' title='bbox 1309 5107 1454 5163; x_wconf 86' lang='lat' dir='ltr'>ascribitur</span> <span class='ocrx_word' id='word_1_765' title='bbox 1481 5106 1568 5161; x_wconf 78' lang='lat' dir='ltr'>Dauid</span> <span class='ocrx_word' id='word_1_766' title='bbox 1589 5105 1646 5172; x_wconf 68' lang='lat' dir='ltr'>rai</span> <span class='ocrx_word' id='word_1_767' title='bbox 1661 5112 1687 5158; x_wconf 91' lang='lat' dir='ltr'>et</span> <span class='ocrx_word' id='word_1_768' title='bbox 1703 5117 1765 5174; x_wconf 87' lang='lat' dir='ltr'>pru-</span> 
     </span>
     <span class='ocr_line' id='line_1_110' title="bbox 963 5191 1764 5271; baseline -0.009 -18"><span class='ocrx_word' id='word_1_769' title='bbox 963 5201 1062 5271; x_wconf 76' lang='lat' dir='ltr'>piratae,</span> <span class='ocrx_word' id='word_1_770' title='bbox 1078 5199 1125 5270; x_wconf 89' lang='lat' dir='ltr'>qui</span> <span class='ocrx_word' id='word_1_771' title='bbox 1139 5207 1198 5254; x_wconf 87' lang='lat' dir='ltr'>erat</span> <span class='ocrx_word' id='word_1_772' title='bbox 1213 5197 1362 5268; x_wconf 87' lang='lat' dir='ltr'>respiciens</span> <span class='ocrx_word' id='word_1_773' title='bbox 1376 5199 1409 5251; x_wconf 88' lang='lat' dir='ltr'>in</span> <span class='ocrx_word' id='word_1_774' title='bbox 1423 5197 1521 5264; x_wconf 71' lang='lat' dir='ltr'>praem,</span> <span class='ocrx_word' id='word_1_775' title='bbox 1538 5195 1564 5248; x_wconf 90' lang='lat' dir='ltr'>id</span> <span class='ocrx_word' id='word_1_776' title='bbox 1590 5203 1631 5247; x_wconf 89' lang='lat' dir='ltr'>est</span> <span class='ocrx_word' id='word_1_777' title='bbox 1647 5191 1674 5246; x_wconf 92' lang='lat' dir='ltr'>in</span> <span class='ocrx_word' id='word_1_778' title='bbox 1686 5193 1764 5246; x_wconf 81' lang='lat' dir='ltr'>Cbri·</span> 
     </span>
     <span class='ocr_line' id='line_1_111' title="bbox 963 5285 1762 5360; baseline -0.011 -18"><span class='ocrx_word' id='word_1_779' title='bbox 963 5296 1034 5342; x_wconf 89' lang='lat' dir='ltr'>stum</span> <span class='ocrx_word' id='word_1_780' title='bbox 1050 5305 1056 5344; x_wconf 94' lang='lat'>:</span> <span class='ocrx_word' id='word_1_781' title='bbox 1072 5305 1121 5359; x_wconf 90' lang='lat' dir='ltr'>per</span> <span class='ocrx_word' id='word_1_782' title='bbox 1134 5303 1216 5360; x_wconf 73' lang='lat' dir='ltr'>quiem</span> <span class='ocrx_word' id='word_1_783' title='bbox 1232 5288 1299 5342; x_wconf 83' lang='lat' dir='ltr'>vidit</span> <span class='ocrx_word' id='word_1_784' title='bbox 1314 5286 1366 5340; x_wconf 90' lang='lat' dir='ltr'>sibi</span> <span class='ocrx_word' id='word_1_785' title='bbox 1388 5285 1583 5340; x_wconf 84' lang='lat' dir='ltr'>remittendum</span> <span class='ocrx_word' id='word_1_786' title='bbox 1599 5290 1762 5351; x_wconf 64' lang='lat' dir='ltr'>precatum</span> 
     </span>
     <span class='ocr_line' id='line_1_112' title="bbox 962 5369 1763 5446; baseline -0.011 -14"><span class='ocrx_word' id='word_1_787' title='bbox 962 5378 1027 5432; x_wconf 89' lang='lat' dir='ltr'>dnm</span> <span class='ocrx_word' id='word_1_788' title='bbox 1039 5378 1157 5432; x_wconf 82' lang='lat' dir='ltr'>venitad</span> <span class='ocrx_word' id='word_1_789' title='bbox 1170 5393 1231 5431; x_wconf 82' lang='lat' dir='ltr'>cirin</span> <span class='ocrx_word' id='word_1_790' title='bbox 1246 5377 1351 5430; x_wconf 75' lang='lat' dir='ltr'>Nathan</span> <span class='ocrx_word' id='word_1_791' title='bbox 1367 5377 1509 5446; x_wconf 85' lang='lat' dir='ltr'>propbeta,</span> <span class='ocrx_word' id='word_1_792' title='bbox 1526 5372 1637 5443; x_wconf 83' lang='lat' dir='ltr'>qrronrle</span> <span class='ocrx_word' id='word_1_793' title='bbox 1654 5369 1763 5423; x_wconf 86' lang='lat' dir='ltr'>intrarit</span> 
     </span>
     <span class='ocr_line' id='line_1_113' title="bbox 962 5454 1811 5544; baseline -0.014 -13"><span class='ocrx_word' id='word_1_794' title='bbox 962 5477 997 5531; x_wconf 88' lang='lat' dir='ltr'>ad</span> <span class='ocrx_word' id='word_1_795' title='bbox 1025 5475 1191 5531; x_wconf 87' lang='lat' dir='ltr'>Betbsnbcc.</span> <span class='ocrx_word' id='word_1_796' title='bbox 1211 5475 1270 5529; x_wconf 89' lang='lat' dir='ltr'>lloc</span> <span class='ocrx_word' id='word_1_797' title='bbox 1292 5481 1338 5528; x_wconf 87' lang='lat' dir='ltr'>est</span> <span class='ocrx_word' id='word_1_798' title='bbox 1362 5471 1547 5544; x_wconf 84' lang='lat' dir='ltr'>quandocunr</span> <span class='ocrx_word' id='word_1_799' title='bbox 1572 5470 1679 5524; x_wconf 83' lang='lat' dir='ltr'>Natbnn</span> <span class='ocrx_word' id='word_1_800' title='bbox 1694 5483 1762 5537; x_wconf 89' lang='lat' dir='ltr'>pro·</span> <span class='ocrx_word' id='word_1_801' title='bbox 1805 5454 1811 5468; x_wconf 86' lang='lat'>&#39;</span> 
     </span>
     <span class='ocr_line' id='line_1_114' title="bbox 960 5559 1762 5636; baseline -0.007 -17"><span class='ocrx_word' id='word_1_802' title='bbox 960 5566 1042 5636; x_wconf 89' lang='lat' dir='ltr'>pbeta</span> <span class='ocrx_word' id='word_1_803' title='bbox 1056 5564 1206 5635; x_wconf 84' lang='lat' dir='ltr'>increparit</span> <span class='ocrx_word' id='word_1_804' title='bbox 1229 5579 1278 5634; x_wconf 87' lang='lat' dir='ltr'>pro</span> <span class='ocrx_word' id='word_1_805' title='bbox 1293 5560 1428 5617; x_wconf 89' lang='lat' dir='ltr'>adulterio</span> <span class='ocrx_word' id='word_1_806' title='bbox 1445 5559 1593 5613; x_wconf 83' lang='lat' dir='ltr'>commisso</span> <span class='ocrx_word' id='word_1_807' title='bbox 1610 5559 1762 5613; x_wconf 73' lang='lat' dir='ltr'>lbtbsabce</span> 
     </span>
    </p>
   </div>
   <div class='ocr_carea' id='block_1_37' title="bbox 962 5651 1763 5812">
    <p class='ocr_par' dir='ltr' id='par_1_39' title="bbox 962 5651 1763 5812">
     <span class='ocr_line' id='line_1_115' title="bbox 962 5651 1246 5709; baseline -0.004 0"><span class='ocrx_word' id='word_1_808' title='bbox 962 5663 988 5709; x_wconf 87' lang='lat' dir='ltr'>et</span> <span class='ocrx_word' id='word_1_809' title='bbox 1003 5651 1149 5708; x_wconf 87' lang='lat' dir='ltr'>homicidio</span> <span class='ocrx_word' id='word_1_810' title='bbox 1165 5653 1246 5708; x_wconf 76' lang='lat' dir='ltr'>Uriae.</span> 
     </span>
     <span class='ocr_line' id='line_1_116' title="bbox 996 5735 1763 5812; baseline -0.009 -15"><span class='ocrx_word' id='word_1_811' title='bbox 996 5743 1114 5808; x_wconf 88' lang='lat' dir='ltr'>Natban,</span> <span class='ocrx_word' id='word_1_812' title='bbox 1135 5741 1180 5812; x_wconf 90' lang='lat' dir='ltr'>qui</span> <span class='ocrx_word' id='word_1_813' title='bbox 1205 5740 1292 5795; x_wconf 86' lang='lat' dir='ltr'>David</span> <span class='ocrx_word' id='word_1_814' title='bbox 1317 5739 1352 5796; x_wconf 88' lang='lat' dir='ltr'>dc</span> <span class='ocrx_word' id='word_1_815' title='bbox 1380 5736 1540 5810; x_wconf 77' lang='lat' dir='ltr'>paenitentia</span> <span class='ocrx_word' id='word_1_816' title='bbox 1566 5736 1683 5802; x_wconf 89' lang='lat' dir='ltr'>monuit,</span> <span class='ocrx_word' id='word_1_817' title='bbox 1708 5735 1763 5790; x_wconf 92' lang='lat' dir='ltr'>dici</span> 
     </span>
    </p>
   </div>
   <div class='ocr_carea' id='block_1_38' title="bbox 0 0 1976 6067">
    <p class='ocr_par' dir='ltr' id='par_1_40' title="bbox 0 0 1976 6067">
     <span class='ocr_line' id='line_1_117' title="bbox 0 0 1976 6067; baseline 0 1"><span class='ocrx_word' id='word_1_818' title='bbox 0 0 1976 6067; x_wconf 95' lang='lat' dir='ltr'> </span> 
     </span>
    </p>
   </div>
  </div>
 </body>
</html>
