3942 6067
121 278 193 337 test
293 284 296 291 '

605 278 808 335 sustentetis
823 275 871 335 DE
884 272 1121 331 snunsttsrtto
1141 270 1296 329 stratus

1710 272 1779 335 teet

121 409 215 457 mento
240 399 326 457 reteri
356 399 513 458 reficiemur
553 402 657 475 nzymis
690 402 851 461 sinceritatis
890 394 1198 457 etADea'setbnrno.
1216 398 1306 453 Potest
1326 394 1536 469 aliquisdiccre
1559 395 1603 451 rel
1622 395 1773 453 mediteris

120 485 253 542 resitutis.
269 484 351 549 Quod
363 484 438 541 enirn
454 485 543 562 Grreei
556 486 703 546 immolent
726 488 761 544 de
785 486 918 543 fermento
972 490 1065 545 Durus
1075 490 1117 542 esi
1126 487 1171 545 ltin
1182 502 1282 554 sermo,
1295 484 1531 559 prepotestatem
1543 485 1643 541 andire
1654 485 1669 539 ⁶?
1682 484 1774 559 (donn.

119 574 155 629 sd
170 572 379 647 significandum
394 575 527 631 tumidum
540 574 660 649 Virginis
679 584 786 633 uterum
801 576 836 631 de
853 575 918 647 Spi-

120 663 173 719 ritu
191 671 291 726 ¹structo
317 663 537 736 impraegnatum,
567 682 622 722 non
651 666 785 723 consentit
810 671 920 721 sancto-

118 768 182 807 rum
214 752 331 809 Petrum
356 753 497 823 doctrinm,
526 754 589 828 quis
628 754 657 811 in
690 771 769 813 sacro
810 753 920 825 eloquio

118 857 262 915 nunquam
285 839 422 899 invenitur
444 842 611 901 fermentum
639 843 725 915 accipi
748 844 776 902 in
805 844 918 899 bonum.

120 928 202 999 Quod
230 929 259 987 in
285 938 379 989 nostro
407 947 459 990 usn
481 932 612 1005 loquendi
637 932 744 1001 dicitur,
765 948 866 1004 corpus
893 942 919 987 et

119 1018 238 1091 swgnis
263 1020 390 1085 sumitur,
418 1037 474 1076 non
500 1021 638 1095 intelligas
666 1022 823 1093 seperatim,
857 1036 917 1077 curn

121 1106 182 1180 ipse
208 1115 281 1163 totns
304 1108 429 1166 Christus
450 1118 478 1167 et
495 1110 604 1185 integer
616 1120 749 1169 sumatur.
768 1112 852 1167 Totus
866 1110 918 1167 sub

119 1204 235 1269 utraque
246 1197 341 1269 specie
354 1198 476 1269 puniret
497 1200 553 1255 riui
570 1215 576 1256 ι
593 1209 620 1255 ει
629 1202 681 1255 snb
694 1200 816 1273 qualibet
829 1200 917 1271 parti-

118 1286 183 1343 culs
195 1287 338 1359 utriusque
350 1288 453 1359 speciei
467 1298 553 1345 totus.
585 1290 651 1347 Inde
677 1298 719 1346 est
742 1290 817 1361 quod
839 1290 917 1359 panis

118 1384 147 1434 ct
162 1375 254 1432 risum
269 1393 323 1433 nnn
338 1386 479 1433 transeunt
502 1379 530 1435 in
557 1380 677 1435 divinem
702 1388 838 1444 usturam,
867 1379 916 1435 sed

117 1465 148 1521 in
170 1466 317 1523 humanam
332 1468 520 1523 substantiam.
534 1468 681 1525 Credimus
694 1468 766 1525 enim
789 1469 817 1523 in
835 1468 915 1525 Chri·

117 1562 163 1609 sto
177 1555 246 1610 duas
256 1555 343 1611 tuisse
353 1565 476 1624 nsturss,
487 1556 798 1615 dirinsmetbumsnsm
808 1577 817 1624 ;
826 1566 852 1613 rt
861 1566 917 1615 tres

116 1638 293 1707 snbstantias,
309 1639 430 1697 dirim
444 1657 555 1698 carnem
570 1650 596 1699 et
610 1642 740 1710 animam,
763 1642 915 1699 Athanasio

118 1735 264 1783 attestante
272 1729 317 1801 qui
324 1729 376 1786 ait:
390 1754 401 1778 ι
415 1730 589 1787 Sicutnnime
598 1731 915 1791 rationalisetcarnunus
931 1756 959 1819 B

116 1817 265 1887 esthemo,
281 1817 318 1873 its
332 1820 407 1875 Dens
417 1827 445 1877 et
458 1821 620 1878 humounus
631 1830 674 1877 est
683 1821 815 1879 Christus.
830 1843 843 1873 ι
855 1822 918 1891 lpse

115 1905 220 1977 estqui
243 1906 270 1961 in
290 1917 467 1967 sacramento
481 1910 667 1973 munducatur,
682 1919 710 1968 et
724 1911 852 1975 sumitur,
863 1924 919 1967 non

116 1994 359 2053 sicuteliuseibus
373 1997 553 2057 manducanti
576 1998 773 2071 incorporatur,
799 2000 848 2055 scd
871 1998 918 2071 qui

115 2083 353 2142 mnnducstdebct
364 2086 393 2143 ei
405 2102 456 2157 per
468 2086 552 2145 fldem
568 2094 596 2145 et
609 2087 783 2145 dilectionem
792 2088 919 2159 incorpo·

114 2171 181 2230 rasi.
197 2174 229 2229 ln
241 2173 459 2245 proprislorms
479 2190 537 2233 non
556 2176 683 2245 sumitur,
715 2194 750 2235 ns
772 2178 920 2235 sbburrest

113 2261 250 2320 humanus
260 2262 372 2321 animus
385 2272 415 2326 ut
430 2263 500 2321 tides
512 2266 718 2337 comprobetur.
737 2266 771 2321 br
782 2282 919 2338 prspere·

114 2348 192 2407 unus
202 2351 286 2423 penis
311 2360 337 2411 et
364 2352 430 2417 nini,
448 2368 520 2425 nque
531 2354 595 2412 rino
608 2354 751 2420 miscetur,
764 2363 796 2411 nt
812 2364 918 2413 utrum-

112 2452 168 2511 que
189 2440 225 2497 de
253 2440 341 2499 littere
369 2442 479 2499 Domini
503 2443 616 2501 ducisse
630 2452 806 2514 memoretur,
821 2445 850 2501 in
864 2462 918 2517 qun

111 2528 196 2584 etism
209 2528 381 2602 significatur
394 2546 445 2587 nos
460 2547 511 2603 per
525 2547 625 2604 aqueus
639 2542 669 2592 et
680 2534 844 2605 sanguinem
860 2534 919 2591 sel-

113 2616 188 2673 tnri.
197 2620 302 2690 hqusnn
316 2618 379 2678 dicu
393 2618 536 2691 baptismi,
551 2622 715 2695 sangninem
727 2623 793 2679 lesu
808 2622 917 2690 Christi,

108 2721 225 2777 qnorum
239 2714 368 2765 neruum
382 2709 505 2778 prodest,
532 2710 556 2765 si
570 2710 643 2769 desit
655 2712 787 2770 alterum.
805 2711 918 2779 Quoties

974 579 1025 643 rt.)
1046 578 1175 633 Attendnt
1194 583 1364 647 operantem,
1390 572 1490 647 cogitet
1512 574 1727 647 omnipotentem
1748 582 1776 632 et

974 664 1080 722 desinet
1097 665 1200 733 nrirnri,
1223 664 1286 737 quia
1301 679 1472 739 quecunque
1487 664 1576 721 noluit
1591 664 1661 735 fecit
1672 662 1770 735 (Psnl.

973 752 1065 823 nxttr).
1082 750 1211 823 Quinaris
1223 766 1303 808 cruce
1320 752 1469 825 signamus,
1485 756 1513 805 ut
1528 767 1582 806 non
1597 767 1670 820 cum,
1687 766 1703 806 a
1718 763 1773 825 qun

973 841 1062 899 otnnis
1073 838 1257 907 sanctificatio,
1267 840 1476 909 sanctitiocmus,
1489 840 1537 895 sed
1546 848 1574 895 ut
1582 838 1696 897 vulnere
1705 856 1772 911 pen·

973 929 1064 987 dentis
1078 930 1105 985 in
1120 946 1200 986 eruce
1215 928 1268 985 duo
1284 946 1419 995 manuum,
1444 928 1498 984 duo
1520 929 1631 1001 pedum,
1648 929 1771 1001 quintum

973 1018 1068 1077 leteris
1082 1018 1209 1075 flebiliter
1223 1027 1250 1075 et
1270 1018 1368 1075 devote
1383 1016 1537 1075 recolamus
1552 1035 1558 1085 ;
1574 1018 1673 1075 abhinc
1687 1018 1769 1088 enirn,
1850 1070 1852 1077 .

973 1124 1060 1181 usque
1075 1108 1138 1165 dum
1152 1106 1293 1179 corporale
1308 1106 1427 1179 desuper
1441 1107 1555 1163 calicem
1571 1106 1694 1163 tollatur.
1711 1110 1773 1163 Post

973 1196 1207 1255 consecrationem
1218 1212 1347 1269 rogemus
1360 1196 1476 1265 Putrem,
1488 1204 1516 1251 ut
1526 1212 1610 1268 super
1620 1194 1690 1252 donn
1700 1213 1772 1269 prue-

972 1286 1044 1343 dieta
1060 1285 1186 1357 respiciet
1198 1293 1223 1340 et
1239 1292 1348 1356 accepts
1363 1278 1475 1343 hubent.
1501 1284 1558 1342 Sed
1573 1300 1634 1343 cnm
1651 1284 1723 1349 Petri
1737 1282 1772 1341 li-

972 1373 1009 1429 lio
1026 1372 1090 1429 nihil
1107 1373 1143 1427 sit
1158 1370 1306 1445 acceptius,
1320 1388 1400 1444 quem
1413 1372 1532 1447 propitio
1543 1380 1570 1428 ct
1584 1388 1682 1431 sereno
1696 1373 1773 1431 uultu
1826 1448 1829 1451 Ι
1862 1410 1866 1425 .

972 1478 1081 1533 semper
1096 1460 1148 1517 sibi
1164 1462 1250 1519 Deum
1275 1461 1409 1535 aequalem
1436 1460 1554 1517 intuetur
1578 1477 1583 1516 :
1608 1462 1674 1535 qnid
1696 1461 1773 1518 eliud

971 1567 1089 1621 oramus,
1098 1550 1161 1606 nisit
1176 1558 1205 1605 ut
1219 1550 1356 1605 mediante
1371 1555 1397 1605 ct
1411 1548 1600 1623 interpellante
1615 1548 1772 1606 Filionnbis

970 1641 1044 1697 Deus
1058 1637 1105 1695 fist
1120 1638 1262 1709 placabilis
1275 1646 1299 1695 et
1314 1638 1458 1712 propitius,
1475 1642 1502 1694 et
1517 1654 1567 1711 per
1582 1654 1645 1694 eum
1661 1639 1706 1711 qui
1721 1638 1773 1694 sibi

973 1727 1065 1800 piacet
1079 1728 1104 1785 ei
1120 1727 1295 1799 placeamns‘l
1304 1728 1398 1800 iteqtre
1410 1743 1521 1785 oremus
1535 1743 1595 1783 eum
1604 1742 1654 1801 per
1663 1726 1721 1784 haec
1731 1744 1774 1783 sn-

974 1815 1077 1875 cribein
1092 1813 1172 1873 nobis
1187 1816 1344 1873 miserendo
1359 1817 1496 1889 placetum
1526 1814 1598 1878 lieri.
1628 1815 1698 1873 sicut
1718 1816 1772 1871 mi-

973 1915 1065 1963 sertus
1091 1914 1132 1962 est
1151 1906 1275 1979 patribus
1289 1905 1368 1961 nobis
1383 1906 1556 1978 propitiando
1572 1920 1667 1961 eorum
1683 1904 1772 1976 secri-

973 1992 1055 2051 ficiis.
1078 1994 1153 2055 Unde
1168 1994 1325 2051 attendens
1341 2002 1382 2051 est
1396 1994 1456 2052 haec
1469 1994 1636 2067 comparatio
1664 1992 1692 2050 in
1713 1994 1773 2053 snle

973 2082 1162 2153 similitudine,
1180 2099 1233 2139 non
1248 2082 1276 2142 in
1291 2084 1449 2155 quentitete,
1466 2090 1568 2139 necest
1581 2080 1723 2139 referende
1738 2084 1774 2143 nd

973 2170 1118 2241 sacrificia,
1143 2172 1192 2229 sed
1216 2173 1252 2228 ed
1281 2170 1454 2231 offerentium
1469 2179 1542 2229 rote.
1563 2170 1626 2229 Plus
1641 2172 1713 2229 velet
1729 2188 1773 2230 res

973 2277 1056 2337 quam
1073 2260 1171 2335 figura.
1189 2260 1323 2319 Omnibus
1348 2258 1491 2317 sacrificiis
1511 2256 1644 2333 praecellit
1666 2260 1775 2322 Eucha-

973 2352 1065 2419 risum
1082 2360 1124 2409 est
1138 2360 1229 2407 sutem
1246 2350 1306 2406 telis
1322 2349 1480 2417 similitudo,
1501 2356 1530 2410 ut
1546 2354 1619 2407 recte
1633 2349 1775 2409 offerendo

973 2440 1077 2499 similes
1096 2440 1182 2497 simus
1207 2440 1331 2513 patribus
1349 2439 1452 2496 nostris
1465 2438 1513 2513 qui
1528 2447 1602 2512 recte
1618 2440 1778 2497 obtulerunt

972 2538 999 2585 et
1028 2538 1100 2587 recte
1122 2530 1286 2587 diviserunt.
1319 2528 1387 2585 Tres
1408 2545 1502 2585 eornm
1519 2528 1650 2600 nominat,
1668 2529 1732 2605 quin
1747 2528 1775 2586 in

973 2634 1067 2673 eorum
1083 2614 1224 2675 sacrificiis
1238 2618 1405 2689 praesignata
1432 2626 1474 2673 est
1497 2616 1587 2673 bostis
1615 2634 1666 2691 per
1694 2634 1775 2693 quem

973 2704 1058 2763 fracte
1074 2713 1135 2763 sunt
1151 2715 1265 2763 terters.
1298 2706 1368 2763 Abel
1394 2721 1442 2763 nor
1468 2706 1623 2772 contritum,
1641 2713 1667 2762 et
1682 2707 1774 2762 humi-

110 2794 164 2851 boc
190 2794 496 2861 mnfirtrnnsrnnrtern
524 2799 634 2855 Domini
657 2800 859 2869 renuntiamus,
875 2801 918 2857 aet
972 2792 1066 2851 lictum
1080 2794 1138 2853 Deo
1152 2794 1259 2861 obtulit,
1275 2802 1303 2854 et
1330 2811 1360 2851 se
1388 2794 1448 2850 Deo
1472 2800 1558 2852 totum
1586 2794 1772 2864 committens,

109 2891 354 2951 rentaenenumus.
371 2886 450 2944 Unde
467 2888 658 2946 nememoria
679 2890 829 2947 Dominicis
852 2906 917 2961 psc-
972 2884 1028 2943 sibi
1052 2901 1087 2967 ‚⁵⁸
1120 2901 1174 2941 non
1202 2882 1320 2951 retinuit,
1348 2890 1422 2941 recte
1445 2882 1543 2939 obtulit
1571 2893 1598 2940 et
1617 2882 1771 2951 recte.di-

108 2970 196 3029 sionis
208 2972 319 3029 lrbrtur
335 2974 371 3031 de
384 2975 519 3039 cordibus
531 2978 644 3044 nostris,
670 2979 721 3037 sed
748 2986 778 3035 ut
803 2977 915 3037 crucili-
972 2973 1054 3043 risit,
1070 2980 1097 3031 ct
1117 2973 1179 3033 ideo
1194 2972 1326 3031 Dominus
1348 2972 1383 3029 nd
1410 2988 1523 3040 munere
1550 2970 1611 3043 ejns
1638 2971 1769 3043 respexit,

106 3069 208 3134 gentes
229 3063 414 3135 nosmetipsos
436 3081 499 3124 curn
530 3065 603 3123 vitiis
627 3074 655 3123 et
682 3068 911 3138 concupiscentiis
971 3061 1038 3119 Cnin
1054 3077 1118 3119 vero
1132 3062 1267 3133 peccavit,
1281 3060 1345 3134 quin
1360 3060 1423 3119 etsi
1437 3077 1554 3131 munere
1582 3052 1642 3135 quse
1656 3052 1772 3121 debebat

106 3150 209 3205 mortui
223 3160 349 3221 peccstn,
371 3153 495 3211 visontes
513 3155 572 3212 Deo
585 3155 819 3228 ⁴interpelletione
833 3157 909 3227 ejus·
926 3112 1035 3216 Gneo,
1051 3150 1193 3207 reddendo
1207 3158 1285 3209 recte
1300 3148 1397 3208 obtulit
1421 3144 1503 3209 male
1522 3143 1624 3237 divisit,
1652 3149 1716 3225 quie
1738 3166 1769 3209 se

107 3238 172 3295 dem
186 3238 245 3296 Filii
258 3240 294 3297 ed
309 3240 395 3299 vitum
409 3246 669 3315 resurgemus,baen
680 3254 859 3305 apposuere
868 3246 910 3303 of.
964 3239 1018 3295 sibi
1033 3239 1154 3297 retinnit.
1163 3237 1336 3313 iniquitatem
1345 3238 1372 3296 in
1383 3236 1527 3300 cordesuo
1538 3236 1655 3320 espesit,
1667 3246 1694 3305 et
1706 3238 1769 3295 iden

106 3326 221 3385 ierimus
234 3336 261 3385 et
275 3330 329 3387 boc
343 3338 385 3387 est
399 3332 474 3402 qiud
487 3333 610 3404 seqnitur
631 3352 639 3389 ε
663 3335 737 3394 dode
759 3341 788 3392 st
802 3352 908 3393 mmo·
966 3328 1041 3385 Deus
1057 3344 1119 3387 eum
1135 3328 1347 3389 nonexaurlirit.
1366 3328 1504 3388 Abrabam
1518 3345 1548 3387 se
1561 3326 1770 3385 Dentatumnb·

106 3432 163 3481 rec,
178 3424 234 3475 etc.
252 3417 357 3475 Omnes
368 3418 498 3487 educet,
513 3421 562 3494 qui
574 3423 664 3481 ildeet
676 3425 796 3497 operein
804 3424 908 3482 enimse
962 3418 1022 3475 tulit
1039 3436 1046 3477 ;
1063 3434 1144 3490 quem
1160 3418 1236 3475 Deus
1249 3408 1434 3491 precipiendo
1448 3414 1532 3477 filiurn
1548 3416 1769 3492 immolassem·

105 3504 239 3563 Kretenia
252 3508 419 3566 comminus,
441 3512 510 3567 cm
523 3519 619 3567 susem
633 3513 767 3570 pominus
780 3514 809 3569 i„
824 3514 907 3569 mins.
962 3504 1173 3581 minevitffien.
1183 3503 1510 3579 xxn).lielcbisedechin
1520 3502 1630 3565 sublimi
1639 3497 1767 3567 consumit

104 3594 191 3655 sterio
210 3604 313 3655 nostres
326 3598 526 3670 redemptionis
550 3600 636 3657 mtdtrt
649 3601 719 3657 mire
736 3611 765 3660 et
787 3604 908 3662 inaudite
962 3604 1057 3676 posuit
1071 3604 1170 3661 ntideo
1181 3604 1766 3683 meruitprmnnscere,etinsacrificiifrgurs
1800 3593 1806 3603 “
1856 3680 1860 3689 Ι

104 3682 220 3756 egisset,
227 3684 311 3743 trium
321 3688 541 3756 eorum,scilicet
548 3689 694 3760 minsis,
702 3692 908 3749 resurrectionis
963 3716 1064 3773 penem
1080 3708 1107 3757 et
1118 3700 1209 3759 vinum
1225 3699 1335 3759 offerre.
1352 3702 1455 3775 ltaque,
1466 3700 1764 3764 sirclurnussicutnrc·

103 3780 133 3829 et
146 3774 325 3841 ascensionis,
339 3774 370 3831 fit
383 3778 607 3835 commemoratio
630 3796 681 3852 per
704 3798 767 3853 qun
779 3780 851 3841 iacta
865 3790 907 3840 est
959 3813 1031 3866 m,
1048 3798 1176 3870 pupibus
1187 3796 1451 3869 „minimuum
1462 3814 1513 3871 per
1522 3798 1693 3871 iniquitatem
1702 3801 1762 3863 Dan

103 3870 208 3919 nostrae
220 3864 316 3919 salutis
330 3866 491 3937 completio.
511 3868 618 3941 Corpus
630 3877 657 3925 et
669 3869 784 3941 singnis
797 3871 906 3928 Domini
961 3910 1009 3951 ω,
1024 3904 1146 3951 nomm
1161 3911 1215 3952 no„
1235 3894 1394 3965 offeramus,
1420 3897 1470 3953 sed
1493 3897 1520 3953 pn
1544 3897 1657 3953 „sirmi
1682 3898 1762 3955 ,pm

103 3958 175 4015 dona
189 3968 293 4018 suntet
307 3963 387 4033 dnts;
404 3980 468 4021 narn
479 3964 551 4024 donn
564 3974 629 4023 sunt
642 3968 685 4024 rel
696 3967 833 4039 dicuntur,
844 3986 906 4043 quae
960 3992 1132 4063 peponum,
1147 4008 1196 4049 00,
1209 4002 1342 4062 nomm,
1357 3992 1461 4051 ,emese
1475 3994 1502 4049 ρ,
1516 4002 1666 4067 mum„
1686 3995 1759 4052 devs.

102 4066 167 4123 sunt
182 4057 209 4113 in
222 4067 357 4130 potestate
373 4060 510 4128 docentis,
526 4062 591 4120 dats
617 4062 646 4119 in
671 4081 751 4121 runnu
767 4065 905 4138 recipien·
958 4096 1002 4139 η
1014 4082 1175 4153 mejam,
1192 4090 1218 4143 er
1242 4082 1332 4139 sobri„
1359 4091 1388 4141 ρ)
1411 4083 1459 4155 pis
1484 4092 1511 4139 er
1531 4084 1605 4153 jusus
1628 4084 1757 4154 pisendo,

102 4154 150 4208 tis.
169 4155 247 4213 Unde
261 4157 410 4214 ebmternn
425 4168 487 4215 sunt
502 4159 562 4221 baec
584 4160 655 4217 donn
679 4170 706 4217 et
730 4162 755 4217 in
781 4170 905 4235 ternpore
958 4178 1109 4249 propitium
1123 4188 1150 4237 er
1163 4178 1300 4251 plenarum
1312 4179 1485 4240 inveniemus
1499 4196 1562 4240 sum
1591 4180 1682 4246 mnis.
1701 4184 1760 4248 flos

101 4250 184 4305 nobis
197 4250 274 4307 dete.
294 4250 347 4321 Qui
362 4253 529 4325 immoletur,
554 4260 613 4328 ipse
641 4266 683 4315 est
705 4259 795 4315 hostin
822 4275 902 4332 pure,
956 4286 1052 4337 „mm
1066 4286 1108 4335 est
1121 4278 1194 4351 qnod
1207 4279 1237 4335 in
1252 4279 1502 4353 sequentiorsmns
1523 4279 1646 4340 dicentes
1663 4300 1672 4339 ε
1690 4284 1758 4345 bite

101 4357 205 4417 saecu,
218 4357 245 4405 et
257 4350 542 4427 transcendemus
553 4356 613 4412 sine
628 4358 905 4433 macule,qnipeccrr-
959 4376 1018 4433 pm
1031 4378 1164 4449 puppem
1177 4392 1227 4449 W
1241 4393 1344 4437 mmm
1359 4380 1456 4440 ,mu
1468 4380 1569 4451 amru
1588 4381 1642 4451 sps,
1658 4396 1714 4441 m
1728 4390 1758 4441 us

102 4448 235 4503 'imm
248 4449 328 4519 sicile
340 4466 393 4507 ²²⁶⁶
408 4450 542 4509 invem&
553 4453 683 4510 “wilini
698 4455 730 4511 in
740 4456 897 4529 02'831'1‘50·
916 4476 944 4541 υ
959 4472 1081 4531 cbristus
1095 4474 1243 4531 mutetione
1257 4474 1310 4535 toci
1327 4478 1460 4536 ascendet
1471 4492 1583 4554 semper
1597 4478 1633 4537 sd
1647 4480 1757 4540 Patrem

99 4545 178 4599 Petr.
194 4546 236 4619 ιι).
253 4547 347 4603 llostin
363 4548 412 4603 tuit
426 4566 494 4621 pars
509 4550 536 4606 in
550 4552 688 4623 passione,
702 4563 797 4609 sancta
812 4564 838 4611 et
851 4556 902 4609 im·
954 4574 1001 4644 qui
1015 4573 1118 4631 „simp
1132 4572 1216 4631 puppi
1231 4574 1319 4634 perp-13
1332 4575 1514 4648 immun,
1527 4594 1579 4649 pm
1593 4580 1684 4647 nobis,
1706 4580 1756 4639 sed

98 4643 225 4699 mortalis
240 4645 268 4701 in
285 4650 493 4716 resurrectione,
504 4651 638 4722 preeclnre
652 4660 681 4707 et
695 4652 860 4727 prefulgens
873 4656 900 4710 in
955 4680 989 4728 up
1008 4671 1118 4729 deporto
1131 4679 1224 4729 nostra
1239 4671 1390 4743 perferetur
1405 4690 1456 4747 per
1471 4690 1568 4741 munus
1585 4677 1677 4736 sensti
1700 4692 1755 4736 sn.

98 4744 273 4799 escensione.
286 4744 369 4800 Panis
380 4755 422 4801 cst
433 4747 505 4815 ritae,
514 4764 568 4804 non
577 4750 658 4821 panis
672 4752 700 4806 in
714 4770 770 4826 qno
783 4753 898 4819 ridetur,
953 4770 1019 4843 μη,
1033 4768 1059 4827 jd
1074 4778 1118 4827 ρει
1128 4786 1180 4842 pe„
1194 4770 1291 4829 pilium
1305 4780 1381 4829 [uum
1397 4772 1445 4844 que
1455 4779 1500 4829 231
1515 4773 1611 4847 ἁμαρ
1623 4782 1681 4841 ιρι,
1706 4790 1757 4845 per

97 4836 148 4893 sad
163 4835 210 4891 ille
225 4854 277 4911 quo
288 4838 412 4900 homines
428 4853 455 4900 et
467 4845 561 4917 angeli
574 4846 743 4907 reficiuntur.
761 4851 900 4908 Enbomi·
952 4882 1037 4939 quam
1051 4866 1143 4923 omnin
1165 4868 1300 4939 opereris,
1326 4877 1353 4924 et
1372 4868 1490 4941 angelus
1513 4869 1607 4942 messi
1633 4870 1752 4942 manilii,

97 4935 304 4991 nesutnntnrin
315 4938 470 5009 medicina;
485 4944 578 5015 angeli
589 4944 617 5001 in
628 4946 787 5005 deliciarum
797 4949 896 5023 gloria.
952 4980 1003 5035 pe,-
1016 4980 1097 5037 quem
1121 4965 1212 5021 omni„
1226 4965 1374 5035 minim,
1390 4974 1417 5026 er
1430 4965 1563 5039 dimonte,
1579 4983 1670 5035 prm,
1686 4984 1752 5025 sm.

98 5032 150 5089 ilic
170 5033 249 5105 penis
268 5032 296 5089 in
311 5038 442 5105 presenti
457 5040 503 5095 dnt
513 5042 714 5111 justificetionis
735 5047 848 5121 glorium
870 5048 898 5107 in
952 5062 1265 5123 „praemonstrantium
1281 5064 1343 5134 ipss
1357 5069 1398 5124 est
1411 5070 1578 5133 conspectus
1600 5063 1700 5130 Petris.
1722 5066 1751 5123 id

96 5130 191 5189 tuturo
205 5139 380 5200 cutem,cum
395 5136 502 5208 angelis
516 5138 680 5199 ineffabilem
695 5142 897 5215 loetitinm,cum
951 5169 994 5217 est
1021 5161 1154 5233 sapientis
1177 5176 1227 5234 per
1254 5176 1337 5233 quern
1361 5160 1441 5217 Peter
1467 5158 1534 5219 insit
1560 5168 1588 5220 et
1613 5162 1746 5235 disponit.

97 5228 240 5285 unasitet
257 5231 353 5288 eedem
383 5249 429 5291 res
454 5238 629 5307 sacrementi,
658 5258 709 5299 nce
735 5258 837 5315 corpus
863 5245 897 5301 sit
951 5256 1072 5331 meoque
1086 5257 1250 5331 peripsum,
1265 5265 1292 5315 ρ)
1304 5256 1335 5316 ιη
1348 5254 1423 5327 1950,
1437 5264 1464 5315 ρ)
1485 5264 1548 5316 mre
1571 5257 1663 5329 ipsum
1683 5274 1749 5331 pre.

97 5326 157 5382 sine
180 5329 325 5399 sanguine,
355 5348 408 5389 nec
433 5335 546 5407 cangius
561 5337 621 5397 sine
635 5354 760 5413 corpore,
786 5342 896 5403 divisim
951 5360 1046 5405 untur
1073 5354 1137 5405 rote
1156 5354 1252 5406 nostra
1276 5343 1405 5417 perferri.
1437 5344 1507 5417 Qnts
1530 5346 1604 5419 snitu
1628 5346 1751 5424 perferre

97 5431 188 5481 temen
204 5434 231 5483 et
243 5427 386 5498 pluraliter
410 5430 561 5505 icquitnur,
582 5451 638 5495 non
653 5452 706 5511 pro
725 5437 897 5500 distinctione
950 5452 1042 5516 potest
1056 5443 1109 5501 nisi
1121 5443 1226 5517 illecui
1236 5442 1273 5502 sit
1285 5443 1321 5503 ed
1332 5444 1439 5501 Patrem
1455 5458 1462 5499 :
1477 5446 1573 5512 Palen
1583 5462 1751 5520 semperne

96 5536 198 5589 rerum,
210 5524 258 5580 sed
273 5541 323 5596 pro
338 5529 412 5585 reris
428 5528 515 5587 lnrms
528 5532 696 5602 specierum.
713 5536 750 5593 ttt
761 5552 825 5597 cum
835 5555 893 5597 sen·
947 5542 1033 5603 endis
1048 5542 1140 5613 (loun.
1150 5544 1202 5613 st),
1226 5548 1257 5597 et
1279 5540 1307 5602 in
1329 5556 1384 5615 quo
1398 5542 1594 5607 interemtum
1608 5551 1747 5606 ettetrsnr

97 5618 160 5691 guis
186 5624 342 5683 nominetur
367 5627 397 5685 in
423 5628 519 5698 ccbce,
542 5646 644 5705 corpus
667 5640 744 5691 ertrn
770 5636 893 5711 ralinem
948 5640 1063 5707 cressit,
1078 5647 1106 5695 et
1124 5654 1179 5712 quo
1201 5638 1291 5697 omnis
1306 5639 1448 5701 sublinit.
1477 5640 1699 5706 Quod-sumitur
1720 5642 1748 5699 in

97 5716 245 5795 utrobique
259 5726 384 5788 credatur
397 5744 461 5788 esse
474 5736 503 5789 ct
516 5730 544 5787 in
553 5732 639 5791 calice
651 5742 680 5791 ει
693 5744 769 5793 extra
782 5738 896 5799 calicem
948 5737 1039 5805 alteri,
1055 5752 1110 5797 non
1123 5736 1239 5810 prodest
1251 5734 1311 5795 sine
1323 5736 1413 5811 gratia
1428 5736 1573 5811 spirituali.
1593 5740 1672 5799 liudo
1684 5752 1748 5797 crt-
