3942 6067
86 318 156 371 roos
388 292 569 368 srucuiuu
584 302 771 366 anacastra.
790 328 825 342 -
842 298 890 355 un
910 298 941 355 s.
966 296 1135 359 unuarcro
1155 300 1199 357 ur
1217 298 1331 361 socrus
1349 300 1444 361 erus.
1681 318 1750 376 400⁶

86 436 267 496 tonitruorum
282 436 450 491 immam„
476 436 553 506 Aqua
575 444 684 504 quoque
712 444 762 500 per
783 422 888 481 listulas
904 422 932 483 Α
946 422 1100 481 diademate
1125 425 1224 495 nitens,
1254 442 1325 501 equo
1350 430 1480 501 superbo,
1510 433 1560 490 sed
1579 434 1641 492 viiia
1668 443 1748 501 aselli

91 528 216 585 occultas
241 526 428 591 ascendebat,
451 540 502 596 per
523 521 657 595 quasdam
685 529 818 575 cavernas
842 526 893 583 pro
949 509 1033 567 dorso
1056 518 1098 567 est
1122 512 1259 597 invectus.
1290 537 1301 563 ι
1326 516 1375 571 liis
1398 515 1478 573 dietis
1492 521 1606 593 angelus
1620 525 1750 598 recipitur

87 613 183 687 pluria
206 610 399 668 descendebat.
424 610 455 663 ln
478 608 529 663 bec
553 606 648 661 turrim
670 601 733 674 (ric)
754 611 894 656 erucema
948 599 1039 655 coelis.
1054 601 1205 673 Imperator
1218 609 1323 670 autern,
1340 603 1471 676 depositis
1485 613 1660 681 ornamentis,
1681 629 1748 673 cru·

88 701 192 758 dextris
206 699 264 757 suis
286 714 336 772 pro
356 696 413 753 filio
435 712 486 753 suo
509 694 615 762 fixerat,
630 709 646 748 a
662 688 780 747 sinistris
803 694 894 743 autem
948 702 1007 744 cem
1022 702 1104 745 manu
1119 690 1229 759 bajulat,
1246 707 1357 762 vannum
1371 694 1490 752 Domino
1510 712 1573 755 cum
1600 702 1674 758 omni
1696 720 1748 776 po-

86 792 191 864 gfflum
219 804 333 845 aureum
357 803 408 859 pm
438 786 541 858 spiriru
565 790 661 840 sancto
684 784 825 853 posuerat,
866 772 894 828 in
948 776 1013 846 puio
1026 777 1132 847 jubilat.
1147 778 1196 835 Cui
1210 795 1273 835 mox
1287 789 1365 852 porta
1390 793 1539 852 reseratur,
1562 802 1630 846 crux
1652 800 1747 851 cancta

86 874 180 932 medio
195 875 254 946 ipse
276 873 305 928 in
318 874 418 928 tbrono
441 870 544 927 sedens
563 884 595 925 se
622 875 651 922 ut
674 864 761 921 licum
786 863 894 917 Patrem
947 864 975 919 in
991 865 1051 922 loco
1068 866 1119 922 sibi
1134 877 1290 939 praeparato
1307 872 1501 929 venerabiliter
1514 874 1548 945 (i⁰
1563 879 1625 951 did)
1641 882 1747 940 exalta·

86 959 141 1016 eoii
153 964 283 1029 jusserat.
299 956 341 1012 nd
357 971 438 1028 quem
451 952 598 1010 Heraclius
616 952 764 1022 imperator
787 946 893 1002 itoma-
948 960 1004 1010 tur.
1023 954 1128 1011 Eodem
1140 955 1185 1012 die
1199 972 1249 1026 per
1263 972 1372 1015 crucem
1388 960 1537 1034 gloriosum
1551 969 1653 1041 recepit
1669 987 1746 1029 mor·

86 1064 186 1104 norum
198 1062 265 1104 cnm
280 1042 497 1110 exercitaverit,
521 1041 601 1115 eique
617 1039 692 1095 iilius
707 1036 818 1093 Cosdrae
831 1048 892 1090 uum
947 1050 1010 1098 tuus
1026 1042 1115 1113 vitam,
1133 1052 1252 1117 quatuor
1266 1047 1396 1117 paralitici
1409 1050 1501 1123 adepti
1514 1063 1577 1113 sunt
1591 1058 1744 1131 sanitatem,

84 1153 171 1193 manu
185 1135 276 1192 valida
290 1135 325 1190 ad
346 1133 500 1190 Danubium
521 1128 651 1188 occurrit.
678 1124 782 1184 Placuit
800 1122 893 1194 itaque
946 1132 1043 1188 decem
1059 1132 1160 1204 leprosi
1183 1135 1352 1206 sospitatem,
1369 1137 1420 1194 XV
1434 1139 1499 1197 ceci
1509 1142 1623 1203 luminis
1637 1148 1747 1207 clarita·

86 1226 188 1299 populo
203 1232 231 1280 ut
247 1222 389 1296 principes
404 1220 506 1294 singuli
520 1218 640 1275 duellum
655 1216 683 1271 in
696 1222 779 1287 ponte
794 1212 894 1268 inirent
946 1228 1011 1287 tem,
1027 1218 1136 1293 plurimi
1150 1237 1167 1279 a
1182 1222 1352 1281 daemonibus
1375 1224 1493 1295 liberati,
1519 1234 1696 1307 quamplures
1730 1258 1746 1298 a

86 1312 261 1385 vincentique
285 1328 381 1368 omnes
400 1310 559 1367 obedirent.
579 1306 640 1377 Quo
653 1305 727 1363 iacto
740 1304 893 1371 lieraciyu⁸
946 1308 1032 1366 variis
1047 1309 1225 1384 languoribus
1237 1312 1335 1370 curati.
1356 1316 1415 1371 lion
1432 1318 1513 1375 etiam
1524 1329 1552 1376 ul
1560 1338 1627 1381 crux
1639 1325 1673 1384 de
1682 1327 1746 1387 iano

89 1404 236 1461 uictoriam
267 1400 383 1458 obtinuit
408 1400 551 1471 omnisque
574 1396 710 1453 exercitus
731 1394 757 1451 ei
788 1394 887 1466 paruit.
946 1398 1058 1455 Cosdrae
1075 1400 1214 1471 bajolatur,
1232 1402 1411 1461 suavissimus
1426 1407 1494 1463 odor
1509 1408 1544 1465 de
1562 1410 1611 1469 illa
1631 1417 1746 1488 proriu-

93 1492 145 1563 Qui
161 1507 275 1566 regnum
290 1490 401 1547 Cosdrae
414 1488 467 1543 sibi
482 1487 631 1559 subjurgens
645 1486 674 1540 in
688 1484 788 1542 coelum
806 1482 892 1556 ipsius
946 1487 989 1545 eia
1004 1488 1120 1545 volitans
1133 1489 1254 1547 omnium
1268 1492 1296 1547 ia
1311 1492 1504 1553 Hierosoiimis
1519 1502 1676 1571 pectoribus
1699 1506 1744 1564 in-

91 1580 263 1654 campaneis
277 1578 414 1645 ascendit,
428 1580 575 1650 tyrannum
589 1575 618 1630 in
631 1574 701 1631 solio
722 1572 853 1645 repperit·
868 1573 892 1627 ³³
945 1575 1124 1633 tundebatur.

91 1670 157 1728 velit
170 1668 302 1743 baptizari
316 1668 475 1740 interrogat,
492 1664 637 1721 rennuenti
660 1668 886 1735 eaputamputat.
979 1664 1068 1721 lindie
1100 1666 1181 1723 etiam
1213 1666 1359 1725 Cornelius
1373 1670 1559 1733 Romanorum
1592 1676 1742 1756 episcopus

85 1761 186 1817 Filium
209 1758 268 1829 ejus
291 1756 380 1813 adbuc
407 1770 521 1829 puerum
548 1768 711 1825 omnemque
737 1750 886 1807 exercitum
944 1754 1028 1826 alque
1043 1754 1193 1827 Cyprianus
1216 1754 1424 1831 Kartaginensis
1443 1760 1574 1822 Ecclesia
1596 1768 1744 1845 episcopus

86 1848 215 1921 baptizari
232 1848 354 1919 imperat,
366 1860 448 1919 quem
464 1845 522 1917 ipse
536 1842 571 1899 de
585 1840 660 1898 ionte
673 1840 771 1907 elevat,
786 1838 889 1895 tradito
943 1842 1109 1917 sanguinem
1130 1860 1210 1901 suurn
1232 1859 1283 1917 pre
1309 1847 1407 1905 oribus
1435 1850 1489 1907 sibi
1510 1854 1621 1913 creditis
1636 1858 1743 1919 effude-

86 1937 141 1993 sibi
156 1951 241 2011 regno
256 1936 284 1991 in
299 1934 369 1991 solio
382 1933 467 2007 patria
481 1932 609 1998 collocat,
623 1930 713 1986 ablata
726 1944 807 1987 cruce
825 1942 888 1985 cum
943 1940 1007 1987 runt
1043 1940 1126 2007 atque
1157 1949 1245 2008 regna
1279 1936 1402 1994 coeiestia
1430 1942 1582 2001 coronandi
1618 1946 1743 2011 intrave-

87 2026 189 2101 gnudio
204 2025 413 2082 Hierosolimam
435 2021 511 2078 adiit.
539 2020 592 2090 Qui
615 2020 650 2076 de
673 2026 765 2075 monle
786 2016 888 2075 θῐίιθῑῑ
942 2028 1015 2077 ¹⁰⁰¹·

87 2115 275 2188 imperialibus
289 2112 444 2187 insignibus
468 2110 581 2167 iaieralo
600 2123 672 2183 equo
695 2108 812 2175 rebitur,
837 2106 886 2164 sed
976 2110 1066 2178 Nunc,
1082 2109 1233 2182 karissimi,
1250 2122 1371 2171 sanctam
1387 2130 1496 2175 erucem
1520 2120 1648 2183 leudibus
1662 2128 1741 2187 erai-

85 2213 164 2279 porta
188 2204 306 2262 civitatis
330 2209 394 2259 aute
415 2217 476 2257 eum
500 2202 647 2270 conjuncto
671 2213 747 2254 muro
769 2195 886 2253 obstrui·
941 2204 1007 2269 tate,
1023 2200 1075 2256 bos
1089 2209 1199 2259 sanctos
1213 2203 1342 2274 precibus
1353 2204 1469 2277 pulsate,
1486 2216 1516 2264 ut
1530 2210 1575 2284 qui
1590 2229 1638 2270 ros
1658 2232 1741 2278 cruce

86 2304 147 2367 ιιιι;
174 2301 200 2351 ει
223 2308 288 2350 ecee
310 2309 378 2349 crux
401 2299 494 2348 sancta
518 2288 603 2345 nimio
625 2288 733 2363 fulgore
754 2286 785 2342 in
807 2286 885 2344 omlis
939 2288 1063 2356 redemit,
1080 2290 1213 2363 sanguine
1227 2308 1277 2349 sno
1292 2294 1370 2365 regni
1384 2295 1622 2373 cobaemdeslecn,
1641 2319 1741 2366 conce·

86 2382 255 2455 resplenduit
278 2398 360 2455 quam
382 2381 498 2454 angelus
521 2378 630 2435 Domini
653 2378 681 2432 iu
704 2384 784 2450 porta
808 2384 884 2434 stans
938 2377 988 2433 dal
1001 2378 1080 2435 vobis
1096 2394 1147 2451 per
1160 2379 1292 2437 vexilium
1306 2392 1406 2443 sancite
1420 2386 1507 2443 crucis
1522 2388 1557 2445 de
1571 2395 1672 2453 mundo
1690 2397 1739 2454 tri·

86 2470 268 2528 manutenuit
287 2488 294 2525 :
310 2495 321 2519 ·
339 2468 466 2539 Quando,
491 2468 588 2541 inquit,
614 2484 662 2523 rex
681 2466 813 2524 coeiornm
835 2482 885 2538 per
937 2467 1069 2540 umplrare
1084 2476 1111 2524 et
1125 2484 1187 2525 cum
1202 2470 1306 2528 sanctis
1323 2470 1351 2527 in
1367 2472 1472 2531 cmiesti
1487 2477 1659 2539 Hierusalem
1671 2502 1739 2559 per·

85 2562 137 2618 has
151 2568 246 2634 portas
259 2576 390 2634 passurus
404 2565 445 2615 est
459 2558 612 2632 ingressus,
628 2571 682 2612 uon
697 2570 883 2629 purpuranae
936 2556 1064 2613 benniter
1078 2556 1210 2615 exultare.
1224 2558 1276 2615 Ubi
1290 2561 1387 2619 oculus
1402 2580 1467 2635 non,
1484 2576 1537 2627 etc.
1554 2569 1586 2643 (ι.
1601 2572 1661 2634 Cor.
1687 2580 1733 2653 tt).

571 2901 641 2978 DE
670 2902 882 2983 SANCTO
910 2905 1205 2983 MATTHAEO.

122 3110 221 3179 Hodie,
237 3107 386 3175 kanssimi,
400 3106 491 3166 retulit
511 3107 591 3164 nobis
607 3107 780 3181 evangelium
802 3108 925 3181 quali-c
941 3111 1024 3172 iiliam
1039 3112 1142 3187 registr
1164 3114 1278 3175 dalhaeo
1299 3115 1417 3175 velatam
1439 3119 1491 3178 sibi
1514 3122 1663 3197 copulare,
1687 3142 1740 3187 aen

88 3207 130 3256 ter
143 3200 214 3257 Deru
228 3214 281 3255 uus
294 3197 329 3254 de
345 3197 392 3253 vili
406 3196 501 3255 iecerit
516 3196 682 3269 preciosum,
699 3197 746 3271 qui
759 3198 900 3255 ilataeum*
939 3202 1056 3275 apostoli
1071 3211 1189 3261 mentem
1204 3221 1259 3262 non
1278 3206 1368 3279 poluit
1392 3208 1427 3265 ιιι
1450 3225 1615 3271 eonsensum
1641 3216 1740 3276 irarum

88 3288 264 3361 publicanum
289 3286 428 3345 constituit
457 3286 654 3358 evangelistam
668 3294 695 3343 et
716 3285 880 3359 apostolum.
940 3292 1095 3364 nuptiarum
1117 3292 1262 3351 inclinare.
1303 3296 1381 3353 Unde
1405 3298 1485 3369 jussu
1513 3300 1572 3371 ejus
1599 3306 1740 3378 apostolus

88 3378 167 3434 Hune
190 3376 290 3449 qnippe
314 3375 350 3433 de
373 3375 499 3433 theloneo
523 3375 552 3430 in
570 3375 753 3447 apostolatum
767 3376 886 3443 vocavit,
940 3381 1042 3438 missas
1056 3381 1201 3440 celebrans
1215 3400 1298 3457 super
1313 3383 1401 3443 altare
1415 3387 1576 3463 decollatur,
1592 3392 1739 3467 sicqucae-

85 3467 206 3538 jndicem
228 3465 304 3521 orbis
328 3481 410 3537 super
442 3465 556 3521 thronos
578 3463 632 3521 llll
652 3464 804 3522 collocavit.
838 3466 888 3523 ilic
941 3469 1082 3526 ueteribus
1115 3470 1235 3529 eoelestis
1267 3473 1349 3531 curiae
1380 3474 1549 3536 laureandus
1573 3484 1736 3545 associatur.

87 3556 195 3628 primus
208 3554 391 3628 Evangelium
413 3554 516 3626 scripio
530 3554 616 3611 edidit
629 3571 679 3626 per
702 3556 775 3629 quod
797 3555 889 3629 gloria
942 3557 1006 3615 i‘ost
1018 3560 1076 3617 baeo
1087 3559 1169 3629 jussit
1185 3576 1233 3617 rex
1247 3560 1358 3619 domurn
1371 3565 1445 3639 regis
1459 3564 1522 3625 filiae
1545 3570 1659 3645 copioso
1676 3573 1741 3649 igne

89 3645 193 3703 Christi
215 3646 346 3702 universo
369 3644 476 3701 mundo
491 3643 624 3700 innotuit.
642 3644 705 3701 Non
730 3652 793 3700 sunt
816 3644 888 3702 enim
942 3647 1122 3715 circumdare,
1145 3649 1195 3705 sed
1218 3665 1382 3709 conversum
1398 3653 1556 3715 incendium
1570 3665 1740 3737 consumpsit

87 3735 206 3809 loquele
230 3750 321 3808 neque
341 3749 483 3791 sermones
497 3749 615 3807 quorum
637 3748 693 3789 non
716 3734 770 3789 sint
790 3734 890 3792 auditas
942 3736 1021 3809 regis
1043 3735 1191 3807 palacium.
1216 3738 1273 3797 liert
1289 3756 1356 3799 vero
1370 3742 1414 3799 vir
1430 3744 1515 3802 evasit
1529 3762 1591 3805 cum
1610 3751 1676 3822 iilio,
1692 3736 1742 3811 sed

89 3841 174 3883 voees
187 3840 284 3881 eorum
299 3824 386 3896 (Paul.
403 3822 505 3893 xvrrr);
522 3822 594 3879 bunc
613 3821 682 3877 inter
705 3822 889 3897 evangelistas
943 3824 1014 3880 iilius
1032 3824 1161 3899 arripitur
1179 3842 1270 3885 mona
1290 3828 1426 3887 demonio
1446 3832 1584 3909 ilebiiique
1612 3846 1742 3915 strangu-

89 3914 180 3971 iorma
193 3913 312 3970 bominis
324 3919 504 3990 representat
518 3911 584 3985 quia
598 3910 735 3967 Christum
749 3927 799 3983 pro
820 3928 889 3985 pec·
943 3913 1012 3970 latur
1026 3914 1208 3983 exterminio;
1223 3924 1301 3990 pater
1314 3926 1407 3975 autem
1423 3921 1483 3992 ejus
1497 3930 1571 3983 totus
1585 3925 1663 4001 lepra
1675 3945 1742 4002 per·

69 4003 229 4061 ‘calombus
243 4003 270 4057 in
285 4001 504 4058 bumanaiorma
519 3999 887 4072 venissepraeeiiis,narrat.
943 4002 1021 4058 lusus
1054 4002 1160 4059 insania
1189 4004 1289 4061 mentis
1320 4008 1444 4083 capitur,
1475 4014 1588 4087 proprio
1613 4032 1743 4077 mucrone

87 4094 120 4149 ln
144 4090 277 4163 ditiriopia
305 4090 420 4148 verbum
452 4089 516 4147 viter
541 4089 738 4161 disseminavit,
773 4088 888 4145 muitum
942 4090 1108 4165 perfoditur.
1126 4092 1214 4162 Hune,
1239 4093 1383 4165 karissimi,
1408 4100 1563 4171 apostolum
1580 4104 1632 4163 Dei
1654 4107 1740 4181 depo.

86 4180 207 4239 iruetum
220 4178 310 4255 signis
322 4187 350 4237 et
362 4178 497 4251 portentis
511 4178 569 4235 Deo
581 4179 774 4253 congregavit.
790 4179 888 4236 Filium
944 4196 1053 4237 scamus
1065 4188 1095 4237 ιιι
1108 4190 1226 4239 mortem
1239 4182 1391 4241 animarum
1405 4190 1554 4249 evadamus
1576 4201 1604 4251 et
1624 4194 1653 4251 in
1677 4212 1744 4255 vera

85 4284 204 4342 namque
219 4269 293 4345 regis
308 4269 342 4326 de
356 4273 445 4325 morte
460 4267 612 4337 suscitarit,
628 4283 796 4341 regemoum
812 4268 889 4325 omni
942 4269 997 4327 rita
1021 4285 1083 4327 cum
1103 4270 1150 4328 iilo
1173 4270 1232 4329 sine
1265 4270 1319 4333 fine
1340 4276 1522 4349 gaudeamus.
1556 4284 1609 4341 Ubi
1634 4286 1741 4359 oculus,

85 4358 188 4433 populo
202 4358 367 4431 baptizaritc
382 4358 433 4414 sed
447 4366 591 4429 postquam
607 4356 652 4414 bic
666 4373 712 4413 raa
731 4359 768 4414 ad
791 4357 890 4415 Domi·
942 4366 995 4417 etc.
1013 4360 1039 4434 (l
1051 4358 1115 4418 Cor.
1135 4360 1179 4434 tt.)

85 4466 153 4505 num
166 4448 298 4522 perrexit,
313 4447 421 4505 elalius
435 4453 547 4519 sceptro
560 4446 623 4519 eius
636 4446 781 4517 successit,
804 4446 890 4507 voluit

385 4794 455 4873 DE
483 4796 695 4875 SANCTO
722 4794 985 4875 MAURICIO
1009 4794 1080 4873 ET
1109 4795 1281 4875 SOCIIS
1310 4798 1455 4881 EJUS.

121 5004 218 5074 lindie,
242 5004 422 5073 ddecdasimi,
443 5014 555 5065 amotus
583 5006 729 5065 ilauricins
756 5002 1069 5080 miliaquertiamate
1090 5003 1230 5073 imbuitur,
1259 5006 1420 5065 ailemaro
1449 5008 1577 5083 pontifice
1599 5018 1744 5092 praeceptis

86 5104 238 5169 martyrum
267 5112 384 5170 quornm
407 5097 490 5153 bodie
514 5094 584 5153 ieata
611 5097 747 5165 eodinus,
773 5108 890 5169 ροειιιιιι
946 5092 1046 5150 divinis
1060 5093 1216 5151 instruitur.
1236 5094 1289 5166 Qui
1304 5096 1543 5159 adlinximianum
1553 5107 1746 5177 pervenientes

86 5185 203 5242 muitum
216 5192 384 5243 votanostra
408 5187 482 5258 apud
506 5186 593 5242 Deum
604 5187 709 5257 jurare,
733 5187 757 5242 si
781 5186 889 5244 solliciti
942 5181 978 5238 ad
993 5184 1385 5256 persequendosClrristianos
1398 5198 1542 5262 manetur,
1566 5195 1617 5251 sed
1640 5198 1746 5257 nelarie

86 5274 148 5332 sitis
160 5288 211 5332 roa
224 5290 320 5333 eorum
341 5272 449 5333 meritis
470 5277 677 5333 commendare.
698 5276 739 5331 iio
765 5281 889 5347 tempore
942 5270 1034 5327 edicto
1048 5288 1147 5343 parere
1162 5280 1367 5330 contemnentes
1381 5290 1477 5335 omnes
1492 5295 1543 5351 pro
1562 5282 1670 5342 Christo
1694 5302 1745 5346 ορ.

86 5364 203 5421 Romani
235 5366 418 5438 imperatoreo
455 5365 586 5422 universo
614 5365 674 5422 orbi
702 5364 888 5436 imperabant,
943 5358 1084 5417 eiduntur.
1103 5362 1187 5418 Erant
1201 5368 1290 5417 autem
1306 5376 1353 5419 ser
1370 5364 1447 5421 milia
1462 5371 1585 5427 sexcenti
1600 5372 1683 5430 LXVI
1694 5377 1745 5435 riri

85 5461 240 5527 cunctaque
268 5470 353 5527 regna
381 5470 479 5510 eorum
501 5454 619 5526 imperio
647 5453 888 5526 obtemperabant;
941 5464 1059 5506 numero
1074 5466 1191 5522 quorum
1206 5452 1318 5507 nomina
1331 5451 1434 5524 scripta
1448 5464 1512 5512 snut
1534 5463 1563 5514 in
1590 5463 1671 5531 coein,
1696 5466 1744 5538 qni

87 5543 163 5599 unde
176 5559 193 5599 ιι
208 5542 323 5599 remotis
337 5541 457 5599 Orientis
469 5543 595 5615 partibus
610 5542 773 5599 ldaaimiano
798 5542 889 5614 impo-
942 5552 1040 5594 omnes
1054 5546 1260 5597 contemnentes
1273 5540 1391 5598 scelesta
1401 5542 1480 5613 jussa
1501 5546 1654 5621 principum
1683 5568 1746 5611 me-

87 5632 172 5688 ratori
186 5631 261 5705 legio
274 5648 335 5689 cum
349 5631 465 5690 ducibus
487 5631 515 5688 in
531 5632 660 5688 auxilium
688 5630 802 5688 mittitur
829 5647 890 5705 quae
942 5635 1058 5685 ruerunt
1086 5629 1220 5703 sangnine
1247 5628 1365 5687 laureati
1388 5632 1464 5691 adire
1491 5634 1596 5710 Regem
1623 5642 1744 5700 omnium

91 5717 122 5772 in
138 5718 254 5773 transitu
267 5717 304 5774 ab
324 5716 710 5790 iliarosoiimorumepiseopo
723 5716 777 5774 lide
790 5724 818 5773 et
841 5716 890 5772 ba·
942 5732 1054 5792 regum.
1084 5716 1182 5775 Fertur
1204 5718 1276 5791 quod
1293 5736 1343 5793 per
1365 5728 1421 5779 tota
1446 5732 1575 5784 montana
1599 5730 1649 5787 bac
1663 5740 1744 5793 nocte
