3942 6067
1334 75 1345 105 θ

107 323 159 376 869
420 312 602 371 SPECULUM
620 306 810 369 Ecctnshtt.
833 334 869 347 -
887 300 1064 359 bohtnnct
1083 302 1121 357 IN
1140 300 1455 371 QUlNQnthtsttlt.
1709 300 1762 357 aad

107 460 168 499 mos
187 459 249 499 cum
265 441 346 497 rebus
369 439 468 496 vestris
497 438 617 503 uisitare,
648 432 816 491 consolando
839 429 903 486 alle·
919 426 946 487 Α
963 426 1044 483 leutici
1058 426 1367 486 abillnbenedietione:
1389 429 1496 497 Venite,
1510 424 1758 499 henedictilllalb.

107 548 184 597 vare,
196 531 373 587 homicidium
394 544 445 585 nea
460 527 530 585 sacto
545 542 595 581 nee
610 524 725 581 consilio
738 529 904 593 perpetrare,
965 520 1047 587 xxv).
1064 518 1257 584 excluduntur,
1274 527 1300 573 et
1315 517 1361 573 illa
1375 516 1569 575 maledictione
1579 520 1762 577 :Disceditcc

107 624 174 694 quia
187 622 233 694 qui
249 621 385 677 hominem
401 622 435 672 ad
459 616 609 689 imaginem
628 614 676 669 Dei
691 621 811 667 creatum
827 609 901 666 occi-

107 712 187 777 derit,
218 726 279 767 cum
307 709 426 772 diabolo,
452 706 498 779 qui
526 704 661 760 homicida
689 709 748 757 erat
776 700 811 755 ab
830 698 907 754 inilia

107 800 201 872 (lacn.
221 800 282 868 ultr)
299 798 435 869 particeps
458 795 519 851 erit.
540 792 745 850 Forniealinnes
768 798 796 845 et
810 802 907 843 ornnes

107 887 233 959 corporis
250 886 423 958 pollutiones,
446 894 472 941 et
493 884 609 938 maxime
634 879 777 946 adulteria,
802 876 907 932 debetis

107 976 238 1049 fugiendo
261 990 404 1038 execrare,
424 975 543 1030 seientes
565 987 615 1028 aas
635 986 686 1041 per
707 968 765 1024 haec
792 966 907 1021 maxime

105 1068 194 1122 aDeo
209 1065 326 1121 alienari
340 1065 375 1135 (ῐο
390 1065 447 1133 70).
466 1061 658 1117 Fornicatores
674 1059 746 1115 enim
764 1065 790 1112 et
804 1056 908 1111 adulte-

107 1173 154 1211 ros
176 1154 309 1225 judicabit
339 1154 422 1209 Deus.
438 1152 561 1222 Corpora
582 1166 701 1221 numque
725 1155 817 1203 vestra
846 1152 908 1200 sunl

108 1245 229 1315 Spiritus
249 1242 338 1298 sancti
353 1241 465 1312 templa.
481 1241 509 1295 in
524 1239 685 1311 baptismale
701 1236 840 1292 dedicata.
855 1234 908 1303 Qui

108 1348 176 1406 ergo
203 1332 333 1403 templum
363 1330 518 1395 Deivinlal,
548 1328 620 1384 lrunc
647 1328 718 1383 Deus
746 1326 908 1395 disperdens

107 1425 223 1479 damnat
238 1424 264 1493 (l
288 1421 348 1479 Cor.
366 1420 420 1490 ιιι).
454 1419 540 1490 Quale
556 1418 631 1473 netas
658 1418 693 1471 sil
707 1424 830 1486 stuprum
859 1429 909 1485 per

110 1528 178 1569 ales
191 1512 271 1569 etiarn
286 1512 498 1567 demonstratur.

144 1602 241 1674 Aqarila
259 1601 348 1672 pullos
377 1616 442 1655 suos
471 1606 567 1654 contra
594 1596 699 1651 redium
723 1594 789 1650 solis
817 1608 909 1664 ungue

108 1690 258 1763 suspendit
276 1709 283 1758 ;
301 1690 346 1762 qni
360 1688 557 1745 irreverberato
575 1686 633 1741 visu
645 1685 727 1755 jubar
741 1683 807 1739 solis
822 1683 910 1737 inlen-

960 622 1017 673 mc,
1028 606 1176 663 maledicti
1191 608 1282 675 (idid.)
1291 607 1490 663 multabuntur.

998 697 1065 751 Cum
1083 696 1325 753 excommunicatis
1346 712 1401 753 nou
1424 697 1532 754 debetis
1546 697 1762 768 communicare,

962 786 1066 842 scilicet
1077 801 1131 841 non
1147 787 1275 853 salutare,
1298 802 1351 841 non
1367 802 1430 843 cunr
1445 786 1485 843 eis
1499 803 1590 853 orare,
1617 804 1667 845 nec
1683 804 1763 843 maa-

962 876 1077 944 ducare,
1099 876 1195 931 oscula
1214 875 1346 932 devitare.
1368 877 1439 931 Nam
1460 876 1505 947 qai
1528 878 1763 933 excommunicato

962 964 1145 1020 communicat
1173 965 1248 1036 (tta)
1258 974 1287 1020 ul
1302 965 1568 1022 excommunicatum
1582 966 1711 1023 Ecclesia
1720 984 1764 1023 re·

963 1055 1070 1124 probal.
1087 1053 1139 1123 Qui
1149 1060 1240 1109 autern
1256 1055 1298 1109 vel
1314 1055 1409 1121 armis,
1428 1054 1471 1111 vel
1485 1056 1609 1125 pecunia,
1627 1056 1670 1111 vel
1692 1072 1762 1112 coa-

963 1143 1025 1198 silio
1040 1142 1081 1199 eis
1095 1142 1148 1199 lert
1161 1143 1299 1210 auxilium,
1312 1144 1456 1200 habendus
1470 1153 1557 1216 estut
1572 1142 1692 1216 palrat‘oa
1702 1162 1763 1202 sce·

963 1229 1064 1287 lerum.
1085 1232 1244 1289 sicutenim
1265 1233 1391 1289 membro
1405 1248 1422 1288 a
1436 1248 1552 1305 corpore
1566 1234 1684 1306 preciso
1708 1251 1763 1291 non

963 1320 1053 1376 valent
1068 1329 1207 1394 unguenta
1223 1326 1250 1377 et
1265 1322 1593 1390 universamedicamina,
1607 1325 1763 1382 itaexcom-

946 1410 1103 1465 manicata
1117 1412 1152 1465 ab
1166 1411 1292 1468 Ecclesia
1316 1428 1369 1467 nan
1385 1420 1498 1483 prosunt
1508 1420 1604 1470 cancta
1630 1414 1765 1471 Ecclesiae

964 1508 1134 1556 sacramenia
1153 1509 1200 1555 ant
1224 1501 1356 1556 oramina.
1379 1502 1450 1557 Nam
1477 1503 1586 1574 qnidam
1617 1504 1763 1575 praedives,

963 1588 1028 1643 dum
1044 1589 1293 1646 excommunicatus
1304 1600 1466 1657 moreretur,
1482 1602 1543 1662 pust
1553 1609 1652 1649 novem
1679 1609 1765 1649 autres

963 1679 1103 1747 uxorejus
1119 1679 1240 1735 moriens
1263 1678 1334 1735 lilios
1357 1681 1424 1752 petit
1437 1689 1465 1736 nl
1476 1683 1553 1751 juata
1579 1682 1666 1737 airum
1686 1698 1765 1738 suum

107 1783 156 1846 dil,
174 1782 236 1836 hnic
251 1795 343 1836 curam
366 1786 461 1849 pastus
476 1785 504 1831 ut
519 1775 627 1847 proprio
643 1773 732 1845 partui
750 1771 900 1841 impendit,
917 1790 944 1849 Β
966 1766 1139 1837 sepeliretur.
1158 1768 1302 1841 aquibus,
1321 1769 1386 1825 dum
1400 1770 1436 1825 ad
1451 1769 1515 1844 [del.
1528 1770 1574 1845 ad]
1588 1771 1764 1842 sepulchrum

106 1870 154 1941 qtri
170 1886 235 1925 vern
251 1868 337 1923 visum
353 1883 369 1923 a
383 1868 442 1921 sole
466 1865 594 1929 detleclil,
625 1865 696 1919 hunc
708 1863 742 1917 de
769 1860 903 1916 adulterio

107 1959 204 2014 alterio
226 1957 347 2031 [alterins
361 1954 385 2028 l]
400 1955 498 2027 aquilae
525 1961 684 2023 conateplnm
709 1949 902 2021 deprehendit,

107 2056 217 2120 pastum
233 2047 257 2102 ei
268 2048 411 2111 subtrahit,
436 2045 471 2099 de
493 2044 556 2098 nido
569 2050 597 2097 ul
612 2042 732 2096 alienum
762 2039 846 2107 ejicit.
866 2040 905 2091 lla

108 2138 233 2192 Christus
255 2144 362 2206 pastum
377 2134 419 2189 sui
444 2133 569 2204 corporis
586 2131 692 2185 illinon
713 2127 853 2199 impendit,
871 2128 905 2181 de

106 2226 173 2281 nido
189 2224 314 2297 paradysi
330 2223 446 2295 repellit,
470 2222 514 2293 qui
529 2219 697 2275 inmundicia
718 2217 830 2272 luxuriae
847 2233 903 2270 snr-

106 2315 210 2371 descit.
231 2316 290 2369 Non
307 2313 412 2369 debetis
434 2312 583 2383 perjurare,
598 2324 649 2363 nec
665 2306 760 2363 salsum
789 2306 907 2361 testimo·

106 2406 181 2458 nium
198 2403 301 2464 dicere.
333 2402 384 2471 Qui
401 2401 473 2457 enim
485 2400 617 2471 perjurat,
632 2398 720 2453 Deum
737 2397 864 2467 abnegat,
880 2403 907 2449 et

105 2493 180 2548 hunc
192 2492 316 2548 Christus
337 2491 364 2545 in
377 2489 480 2559 judicio
491 2502 581 2543 coram
599 2488 677 2541 Patre
693 2494 719 2540 el
738 2484 844 2558 angelis
855 2500 906 2538 ne-

101 2598 175 2655 gans
189 2581 301 2635 damnat
316 2582 382 2641 (hnc
398 2579 460 2645 ιιιι),
479 2576 532 2642 Qui
548 2585 640 2630 autem
669 2572 767 2629 laisum
798 2571 905 2643 prolert

105 2669 303 2735 testimonium,
329 2668 430 2723 incidet
455 2667 523 2721 illud
553 2664 737 2721 testimonium
767 2678 773 2718 :
805 2661 906 2717 Perdet

105 2760 184 2815 Deus
195 2775 291 2815 omnes
307 2757 353 2831 qui
368 2757 495 2813 locuntur
506 2754 680 2811 mendacium
694 2752 906 2823 (Psnl.vt.Non

106 2848 215 2903 debetis
229 2846 355 2919 praedari,
372 2862 423 2903 nec
437 2844 531 2912 linari,
549 2844 611 2917 quia
625 2860 716 2915 neque
730 2842 906 2913 [arenaeque

969 1856 1098 1927 aperitur,
1115 1873 1214 1929 corpus
1229 1858 1315 1929 patris
1331 1860 1447 1915 crudum
1457 1867 1483 1915 et
1493 1861 1631 1932 integrum
1659 1860 1765 1917 inveni-

961 1960 1006 2002 tur
1021 1948 1176 2019 [insuperg
1186 1949 1388 2021 sarcophagum
1416 1950 1525 2019 plenum
1540 1950 1663 2006 bullienti
1693 1968 1766 2025 aqua

962 2038 1095 2103 fervebat,
1112 2038 1146 2091 de
1177 2055 1231 2109 qua
1250 2038 1379 2108 putridus
1393 2037 1462 2093 letor
1476 2040 1616 2111 surgebat.
1644 2039 1764 2109 Quorum

960 2144 1039 2181 mens
1054 2126 1119 2182 dum
1148 2126 1212 2182 inde
1240 2126 1356 2183 contensa
1379 2126 1626 2194 turbatur‚aclero
1652 2146 1766 2186 excom-

965 2216 1119 2271 municatus
1143 2215 1292 2271 indicatur.
1323 2219 1394 2271 llnlc
1421 2232 1621 2272 heremannus
1645 2234 1765 2292 namque

961 2304 1129 2361 sedicionem
1146 2305 1172 2358 in
1188 2306 1307 2377 quadam
1323 2306 1432 2361 civitate
1443 2305 1518 2373 lecit,
1534 2315 1560 2362 el
1574 2307 1610 2362 ob
1624 2306 1677 2363 boc
1692 2324 1708 2363 a
1723 2324 1766 2363 sa·

962 2395 1122 2467 cerdoteglte
1135 2396 1222 2463 illr⁰l
1245 2395 1370 2467 ejusdem
1397 2395 1451 2451 loci
1466 2397 1630 2452 sententiam
1659 2412 1767 2453 excom-

961 2484 1159 2541 municationis
1184 2485 1304 2555 excepit.
1331 2484 1421 2548 Quem
1448 2484 1495 2539 filii
1519 2486 1609 2540 moesti
1629 2485 1763 2553 adierunt,

960 2583 1066 2647 patrem
1083 2591 1161 2629 snum
1170 2573 1275 2629 absolvi
1287 2574 1437 2645 petierunt.
1457 2576 1525 2630 hlira
1535 2592 1580 2629 res
1597 2574 1604 2629 l
1621 2575 1674 2633 Ubi
1687 2590 1704 2630 a
1719 2592 1765 2632 sa·

962 2664 1074 2719 cerdote
1085 2663 1166 2735 longe
1182 2664 1209 2717 in
1225 2662 1280 2718 alio
1297 2663 1357 2719 loco
1370 2662 1533 2730 absolvitur,
1552 2679 1653 2735 corpus
1669 2664 1763 2720 delun.

962 2752 998 2809 cli
1013 2752 1040 2806 in
1056 2752 1353 2823 cineremssresolrilar.
1376 2752 1472 2824 Igitur,
1488 2752 1638 2818 karissimi,
1669 2762 1768 2809 cuncta

962 2858 1022 2915 quae
1037 2842 1092 2897 diri
1104 2841 1251 2898 deuitanda
1266 2840 1414 2911 declinate,
1434 2841 1525 2897 omnin
1541 2858 1608 2897 vero
1621 2857 1683 2915 quaa
1709 2842 1764 2899 dini

106 2952 223 3009 rapaces
239 2953 353 3009 regnum
381 2935 621 3007 Dcipassidehunl
644 2934 740 3004 (ider.
758 2933 907 2995 sudvo-
974 2931 1091 2987 scienda
1119 2930 1329 2997 iacerecnrele,
1358 2939 1398 2998 ul,
1426 2932 1615 2987 cumvenerit
1642 2929 1767 2987 Christus

106 3028 220 3083 recitate
235 3034 262 3083 et
290 3027 372 3081 nimia
388 3024 523 3097 potatione
551 3024 657 3080 debetis
677 3038 759 3095 quam
788 3018 906 3075 maxime
971 3021 1078 3077 eunctis
1092 3021 1209 3077 reddere
1237 3020 1350 3092 praemia
1364 3020 1497 3088 laborum,
1524 3021 1639 3077 videatis
1653 3020 1681 3075 in
1696 3022 1770 3095 Syna

107 3116 256 3181 abstinere,
289 3116 350 3189 qaria
367 3116 469 3171 ebriosi
493 3131 547 3170 nna
568 3121 683 3185 possunt
710 3126 827 3183 regnum
857 3108 906 3165 Dei
969 3111 1056 3166 Deum
1074 3111 1288 3182 deorumchnl.
1314 3110 1448 3181 uxxxru),
1465 3109 1511 3165 ubi
1528 3111 1770 3182 suntquaeoculas

105 3206 252 3279 possidere
265 3206 376 3277 (idid).
391 3205 453 3261 Non
468 3203 575 3261 debetis
585 3202 760 3269 maledicere,
773 3198 837 3272 quia
853 3212 908 3253 ma·
970 3215 1025 3256 non
1039 3198 1107 3257 vidit
1122 3200 1147 3271 (l
1159 3200 1224 3257 Cor.
1242 3198 1285 3273 ιι),
1300 3206 1409 3257 celera.

478 3544 765 3643 DOMlNlCA
799 3548 859 3642 ΙΝ
892 3544 1401 3665 QUINQUAGESIMA.

146 3746 235 3815 Quam
248 3762 351 3819 magna
365 3744 759 3815 mclllladadnlccdinistnae,
778 3748 906 3819 Domine,
962 3750 1062 3807 faciem
1077 3746 1197 3815 Domini,
1221 3746 1268 3820 qui
1291 3745 1459 3818 calcantes,
1488 3746 1518 3803 in
1543 3746 1632 3819 jubilo
1660 3748 1764 3807 videbit

108 3852 196 3911 paam
211 3834 382 3892 abscondisti
392 3835 560 3891 timentibus
569 3840 596 3892 lc
611 3834 718 3907 !(Psnl.
729 3838 906 3909 xxx.)Vere‚
963 3839 1023 3899 (an
1037 3839 1149 3898 xxxrnt.

107 3924 260 3993 karissimi,
290 3939 391 3998 magna
419 3924 556 3997 elingens
584 3934 624 3982 est
642 3925 784 3982 mullitudo
810 3925 910 3985 divinae
969 3904 974 3913 ”

109 4014 275 4084 dulcedinis,
291 4031 370 4086 quam
391 4014 557 4085 perfruendo
565 4014 628 4084 justi
645 4014 760 4071 allinunt
782 4018 909 4075 omnibus

109 4103 229 4161 deliciis.
247 4103 312 4160 Haec
326 4103 443 4159 dulcedo
463 4119 538 4159 nunc
548 4104 657 4176 quidem
675 4104 761 4160 Deum
788 4105 910 4163 limenti-

109 4194 163 4249 bus
182 4192 369 4259 absconditur,
397 4201 462 4248 tunc
490 4201 580 4249 aulem
596 4193 769 4265 sperantibus
791 4194 819 4249 in
848 4212 911 4251 eum

110 4281 244 4354 aperitur,
261 4296 322 4338 curn
337 4282 365 4337 in
384 4282 485 4353 gaudio
502 4282 610 4338 Domini
633 4282 713 4338 oculo
739 4282 773 4339 ad
802 4283 911 4341 oculutn

110 4372 217 4443 Regem
231 4371 471 4445 gloriaeindecore
488 4386 538 4427 suo
553 4371 683 4427 videbunt
704 4372 772 4441 (lsa.
792 4374 910 4445 xxxru),

111 4469 140 4517 et
152 4460 204 4531 ipsi
219 4458 362 4532 glorificati
387 4468 416 4515 ul
443 4460 484 4515 sol
514 4460 658 4535 fulgebunt
686 4462 800 4529 lllallb.
827 4465 908 4536 ιιιιι).

111 4550 199 4616 Tunc,
215 4549 333 4621 inquam,
349 4548 521 4621 perfruentur
549 4550 593 4605 illa
608 4550 755 4608 dulcedine
771 4552 799 4608 in
828 4568 913 4625 quam

112 4653 186 4695 nunc
200 4638 292 4711 angeli
319 4637 514 4694 insaciabiliter
540 4638 697 4695 desiderant
719 4642 877 4713 prospicere
891 4642 916 4713 (l

113 4730 193 4783 Pela.
209 4730 241 4799 1),
258 4742 319 4783 cum
334 4728 368 4783 de
385 4728 463 4783 honis
487 4726 597 4782 Domini
608 4728 744 4785 saciantur
758 4746 818 4802 quse
840 4746 914 4789 nanc

1000 3926 1163 3999 Quindecim
1173 3934 1263 3981 aulem
1273 3925 1378 3999 gradus
1394 3932 1530 3992 texuntur,
1547 3926 1609 3998 qnia
1623 3926 1762 3999 perquira-

964 4018 1054 4074 decim
1068 4016 1172 4090 gradus
1200 4014 1322 4071 caritatis
1332 4014 1453 4073 coeleslia
1479 4023 1617 4087 petuntur.
1634 4015 1711 4073 Unde
1737 4022 1765 4073 el

964 4105 1110 4176 intemplo
1127 4105 1235 4162 Domini
1249 4105 1284 4160 ad
1298 4105 1480 4161 sanctuarium
1496 4104 1652 4177 quindecim
1671 4104 1766 4177 gradi-

966 4197 1018 4252 bus
1036 4195 1248 4263 ascendebatur,
1265 4192 1328 4267 quia
1354 4193 1489 4250 scandens
1501 4194 1531 4249 in
1543 4195 1596 4251 hac
1623 4194 1700 4251 scala
1734 4191 1769 4249 ed

966 4284 1089 4341 coelestis
1104 4284 1198 4356 templi
1222 4282 1403 4339 sanctuarium
1421 4281 1559 4338 Christum
1587 4281 1763 4339 sublevatur.

968 4372 1068 4429 Psalmi
1080 4388 1187 4445 qaoque
1207 4372 1364 4444 quindecim
1373 4370 1478 4446 gradus
1498 4372 1686 4429 inscribuntur
1701 4371 1767 4445 qui-

967 4462 1019 4517 bus
1048 4463 1106 4519 heta
1133 4462 1245 4517 virtutes
1273 4460 1445 4517 instruuntur
1471 4477 1522 4534 per
1536 4478 1604 4534 quas
1630 4462 1771 4519 oelberaa

968 4551 1059 4608 beatis
1074 4550 1251 4607 scanduntur.
1267 4548 1430 4619 Quindecim
1443 4559 1534 4608 aulem
1548 4559 1610 4607 sunl
1625 4558 1667 4608 ler
1685 4552 1769 4623 quin-

969 4658 1033 4713 que,
1049 4640 1112 4712 quie
1127 4656 1178 4711 per
1204 4638 1289 4695 iidem
1310 4647 1412 4696 anhelae
1438 4639 1578 4695 Trinitatis
1587 4646 1696 4710 oportet
1716 4654 1768 4696 nos

971 4730 1091 4804 quinque
1107 4729 1234 4785 sensibus
1248 4728 1350 4785 nostris
1368 4744 1451 4801 opera
1465 4728 1588 4785 caritatis
1603 4727 1732 4799 implere.

115 4816 216 4871 nullius
228 4816 346 4872 hominis
360 4816 456 4872 oculos
468 4816 574 4885 videre,
589 4832 641 4873 nec
660 4819 734 4873 auris
749 4820 851 4887 audire,
864 4838 916 4878 nec
1007 4820 1114 4875 Primus
1128 4819 1218 4891 itaque
1245 4818 1348 4890 gradus
1363 4818 1443 4887 hujus
1457 4817 1538 4874 acute
1551 4825 1594 4873 est
1616 4815 1767 4885 pacientia,

115 4905 231 4974 alicujus
245 4904 374 4977 sapientis
383 4920 432 4961 cor
443 4914 531 4976 polest
546 4906 668 4977 cogitare
682 4924 742 4980 quse
754 4909 841 4964 Deum
870 4909 915 4964 di··
971 4909 998 4963 iu
1013 4925 1069 4981 qua
1083 4907 1187 4964 animas
1197 4907 1336 4978 possideri
1345 4906 1425 4964 docel
1439 4914 1539 4962 aeterna
1555 4904 1606 4961 Dei
1620 4904 1769 4977 sapientia.

114 4993 264 5067 ligentibus
278 5002 446 5065 praeparatur
460 4996 485 5061 (l
500 4994 563 5051 Cor.
583 4996 628 5065 ιι).
645 4996 689 5051 hd
704 4998 774 5053 hanc
798 4998 956 5083 glorian
972 4999 1003 5053 In
1019 4999 1071 5055 hoc
1084 4998 1172 5071 gradu
1187 4995 1350 5053 scandentes
1366 5010 1491 5068 gressum
1506 4992 1662 5062 firmamus,
1690 4994 1716 5049 si
1730 4994 1774 5049 iu·

114 5084 326 5154 perveniendam
343 5083 417 5139 scala
431 5082 509 5137 nobis
524 5083 607 5139 hodie
620 5086 749 5158 aperitur,
773 5104 915 5163 perquam
968 5094 1056 5172 jurias
1072 5104 1098 5151 el
1123 5092 1300 5151 contumelias
1315 5092 1447 5165 patienter
1469 5106 1519 5163 pro
1547 5091 1649 5148 Christi
1678 5106 1772 5148 amere

115 5172 198 5229 hodie
213 5170 362 5228 elidetibus
377 5172 439 5228 coeli
454 5173 561 5228 culmen
576 5172 730 5243 attingitur.
752 5176 815 5233 ilaec
825 5187 916 5234 aulem
971 5188 1004 5259 (fo
1016 5188 1062 5244 nat
1077 5184 1234 5244 toleramus.
1252 5183 1298 5255 qni
1313 5181 1462 5255 obprobria
1478 5189 1505 5237 et
1518 5180 1627 5254 flagella
1641 5188 1668 5237 el
1681 5180 1771 5249 ipsam

116 5259 190 5317 sella
205 5270 245 5317 0⁵²
261 5262 373 5330 karilflh
398 5278 447 5329 Des
463 5276 544 5334 ΨΜ
572 5262 608 5317 “d
623 5261 683 5321 “⁸¹¹
700 5264 806 5337 fastigia
832 5268 917 5324 ‘elidii
971 5284 1088 5333 mortam
1116 5287 1165 5345 pro
1180 5270 1597 5343 nobispatientersuslinuil,el
1612 5285 1642 5325 se
1660 5270 1772 5326 imitan-

120 5352 250 5407 Eccles'ea
268 5351 418 5405 humilitas.
443 5350 528 5419 Hujus
555 5350 638 5408 scalae
655 5366 719 5407 vero
736 5354 820 5409 latera
854 5366 918 5413 sunl
971 5366 1045 5421 aihus
1061 5362 1174 5435 praenia
1189 5360 1375 5433 permanentis
1389 5360 1484 5434 gloriae
1501 5358 1628 5416 restituit.

120 5440 237 5513 geminae
251 5438 404 5496 dilectionis
419 5438 481 5513 [leg.
494 5438 677 5514 dilectiones],
704 5442 754 5498 Dei
769 5444 877 5501 scilicet
890 5454 918 5503 el

117 5529 237 5601 proximi
259 5529 381 5585 dilectio.
414 5530 497 5584 Porro
520 5529 623 5599 gradus
652 5531 758 5603 quibis
787 5533 916 5593 lateribus

117 5617 272 5674 inseruntur
284 5624 347 5672 sunl
365 5618 483 5673 diversas
510 5616 623 5675 virtutes
645 5636 697 5690 per
711 5637 777 5693 qaas
796 5624 916 5681 lterilalis

184 5714 263 5780 cepta
278 5706 491 5780 complebuntur
501 5725 508 5773 ;
517 5723 567 5779 per
581 5724 650 5782 quas
664 5707 711 5783 qui
731 5709 784 5769 rite
798 5713 915 5787 scandd,

172 5836 236 5909 llll)
249 5833 319 5894 ced.
335 5832 577 5895 excommunicat.

1007 5452 1152 5511 Secundus
1168 5452 1272 5523 gradus
1284 5449 1412 5505 intexitur
1426 5449 1591 5522 benignitas,
1608 5463 1659 5519 per
1691 5461 1773 5519 quam

971 5542 1105 5617 angelicae
1117 5540 1254 5598 societatis
1279 5539 1430 5611 acquiritur
1443 5538 1578 5613 dignitas.
1598 5536 1684 5606 llujus
1705 5552 1771 5606 gra·

969 5632 1018 5690 dui
1043 5646 1170 5706 gressum
1192 5628 1382 5701 imprimimus,
1398 5627 1422 5683 si
1449 5643 1499 5701 pro
1512 5625 1593 5683 malis
1606 5642 1663 5683 non
1685 5626 1770 5695 mala,

971 5718 1305 5787 sedbnnaaelrihuimns,
1332 5720 1361 5775 et
1374 5715 1620 5791 proximianoslris
1642 5732 1771 5776 necessa·
