<?xml version="1.0" encoding="UTF-8"?>
<!DOCTYPE html PUBLIC "-//W3C//DTD XHTML 1.0 Transitional//EN"
    "http://www.w3.org/TR/xhtml1/DTD/xhtml1-transitional.dtd">
<html xmlns="http://www.w3.org/1999/xhtml" xml:lang="en" lang="en">
 <head>
  <title>
</title>
<meta http-equiv="Content-Type" content="text/html;charset=utf-8" />
  <meta name='ocr-system' content='tesseract 3.04.00' />
  <meta name='ocr-capabilities' content='ocr_page ocr_carea ocr_par ocr_line ocrx_word'/>
</head>
<body>
  <div class='ocr_page' id='page_1' title='image "./patrologiaecurs120unkngoog_0390.png"; bbox 0 0 3942 6067; ppageno 0'>
   <div class='ocr_carea' id='block_1_1' title="bbox 220 275 270 333">
    <p class='ocr_par' dir='ltr' id='par_1_1' title="bbox 220 275 270 333">
     <span class='ocr_line' id='line_1_1' title="bbox 220 275 270 333; baseline 0.02 -1"><span class='ocrx_word' id='word_1_1' title='bbox 220 275 270 333; x_wconf 72' lang='lat' dir='ltr'>&#39;ttt</span> 
     </span>
    </p>
   </div>
   <div class='ocr_carea' id='block_1_2' title="bbox 492 250 1570 355">
    <p class='ocr_par' dir='ltr' id='par_1_2' title="bbox 492 250 1570 355">
     <span class='ocr_line' id='line_1_2' title="bbox 492 250 1570 355; baseline 0.021 -22"><span class='ocrx_word' id='word_1_2' title='bbox 492 307 497 319; x_wconf 73' lang='lat'>.</span> <span class='ocrx_word' id='word_1_3' title='bbox 566 250 726 337; x_wconf 68' lang='lat' dir='ltr'>‘nonanti</span> <span class='ocrx_word' id='word_1_4' title='bbox 749 277 1008 341; x_wconf 77' lang='lat' dir='ltr'>sueusronun.</span> <span class='ocrx_word' id='word_1_5' title='bbox 1030 283 1112 343; x_wconf 84' lang='lat' dir='ltr'>arr.</span> <span class='ocrx_word' id='word_1_6' title='bbox 1136 264 1223 348; x_wconf 79' lang='lat' dir='ltr'>isus</span> <span class='ocrx_word' id='word_1_7' title='bbox 1243 287 1278 349; x_wconf 91' lang='lat' dir='ltr'>u.</span> <span class='ocrx_word' id='word_1_8' title='bbox 1296 326 1329 337; x_wconf 90' lang='lat'><em>-</em></span> <span class='ocrx_word' id='word_1_9' title='bbox 1345 252 1570 355; x_wconf 64' lang='lat' dir='ltr'>tironatus.⁴</span> 
     </span>
    </p>
   </div>
   <div class='ocr_carea' id='block_1_3' title="bbox 1821 300 1878 357">
    <p class='ocr_par' dir='ltr' id='par_1_3' title="bbox 1821 300 1878 357">
     <span class='ocr_line' id='line_1_3' title="bbox 1821 300 1878 357; baseline 0.035 -2"><span class='ocrx_word' id='word_1_10' title='bbox 1821 300 1878 357; x_wconf 66' lang='lat' dir='ltr'>’att</span> 
     </span>
    </p>
   </div>
   <div class='ocr_carea' id='block_1_4' title="bbox 221 396 1879 481">
    <p class='ocr_par' dir='ltr' id='par_1_4' title="bbox 221 396 1879 481">
     <span class='ocr_line' id='line_1_4' title="bbox 221 396 1879 481; baseline 0.013 -23"><span class='ocrx_word' id='word_1_11' title='bbox 221 420 275 476; x_wconf 90' lang='lat' dir='ltr'>quo</span> <span class='ocrx_word' id='word_1_12' title='bbox 299 406 375 461; x_wconf 88' lang='lat' dir='ltr'>solus</span> <span class='ocrx_word' id='word_1_13' title='bbox 396 404 522 471; x_wconf 88' lang='lat' dir='ltr'>laborat,</span> <span class='ocrx_word' id='word_1_14' title='bbox 545 422 580 461; x_wconf 89' lang='lat' dir='ltr'>ne</span> <span class='ocrx_word' id='word_1_15' title='bbox 601 422 650 477; x_wconf 92' lang='lat' dir='ltr'>per</span> <span class='ocrx_word' id='word_1_16' title='bbox 672 407 856 479; x_wconf 70' lang='lat' dir='ltr'><strong>arrogantiam</strong></span> <span class='ocrx_word' id='word_1_17' title='bbox 880 408 1013 465; x_wconf 75' lang='lat' dir='ltr'>elevetur.</span> <span class='ocrx_word' id='word_1_18' title='bbox 1032 408 1062 470; x_wconf 86' lang='grc' dir='ltr'>Α</span> <span class='ocrx_word' id='word_1_19' title='bbox 1078 430 1138 469; x_wconf 81' lang='lat' dir='ltr'>nius</span> <span class='ocrx_word' id='word_1_20' title='bbox 1153 432 1160 471; x_wconf 90' lang='lat'>:</span> <span class='ocrx_word' id='word_1_21' title='bbox 1176 418 1301 474; x_wconf 74' lang='lat' dir='ltr'>latitate</span> <span class='ocrx_word' id='word_1_22' title='bbox 1321 396 1400 475; x_wconf 84' lang='lat' dir='ltr'>docet</span> <span class='ocrx_word' id='word_1_23' title='bbox 1415 422 1567 478; x_wconf 81' lang='lat' dir='ltr'>Ecclesiam</span> <span class='ocrx_word' id='word_1_24' title='bbox 1583 438 1616 477; x_wconf 87' lang='lat' dir='ltr'>ex</span> <span class='ocrx_word' id='word_1_25' title='bbox 1629 423 1726 479; x_wconf 82' lang='lat' dir='ltr'>tudae</span> <span class='ocrx_word' id='word_1_26' title='bbox 1741 424 1777 479; x_wconf 87' lang='lat' dir='ltr'>ad</span> <span class='ocrx_word' id='word_1_27' title='bbox 1791 423 1879 481; x_wconf 90' lang='lat' dir='ltr'>fidem</span> 
     </span>
    </p>
   </div>
   <div class='ocr_carea' id='block_1_5' title="bbox 1076 488 1880 668">
    <p class='ocr_par' dir='ltr' id='par_1_5' title="bbox 1076 488 1880 668">
     <span class='ocr_line' id='line_1_5' title="bbox 1076 488 1880 585; baseline 0.014 -26"><span class='ocrx_word' id='word_1_28' title='bbox 1076 488 1128 585; x_wconf 81' lang='lat' dir='ltr'>Dei</span> <span class='ocrx_word' id='word_1_29' title='bbox 1152 521 1299 562; x_wconf 78' lang='lat' dir='ltr'>conversa.</span> <span class='ocrx_word' id='word_1_30' title='bbox 1318 509 1424 565; x_wconf 86' lang='lat' dir='ltr'>Tertius</span> <span class='ocrx_word' id='word_1_31' title='bbox 1448 513 1568 580; x_wconf 87' lang='lat' dir='ltr'>psalmus</span> <span class='ocrx_word' id='word_1_32' title='bbox 1585 527 1591 565; x_wconf 90' lang='lat'>:</span> <span class='ocrx_word' id='word_1_33' title='bbox 1609 513 1680 568; x_wconf 78' lang='lat' dir='ltr'>Deae</span> <span class='ocrx_word' id='word_1_34' title='bbox 1705 514 1777 569; x_wconf 86' lang='lat' dir='ltr'>Deus</span> <span class='ocrx_word' id='word_1_35' title='bbox 1793 532 1880 570; x_wconf 78' lang='lat' dir='ltr'>rtaeua</span> 
     </span>
     <span class='ocr_line' id='line_1_6' title="bbox 1076 589 1877 668; baseline 0.014 -26"><span class='ocrx_word' id='word_1_36' title='bbox 1076 589 1194 658; x_wconf 87' lang='lat' dir='ltr'>pertinet</span> <span class='ocrx_word' id='word_1_37' title='bbox 1213 592 1248 645; x_wconf 89' lang='lat' dir='ltr'>ad</span> <span class='ocrx_word' id='word_1_38' title='bbox 1269 592 1421 649; x_wconf 78' lang='lat' dir='ltr'>Ecclesiam</span> <span class='ocrx_word' id='word_1_39' title='bbox 1447 611 1480 650; x_wconf 83' lang='lat' dir='ltr'>ex</span> <span class='ocrx_word' id='word_1_40' title='bbox 1502 596 1631 666; x_wconf 79' lang='lat' dir='ltr'>gentibus</span> <span class='ocrx_word' id='word_1_41' title='bbox 1651 596 1812 668; x_wconf 88' lang='lat' dir='ltr'>collectam;</span> <span class='ocrx_word' id='word_1_42' title='bbox 1830 600 1877 655; x_wconf 92' lang='lat' dir='ltr'>cui</span> 
     </span>
    </p>
   </div>
   <div class='ocr_carea' id='block_1_6' title="bbox 204 493 1024 1091">
    <p class='ocr_par' dir='ltr' id='par_1_6' title="bbox 204 493 1024 1091">
     <span class='ocr_line' id='line_1_7' title="bbox 224 493 1024 565; baseline 0.005 -16"><span class='ocrx_word' id='word_1_43' title='bbox 224 493 297 549; x_wconf 88' lang='lat' dir='ltr'>Olim</span> <span class='ocrx_word' id='word_1_44' title='bbox 322 511 377 550; x_wconf 91' lang='lat' dir='ltr'>non</span> <span class='ocrx_word' id='word_1_45' title='bbox 400 496 561 551; x_wconf 86' lang='lat' dir='ltr'>cantabatur</span> <span class='ocrx_word' id='word_1_46' title='bbox 576 494 671 551; x_wconf 83' lang='lat' dir='ltr'>Gloria</span> <span class='ocrx_word' id='word_1_47' title='bbox 685 498 768 551; x_wconf 84' lang='lat' dir='ltr'>Patri</span> <span class='ocrx_word' id='word_1_48' title='bbox 785 506 844 565; x_wconf 92' lang='lat' dir='ltr'>post</span> <span class='ocrx_word' id='word_1_49' title='bbox 860 514 970 553; x_wconf 88' lang='lat' dir='ltr'>versum</span> <span class='ocrx_word' id='word_1_50' title='bbox 995 500 1024 553; x_wconf 93' lang='lat' dir='ltr'>in</span> 
     </span>
     <span class='ocr_line' id='line_1_8' title="bbox 220 584 1022 655; baseline 0.001 -14"><span class='ocrx_word' id='word_1_51' title='bbox 220 586 298 643; x_wconf 89' lang='lat' dir='ltr'>tertio</span> <span class='ocrx_word' id='word_1_52' title='bbox 323 584 504 655; x_wconf 89' lang='lat' dir='ltr'>responsorio,</span> <span class='ocrx_word' id='word_1_53' title='bbox 522 585 569 639; x_wconf 88' lang='lat' dir='ltr'>sed</span> <span class='ocrx_word' id='word_1_54' title='bbox 585 584 649 639; x_wconf 93' lang='lat' dir='ltr'>illud</span> <span class='ocrx_word' id='word_1_55' title='bbox 665 585 840 654; x_wconf 74' lang='lat' dir='ltr'>repetebatur</span> <span class='ocrx_word' id='word_1_56' title='bbox 859 604 865 638; x_wconf 90' lang='lat'>:</span> <span class='ocrx_word' id='word_1_57' title='bbox 883 602 897 640; x_wconf 90' lang='lat' dir='ltr'>a</span> <span class='ocrx_word' id='word_1_58' title='bbox 913 588 1022 643; x_wconf 90' lang='lat' dir='ltr'>moder·</span> 
     </span>
     <span class='ocr_line' id='line_1_9' title="bbox 219 674 1020 738; baseline 0.002 -9"><span class='ocrx_word' id='word_1_59' title='bbox 219 677 263 731; x_wconf 90' lang='lat' dir='ltr'>nis</span> <span class='ocrx_word' id='word_1_60' title='bbox 278 684 366 733; x_wconf 87' lang='lat' dir='ltr'>autem</span> <span class='ocrx_word' id='word_1_61' title='bbox 384 674 534 729; x_wconf 89' lang='lat' dir='ltr'>institutum</span> <span class='ocrx_word' id='word_1_62' title='bbox 550 680 601 737; x_wconf 91' lang='lat' dir='ltr'>est,</span> <span class='ocrx_word' id='word_1_63' title='bbox 617 681 646 727; x_wconf 95' lang='lat' dir='ltr'>ut</span> <span class='ocrx_word' id='word_1_64' title='bbox 660 681 789 738; x_wconf 88' lang='lat' dir='ltr'>cantetur,</span> <span class='ocrx_word' id='word_1_65' title='bbox 807 682 835 728; x_wconf 92' lang='lat' dir='ltr'>ut</span> <span class='ocrx_word' id='word_1_66' title='bbox 849 674 878 730; x_wconf 88' lang='lat' dir='ltr'>in</span> <span class='ocrx_word' id='word_1_67' title='bbox 892 676 1020 731; x_wconf 90' lang='lat' dir='ltr'>omnihus</span> 
     </span>
     <span class='ocr_line' id='line_1_10' title="bbox 217 756 1018 831; baseline -0.001 -16"><span class='ocrx_word' id='word_1_68' title='bbox 217 758 337 815; x_wconf 75' lang='lat' dir='ltr'><strong>Trinitas</strong></span> <span class='ocrx_word' id='word_1_69' title='bbox 356 758 490 813; x_wconf 80' lang='lat' dir='ltr'>laudetur.</span> <span class='ocrx_word' id='word_1_70' title='bbox 507 756 585 826; x_wconf 89' lang='lat' dir='ltr'>Quod</span> <span class='ocrx_word' id='word_1_71' title='bbox 600 773 699 812; x_wconf 91' lang='lat' dir='ltr'>novem</span> <span class='ocrx_word' id='word_1_72' title='bbox 722 757 855 813; x_wconf 88' lang='lat' dir='ltr'>lectiones</span> <span class='ocrx_word' id='word_1_73' title='bbox 879 758 1018 831; x_wconf 82' lang='lat' dir='ltr'>legantur,</span> 
     </span>
     <span class='ocr_line' id='line_1_11' title="bbox 219 840 1019 915; baseline -0.001 -17"><span class='ocrx_word' id='word_1_74' title='bbox 219 854 246 901; x_wconf 92' lang='lat' dir='ltr'>et</span> <span class='ocrx_word' id='word_1_75' title='bbox 269 843 382 899; x_wconf 91' lang='lat' dir='ltr'>totidem</span> <span class='ocrx_word' id='word_1_76' title='bbox 407 840 583 911; x_wconf 86' lang='lat' dir='ltr'>responsoria</span> <span class='ocrx_word' id='word_1_77' title='bbox 606 849 748 904; x_wconf 85' lang='lat' dir='ltr'>canantur,</span> <span class='ocrx_word' id='word_1_78' title='bbox 774 840 921 912; x_wconf 77' lang='lat' dir='ltr'>significat,</span> <span class='ocrx_word' id='word_1_79' title='bbox 947 844 1019 915; x_wconf 90' lang='lat' dir='ltr'>quod</span> 
     </span>
     <span class='ocr_line' id='line_1_12' title="bbox 217 928 1019 1003; baseline -0.001 -16"><span class='ocrx_word' id='word_1_80' title='bbox 217 949 266 1003; x_wconf 88' lang='lat' dir='ltr'>per</span> <span class='ocrx_word' id='word_1_81' title='bbox 280 930 381 987; x_wconf 89' lang='lat' dir='ltr'>Christi</span> <span class='ocrx_word' id='word_1_82' title='bbox 399 931 627 984; x_wconf 83' lang='lat' dir='ltr'>resurrectionem</span> <span class='ocrx_word' id='word_1_83' title='bbox 652 928 794 984; x_wconf 89' lang='lat' dir='ltr'>tendamus</span> <span class='ocrx_word' id='word_1_84' title='bbox 821 930 854 985; x_wconf 91' lang='lat' dir='ltr'>ad</span> <span class='ocrx_word' id='word_1_85' title='bbox 879 930 1019 986; x_wconf 72' lang='lat' dir='ltr'>caelestem</span> 
     </span>
     <span class='ocr_line' id='line_1_13' title="bbox 204 1017 1013 1091; baseline -0.002 -16"><span class='ocrx_word' id='word_1_86' title='bbox 204 1019 405 1083; x_wconf 74' lang='lat' dir='ltr'>¹Hierusalem,</span> <span class='ocrx_word' id='word_1_87' title='bbox 435 1026 461 1073; x_wconf 88' lang='lat' dir='ltr'>et</span> <span class='ocrx_word' id='word_1_88' title='bbox 487 1018 522 1072; x_wconf 91' lang='lat' dir='ltr'>ad</span> <span class='ocrx_word' id='word_1_89' title='bbox 551 1034 650 1073; x_wconf 83' lang='lat' dir='ltr'>norem</span> <span class='ocrx_word' id='word_1_90' title='bbox 687 1017 802 1073; x_wconf 85' lang='lat' dir='ltr'>ordines</span> <span class='ocrx_word' id='word_1_91' title='bbox 837 1018 1013 1091; x_wconf 83' lang='lat' dir='ltr'>angelorum.</span> 
     </span>
    </p>
   </div>
   <div class='ocr_carea' id='block_1_7' title="bbox 215 1102 1018 1173">
    <p class='ocr_par' dir='ltr' id='par_1_7' title="bbox 215 1102 1018 1173">
     <span class='ocr_line' id='line_1_14' title="bbox 215 1102 1018 1173; baseline 0.002 -14"><span class='ocrx_word' id='word_1_92' title='bbox 215 1105 282 1173; x_wconf 76' lang='lat' dir='ltr'>Quae</span> <span class='ocrx_word' id='word_1_93' title='bbox 312 1103 472 1159; x_wconf 88' lang='lat' dir='ltr'>dividuntur</span> <span class='ocrx_word' id='word_1_94' title='bbox 500 1102 620 1158; x_wconf 88' lang='lat' dir='ltr'>ternario</span> <span class='ocrx_word' id='word_1_95' title='bbox 661 1119 775 1157; x_wconf 87' lang='lat' dir='ltr'>numero</span> <span class='ocrx_word' id='word_1_96' title='bbox 798 1118 848 1173; x_wconf 91' lang='lat' dir='ltr'>per</span> <span class='ocrx_word' id='word_1_97' title='bbox 872 1104 1018 1161; x_wconf 86' lang='lat' dir='ltr'>interstitia</span> 
     </span>
    </p>
   </div>
   <div class='ocr_carea' id='block_1_8' title="bbox 163 1182 1038 1781">
    <p class='ocr_par' dir='ltr' id='par_1_8' title="bbox 207 1182 1038 1609">
     <span class='ocr_line' id='line_1_15' title="bbox 212 1182 1015 1255; baseline -0.004 -14"><span class='ocrx_word' id='word_1_98' title='bbox 212 1184 379 1255; x_wconf 86' lang='lat' dir='ltr'>psalmorum</span> <span class='ocrx_word' id='word_1_99' title='bbox 396 1184 477 1239; x_wconf 90' lang='lat' dir='ltr'>trium</span> <span class='ocrx_word' id='word_1_100' title='bbox 493 1182 651 1254; x_wconf 82' lang='lat' dir='ltr'>vigiliarum</span> <span class='ocrx_word' id='word_1_101' title='bbox 667 1198 673 1237; x_wconf 92' lang='lat'><strong>:</strong></span> <span class='ocrx_word' id='word_1_102' title='bbox 689 1183 717 1237; x_wconf 92' lang='lat' dir='ltr'>in</span> <span class='ocrx_word' id='word_1_103' title='bbox 732 1184 832 1254; x_wconf 89' lang='lat' dir='ltr'>quibus</span> <span class='ocrx_word' id='word_1_104' title='bbox 846 1184 1015 1246; x_wconf 87' lang='lat' dir='ltr'>recoluntur,</span> 
     </span>
     <span class='ocr_line' id='line_1_16' title="bbox 211 1268 1016 1339; baseline 0.001 -16"><span class='ocrx_word' id='word_1_105' title='bbox 211 1270 261 1323; x_wconf 84' lang='lat' dir='ltr'>trie</span> <span class='ocrx_word' id='word_1_106' title='bbox 278 1279 402 1339; x_wconf 86' lang='lat' dir='ltr'>tempora</span> <span class='ocrx_word' id='word_1_107' title='bbox 429 1268 566 1323; x_wconf 91' lang='lat' dir='ltr'>nominata</span> <span class='ocrx_word' id='word_1_108' title='bbox 582 1268 791 1339; x_wconf 77' lang='lat' dir='ltr'>inErungeho,</span> <span class='ocrx_word' id='word_1_109' title='bbox 815 1268 841 1321; x_wconf 88' lang='lat' dir='ltr'>id</span> <span class='ocrx_word' id='word_1_110' title='bbox 866 1276 908 1323; x_wconf 87' lang='lat' dir='ltr'>est</span> <span class='ocrx_word' id='word_1_111' title='bbox 930 1268 1016 1339; x_wconf 86' lang='lat' dir='ltr'>prima</span> 
     </span>
     <span class='ocr_line' id='line_1_17' title="bbox 210 1350 1015 1426; baseline -0.002 -17"><span class='ocrx_word' id='word_1_112' title='bbox 210 1354 324 1426; x_wconf 84' lang='lat' dir='ltr'>vigilia,</span> <span class='ocrx_word' id='word_1_113' title='bbox 355 1351 479 1408; x_wconf 89' lang='lat' dir='ltr'>secunda</span> <span class='ocrx_word' id='word_1_114' title='bbox 508 1350 614 1421; x_wconf 73' lang='lat' dir='ltr'>vigilia,</span> <span class='ocrx_word' id='word_1_115' title='bbox 639 1351 719 1405; x_wconf 86' lang='lat' dir='ltr'>tortia</span> <span class='ocrx_word' id='word_1_116' title='bbox 746 1351 852 1423; x_wconf 81' lang='lat' dir='ltr'>vigilia.</span> <span class='ocrx_word' id='word_1_117' title='bbox 887 1352 957 1407; x_wconf 92' lang='lat' dir='ltr'>Nam</span> <span class='ocrx_word' id='word_1_118' title='bbox 987 1355 1015 1408; x_wconf 90' lang='lat' dir='ltr'>in</span> 
     </span>
     <span class='ocr_line' id='line_1_18' title="bbox 207 1440 1014 1514; baseline 0.001 -17"><span class='ocrx_word' id='word_1_119' title='bbox 207 1443 300 1514; x_wconf 91' lang='lat' dir='ltr'>prima</span> <span class='ocrx_word' id='word_1_120' title='bbox 314 1442 408 1513; x_wconf 81' lang='lat' dir='ltr'>vigilia</span> <span class='ocrx_word' id='word_1_121' title='bbox 423 1440 555 1497; x_wconf 84' lang='lat' dir='ltr'>recolitur</span> <span class='ocrx_word' id='word_1_122' title='bbox 569 1456 663 1495; x_wconf 87' lang='lat' dir='ltr'>eorum</span> <span class='ocrx_word' id='word_1_123' title='bbox 679 1441 844 1495; x_wconf 89' lang='lat' dir='ltr'>resurrectio</span> <span class='ocrx_word' id='word_1_124' title='bbox 861 1441 888 1495; x_wconf 89' lang='lat' dir='ltr'>iu</span> <span class='ocrx_word' id='word_1_125' title='bbox 904 1440 1014 1499; x_wconf 88' lang='lat' dir='ltr'>Christo</span> 
     </span>
     <span class='ocr_line' id='line_1_19' title="bbox 209 1528 1038 1609; baseline 0 -24"><span class='ocrx_word' id='word_1_126' title='bbox 209 1530 309 1596; x_wconf 88' lang='lat' dir='ltr'>lutura,</span> <span class='ocrx_word' id='word_1_127' title='bbox 326 1530 451 1602; x_wconf 90' lang='lat' dir='ltr'>quiante</span> <span class='ocrx_word' id='word_1_128' title='bbox 475 1528 566 1601; x_wconf 78' lang='lat' dir='ltr'>legem</span> <span class='ocrx_word' id='word_1_129' title='bbox 589 1528 731 1584; x_wconf 90' lang='lat' dir='ltr'>coluerunt</span> <span class='ocrx_word' id='word_1_130' title='bbox 750 1528 857 1583; x_wconf 86' lang='lat' dir='ltr'>vineam</span> <span class='ocrx_word' id='word_1_131' title='bbox 882 1530 1011 1598; x_wconf 87' lang='lat' dir='ltr'>Domini;</span> <span class='ocrx_word' id='word_1_132' title='bbox 1035 1603 1038 1609; x_wconf 22' lang='grc' dir='ltr'>Ι</span> 
     </span>
    </p>

    <p class='ocr_par' dir='ltr' id='par_1_9' title="bbox 163 1617 1010 1781">
     <span class='ocr_line' id='line_1_20' title="bbox 187 1617 1010 1691; baseline -0.001 -17"><span class='ocrx_word' id='word_1_133' title='bbox 187 1638 190 1643; x_wconf 80' lang='grc'><strong>’</strong></span> <span class='ocrx_word' id='word_1_134' title='bbox 208 1621 236 1674; x_wconf 91' lang='lat' dir='ltr'>in</span> <span class='ocrx_word' id='word_1_135' title='bbox 251 1620 374 1675; x_wconf 89' lang='lat' dir='ltr'>secunda</span> <span class='ocrx_word' id='word_1_136' title='bbox 397 1634 502 1685; x_wconf 87' lang='lat' dir='ltr'>eorum,</span> <span class='ocrx_word' id='word_1_137' title='bbox 518 1617 564 1689; x_wconf 90' lang='lat' dir='ltr'>qui</span> <span class='ocrx_word' id='word_1_138' title='bbox 579 1634 630 1689; x_wconf 85' lang='lat' dir='ltr'>per</span> <span class='ocrx_word' id='word_1_139' title='bbox 645 1618 734 1688; x_wconf 76' lang='lat' dir='ltr'>legem</span> <span class='ocrx_word' id='word_1_140' title='bbox 758 1617 850 1672; x_wconf 89' lang='lat' dir='ltr'>datam</span> <span class='ocrx_word' id='word_1_141' title='bbox 873 1634 960 1691; x_wconf 91' lang='lat' dir='ltr'>usquc</span> <span class='ocrx_word' id='word_1_142' title='bbox 983 1619 1010 1673; x_wconf 93' lang='lat' dir='ltr'>in</span> 
     </span>
     <span class='ocr_line' id='line_1_21' title="bbox 163 1705 1006 1781; baseline 0.002 -18"><span class='ocrx_word' id='word_1_143' title='bbox 163 1769 165 1775; x_wconf 26' lang='lat'><strong><em>¹</em></strong></span> <span class='ocrx_word' id='word_1_144' title='bbox 207 1709 352 1765; x_wconf 90' lang='lat' dir='ltr'>adventum</span> <span class='ocrx_word' id='word_1_145' title='bbox 377 1707 504 1763; x_wconf 85' lang='lat' dir='ltr'>Christi:</span> <span class='ocrx_word' id='word_1_146' title='bbox 525 1707 552 1761; x_wconf 93' lang='lat' dir='ltr'>in</span> <span class='ocrx_word' id='word_1_147' title='bbox 578 1707 655 1762; x_wconf 88' lang='lat' dir='ltr'>tertia</span> <span class='ocrx_word' id='word_1_148' title='bbox 677 1707 777 1762; x_wconf 88' lang='lat' dir='ltr'>Christi</span> <span class='ocrx_word' id='word_1_149' title='bbox 797 1705 1006 1781; x_wconf 85' lang='lat' dir='ltr'>discipulorum,</span> 
     </span>
    </p>
   </div>
   <div class='ocr_carea' id='block_1_9' title="bbox 207 1797 643 1853">
    <p class='ocr_par' dir='ltr' id='par_1_10' title="bbox 207 1797 643 1853">
     <span class='ocr_line' id='line_1_22' title="bbox 207 1797 643 1853; baseline -0.007 -1"><span class='ocrx_word' id='word_1_150' title='bbox 207 1798 279 1853; x_wconf 86' lang='lat' dir='ltr'>nude</span> <span class='ocrx_word' id='word_1_151' title='bbox 294 1806 321 1853; x_wconf 90' lang='lat' dir='ltr'>et</span> <span class='ocrx_word' id='word_1_152' title='bbox 333 1797 375 1853; x_wconf 90' lang='lat' dir='ltr'>hie</span> <span class='ocrx_word' id='word_1_153' title='bbox 392 1797 495 1853; x_wconf 88' lang='lat' dir='ltr'>canitur</span> <span class='ocrx_word' id='word_1_154' title='bbox 509 1797 643 1853; x_wconf 79' lang='lat' dir='ltr'>Alleluia.</span> 
     </span>
    </p>
   </div>
   <div class='ocr_carea' id='block_1_10' title="bbox 199 1920 1005 2527">
    <p class='ocr_par' dir='ltr' id='par_1_11' title="bbox 199 1920 1005 2527">
     <span class='ocr_line' id='line_1_23' title="bbox 243 1920 1005 1993; baseline -0.005 -14"><span class='ocrx_word' id='word_1_155' title='bbox 243 1924 379 1979; x_wconf 86' lang='lat' dir='ltr'>Conserua</span> <span class='ocrx_word' id='word_1_156' title='bbox 396 1939 448 1991; x_wconf 82' lang='lat' dir='ltr'>rrae,</span> <span class='ocrx_word' id='word_1_157' title='bbox 465 1923 592 1987; x_wconf 84' lang='lat' dir='ltr'>Domine,</span> <span class='ocrx_word' id='word_1_158' title='bbox 619 1928 753 1975; x_wconf 89' lang='lat' dir='ltr'>memorat</span> <span class='ocrx_word' id='word_1_159' title='bbox 778 1920 952 1993; x_wconf 87' lang='lat' dir='ltr'>quiescentes</span> <span class='ocrx_word' id='word_1_160' title='bbox 976 1920 1005 1975; x_wconf 90' lang='lat' dir='ltr'>in</span> 
     </span>
     <span class='ocr_line' id='line_1_24' title="bbox 204 2008 1003 2081; baseline -0.004 -14"><span class='ocrx_word' id='word_1_161' title='bbox 204 2012 313 2067; x_wconf 90' lang='lat' dir='ltr'>Christo</span> <span class='ocrx_word' id='word_1_162' title='bbox 327 2011 361 2065; x_wconf 90' lang='lat' dir='ltr'>de</span> <span class='ocrx_word' id='word_1_163' title='bbox 375 2011 494 2066; x_wconf 84' lang='lat' dir='ltr'>Levitico</span> <span class='ocrx_word' id='word_1_164' title='bbox 509 2026 624 2081; x_wconf 81' lang='lat' dir='ltr'>genere3</span> <span class='ocrx_word' id='word_1_165' title='bbox 654 2008 778 2070; x_wconf 80' lang='lat' dir='ltr'>Exaudi.</span> <span class='ocrx_word' id='word_1_166' title='bbox 804 2010 931 2074; x_wconf 82' lang='lat' dir='ltr'>Domine,</span> <span class='ocrx_word' id='word_1_167' title='bbox 955 2026 1003 2064; x_wconf 87' lang='lat' dir='ltr'>re-</span> 
     </span>
     <span class='ocr_line' id='line_1_25' title="bbox 203 2098 1003 2173; baseline -0.004 -18"><span class='ocrx_word' id='word_1_168' title='bbox 203 2100 294 2173; x_wconf 89' lang='lat' dir='ltr'>quiem</span> <span class='ocrx_word' id='word_1_169' title='bbox 308 2100 444 2167; x_wconf 84' lang='lat' dir='ltr'>ludicum,</span> <span class='ocrx_word' id='word_1_170' title='bbox 461 2101 583 2171; x_wconf 78' lang='lat' dir='ltr'>Ditipam</span> <span class='ocrx_word' id='word_1_171' title='bbox 596 2105 633 2165; x_wconf 89' lang='lat' dir='ltr'>te,</span> <span class='ocrx_word' id='word_1_172' title='bbox 648 2098 774 2161; x_wconf 85' lang='lat' dir='ltr'>Domine,</span> <span class='ocrx_word' id='word_1_173' title='bbox 786 2114 883 2171; x_wconf 80' lang='lat' dir='ltr'>regum</span> <span class='ocrx_word' id='word_1_174' title='bbox 896 2098 1003 2154; x_wconf 82' lang='lat' dir='ltr'>Veteris</span> 
     </span>
     <span class='ocr_line' id='line_1_26' title="bbox 201 2186 1002 2259; baseline -0.002 -15"><span class='ocrx_word' id='word_1_175' title='bbox 201 2189 367 2245; x_wconf 78' lang='lat' dir='ltr'>Testamenti</span> <span class='ocrx_word' id='word_1_176' title='bbox 383 2189 514 2259; x_wconf 84' lang='lat' dir='ltr'>palmam;</span> <span class='ocrx_word' id='word_1_177' title='bbox 531 2188 677 2245; x_wconf 74' lang='lat' dir='ltr'>Decutiat</span> <span class='ocrx_word' id='word_1_178' title='bbox 701 2191 728 2243; x_wconf 88' lang='lat' dir='ltr'>te</span> <span class='ocrx_word' id='word_1_179' title='bbox 750 2188 885 2243; x_wconf 82' lang='lat' dir='ltr'>Dominus</span> <span class='ocrx_word' id='word_1_180' title='bbox 904 2186 935 2242; x_wconf 87' lang='lat' dir='ltr'>ia</span> <span class='ocrx_word' id='word_1_181' title='bbox 956 2187 1002 2242; x_wconf 89' lang='lat' dir='ltr'>die</span> 
     </span>
     <span class='ocr_line' id='line_1_27' title="bbox 200 2274 998 2349; baseline -0.003 -16"><span class='ocrx_word' id='word_1_182' title='bbox 200 2279 394 2335; x_wconf 80' lang='lat' dir='ltr'>tribulatio-ais</span> <span class='ocrx_word' id='word_1_183' title='bbox 405 2287 556 2349; x_wconf 88' lang='lat' dir='ltr'>martyrum</span> <span class='ocrx_word' id='word_1_184' title='bbox 570 2274 669 2331; x_wconf 85' lang='lat' dir='ltr'>Christi</span> <span class='ocrx_word' id='word_1_185' title='bbox 679 2275 845 2346; x_wconf 91' lang='lat' dir='ltr'>triumphum</span> <span class='ocrx_word' id='word_1_186' title='bbox 855 2292 861 2329; x_wconf 76' lang='grc' dir='ltr'><strong>ι</strong></span> <span class='ocrx_word' id='word_1_187' title='bbox 871 2276 998 2342; x_wconf 84' lang='lat' dir='ltr'>Domine,</span> 
     </span>
     <span class='ocr_line' id='line_1_28' title="bbox 199 2364 1000 2437; baseline -0.005 -14"><span class='ocrx_word' id='word_1_188' title='bbox 199 2369 231 2423; x_wconf 87' lang='lat' dir='ltr'>ia</span> <span class='ocrx_word' id='word_1_189' title='bbox 244 2368 351 2423; x_wconf 87' lang='lat' dir='ltr'>uirtute</span> <span class='ocrx_word' id='word_1_190' title='bbox 367 2372 418 2423; x_wconf 86' lang='lat' dir='ltr'>tua</span> <span class='ocrx_word' id='word_1_191' title='bbox 434 2368 580 2423; x_wconf 82' lang='lat' dir='ltr'>loetabitur·</span> <span class='ocrx_word' id='word_1_192' title='bbox 594 2382 647 2421; x_wconf 79' lang='lat' dir='ltr'>rex</span> <span class='ocrx_word' id='word_1_193' title='bbox 659 2380 773 2437; x_wconf 75' lang='lat' dir='ltr'>regnum</span> <span class='ocrx_word' id='word_1_194' title='bbox 790 2380 905 2419; x_wconf 89' lang='lat' dir='ltr'>manens</span> <span class='ocrx_word' id='word_1_195' title='bbox 921 2364 1000 2437; x_wconf 90' lang='lat' dir='ltr'>spiri·</span> 
     </span>
     <span class='ocr_line' id='line_1_29' title="bbox 199 2456 435 2527; baseline -0.004 -16"><span class='ocrx_word' id='word_1_196' title='bbox 199 2456 311 2511; x_wconf 86' lang='lat' dir='ltr'>tualium</span> <span class='ocrx_word' id='word_1_197' title='bbox 324 2472 435 2527; x_wconf 72' lang='lat' dir='ltr'>regum.</span> 
     </span>
    </p>
   </div>
   <div class='ocr_carea' id='block_1_11' title="bbox 194 2570 997 2806">
    <p class='ocr_par' dir='ltr' id='par_1_12' title="bbox 194 2570 997 2806">
     <span class='ocr_line' id='line_1_30' title="bbox 233 2570 997 2643; baseline -0.004 -18"><span class='ocrx_word' id='word_1_198' title='bbox 233 2572 281 2626; x_wconf 72' lang='lat' dir='ltr'>ttae</span> <span class='ocrx_word' id='word_1_199' title='bbox 301 2586 427 2643; x_wconf 71' lang='lat' dir='ltr'>personas</span> <span class='ocrx_word' id='word_1_200' title='bbox 447 2571 568 2627; x_wconf 89' lang='lat' dir='ltr'>membra</span> <span class='ocrx_word' id='word_1_201' title='bbox 593 2579 658 2627; x_wconf 80' lang='lat' dir='ltr'>sarit</span> <span class='ocrx_word' id='word_1_202' title='bbox 680 2570 744 2625; x_wconf 90' lang='lat' dir='ltr'>illus</span> <span class='ocrx_word' id='word_1_203' title='bbox 767 2571 881 2641; x_wconf 89' lang='lat' dir='ltr'>capitis,</span> <span class='ocrx_word' id='word_1_204' title='bbox 915 2572 997 2635; x_wconf 86' lang='lat' dir='ltr'>cujus</span> 
     </span>
     <span class='ocr_line' id='line_1_31' title="bbox 195 2659 994 2733; baseline -0.005 -18"><span class='ocrx_word' id='word_1_205' title='bbox 195 2676 310 2733; x_wconf 80' lang='lat' dir='ltr'>regnum</span> <span class='ocrx_word' id='word_1_206' title='bbox 325 2660 534 2717; x_wconf 85' lang='lat' dir='ltr'>memoratoria</span> <span class='ocrx_word' id='word_1_207' title='bbox 548 2666 670 2732; x_wconf 77' lang='lat' dir='ltr'>psalmos</span> <span class='ocrx_word' id='word_1_208' title='bbox 683 2678 689 2715; x_wconf 91' lang='lat'>:</span> <span class='ocrx_word' id='word_1_209' title='bbox 701 2661 838 2716; x_wconf 81' lang='lat' dir='ltr'>Dominus</span> <span class='ocrx_word' id='word_1_210' title='bbox 854 2659 994 2730; x_wconf 76' lang='lat' dir='ltr'>repnauit,</span> 
     </span>
     <span class='ocr_line' id='line_1_32' title="bbox 194 2746 995 2806; baseline -0.007 -1"><span class='ocrx_word' id='word_1_211' title='bbox 194 2749 323 2806; x_wconf 85' lang='lat' dir='ltr'>decorem</span> <span class='ocrx_word' id='word_1_212' title='bbox 345 2748 465 2805; x_wconf 80' lang='lat' dir='ltr'>indatus</span> <span class='ocrx_word' id='word_1_213' title='bbox 479 2753 532 2805; x_wconf 86' lang='lat' dir='ltr'>est.</span> <span class='ocrx_word' id='word_1_214' title='bbox 557 2750 625 2805; x_wconf 91' lang='lat' dir='ltr'>Tres</span> <span class='ocrx_word' id='word_1_215' title='bbox 641 2757 782 2805; x_wconf 81' lang='lat' dir='ltr'>nocturnae</span> <span class='ocrx_word' id='word_1_216' title='bbox 801 2748 827 2803; x_wconf 91' lang='lat' dir='ltr'>in</span> <span class='ocrx_word' id='word_1_217' title='bbox 843 2746 995 2803; x_wconf 86' lang='lat' dir='ltr'>Dominicis</span> 
     </span>
    </p>
   </div>
   <div class='ocr_carea' id='block_1_12' title="bbox 193 2836 994 2989">
    <p class='ocr_par' dir='ltr' id='par_1_13' title="bbox 193 2836 994 2989">
     <span class='ocr_line' id='line_1_33' title="bbox 194 2836 994 2910; baseline -0.008 -17"><span class='ocrx_word' id='word_1_218' title='bbox 194 2837 291 2895; x_wconf 89' lang='lat' dir='ltr'>diebus</span> <span class='ocrx_word' id='word_1_219' title='bbox 314 2836 468 2910; x_wconf 78' lang='lat' dir='ltr'>significant</span> <span class='ocrx_word' id='word_1_220' title='bbox 491 2837 721 2893; x_wconf 87' lang='lat' dir='ltr'>resurrectionem</span> <span class='ocrx_word' id='word_1_221' title='bbox 745 2852 910 2907; x_wconf 65' lang='lat' dir='ltr'>corporum</span> <span class='ocrx_word' id='word_1_222' title='bbox 936 2842 994 2889; x_wconf 88' lang='lat' dir='ltr'>tres</span> 
     </span>
     <span class='ocr_line' id='line_1_34' title="bbox 193 2916 991 2989; baseline -0.006 -17"><span class='ocrx_word' id='word_1_223' title='bbox 193 2929 294 2983; x_wconf 87' lang='lat' dir='ltr'>autem,</span> <span class='ocrx_word' id='word_1_224' title='bbox 311 2933 371 2989; x_wconf 81' lang='lat' dir='ltr'>quae</span> <span class='ocrx_word' id='word_1_225' title='bbox 393 2918 421 2972; x_wconf 92' lang='lat' dir='ltr'>in</span> <span class='ocrx_word' id='word_1_226' title='bbox 444 2916 637 2973; x_wconf 76' lang='lat' dir='ltr'>festivitatibus</span> <span class='ocrx_word' id='word_1_227' title='bbox 661 2925 822 2973; x_wconf 88' lang='lat' dir='ltr'>sanctorum</span> <span class='ocrx_word' id='word_1_228' title='bbox 846 2922 991 2980; x_wconf 90' lang='lat' dir='ltr'>canuntur,</span> 
     </span>
    </p>
   </div>
   <div class='ocr_carea' id='block_1_13' title="bbox 136 3005 989 3077">
    <p class='ocr_par' dir='ltr' id='par_1_14' title="bbox 136 3005 989 3077">
     <span class='ocr_line' id='line_1_35' title="bbox 136 3005 989 3077; baseline -0.004 -18"><span class='ocrx_word' id='word_1_229' title='bbox 136 3042 141 3049; x_wconf 83' lang='lat'><em>-</em></span> <span class='ocrx_word' id='word_1_230' title='bbox 193 3005 314 3061; x_wconf 81' lang='lat' dir='ltr'>recolunt</span> <span class='ocrx_word' id='word_1_231' title='bbox 329 3005 523 3071; x_wconf 86' lang='lat' dir='ltr'>beatitudinem</span> <span class='ocrx_word' id='word_1_232' title='bbox 537 3006 689 3061; x_wconf 88' lang='lat' dir='ltr'>animarum</span> <span class='ocrx_word' id='word_1_233' title='bbox 705 3024 712 3059; x_wconf 76' lang='grc' dir='ltr'><strong>ι</strong></span> <span class='ocrx_word' id='word_1_234' title='bbox 729 3021 809 3077; x_wconf 89' lang='lat' dir='ltr'>quam</span> <span class='ocrx_word' id='word_1_235' title='bbox 833 3012 897 3060; x_wconf 92' lang='lat' dir='ltr'>tunc</span> <span class='ocrx_word' id='word_1_236' title='bbox 922 3018 989 3075; x_wconf 91' lang='lat' dir='ltr'>per-</span> 
     </span>
    </p>
   </div>
   <div class='ocr_carea' id='block_1_14' title="bbox 1065 678 1876 1731">
    <p class='ocr_par' dir='ltr' id='par_1_15' title="bbox 1065 678 1876 1731">
     <span class='ocr_line' id='line_1_36' title="bbox 1076 678 1876 756; baseline 0.016 -26"><span class='ocrx_word' id='word_1_237' title='bbox 1076 678 1197 746; x_wconf 88' lang='lat' dir='ltr'>psatmus</span> <span class='ocrx_word' id='word_1_238' title='bbox 1215 696 1222 733; x_wconf 89' lang='lat'>:</span> <span class='ocrx_word' id='word_1_239' title='bbox 1237 682 1309 737; x_wconf 79' lang='lat' dir='ltr'>Deus</span> <span class='ocrx_word' id='word_1_240' title='bbox 1328 683 1498 739; x_wconf 79' lang='lat' dir='ltr'>misereatur</span> <span class='ocrx_word' id='word_1_241' title='bbox 1516 684 1700 756; x_wconf 81' lang='lat' dir='ltr'>conjungitur,</span> <span class='ocrx_word' id='word_1_242' title='bbox 1716 693 1744 741; x_wconf 93' lang='lat' dir='ltr'>et</span> <span class='ocrx_word' id='word_1_243' title='bbox 1756 686 1876 743; x_wconf 87' lang='lat' dir='ltr'>ludaica</span> 
     </span>
     <span class='ocr_line' id='line_1_37' title="bbox 1073 765 1874 837; baseline 0.015 -19"><span class='ocrx_word' id='word_1_244' title='bbox 1073 765 1153 835; x_wconf 73' lang='lat' dir='ltr'>plebs</span> <span class='ocrx_word' id='word_1_245' title='bbox 1166 783 1216 837; x_wconf 90' lang='lat' dir='ltr'>per</span> <span class='ocrx_word' id='word_1_246' title='bbox 1229 769 1452 837; x_wconf 70' lang='lat' dir='ltr'>predicationem</span> <span class='ocrx_word' id='word_1_247' title='bbox 1477 773 1590 827; x_wconf 87' lang='lat' dir='ltr'>llenoch</span> <span class='ocrx_word' id='word_1_248' title='bbox 1611 780 1637 828; x_wconf 88' lang='lat' dir='ltr'>et</span> <span class='ocrx_word' id='word_1_249' title='bbox 1658 774 1726 829; x_wconf 74' lang='lat' dir='ltr'>Elina</span> <span class='ocrx_word' id='word_1_250' title='bbox 1740 774 1775 829; x_wconf 88' lang='lat' dir='ltr'>ad</span> <span class='ocrx_word' id='word_1_251' title='bbox 1789 773 1874 830; x_wconf 88' lang='lat' dir='ltr'>tidem</span> 
     </span>
     <span class='ocr_line' id='line_1_38' title="bbox 1074 853 1873 928; baseline 0.01 -19"><span class='ocrx_word' id='word_1_252' title='bbox 1074 853 1173 909; x_wconf 90' lang='lat' dir='ltr'>Christi</span> <span class='ocrx_word' id='word_1_253' title='bbox 1199 858 1384 928; x_wconf 83' lang='lat' dir='ltr'>cont·ertitur;</span> <span class='ocrx_word' id='word_1_254' title='bbox 1399 859 1462 915; x_wconf 91' lang='lat' dir='ltr'>ideo</span> <span class='ocrx_word' id='word_1_255' title='bbox 1476 860 1528 915; x_wconf 90' lang='lat' dir='ltr'>sub</span> <span class='ocrx_word' id='word_1_256' title='bbox 1543 877 1597 916; x_wconf 92' lang='lat' dir='ltr'>uno</span> <span class='ocrx_word' id='word_1_257' title='bbox 1614 862 1712 919; x_wconf 82' lang='lat' dir='ltr'>Gloria</span> <span class='ocrx_word' id='word_1_258' title='bbox 1734 872 1873 918; x_wconf 91' lang='lat' dir='ltr'>canuntur</span> 
     </span>
     <span class='ocr_line' id='line_1_39' title="bbox 1073 943 1870 1021; baseline 0.01 -24"><span class='ocrx_word' id='word_1_259' title='bbox 1073 943 1135 1013; x_wconf 87' lang='lat' dir='ltr'>qnia</span> <span class='ocrx_word' id='word_1_260' title='bbox 1148 959 1203 999; x_wconf 86' lang='lat' dir='ltr'>nna</span> <span class='ocrx_word' id='word_1_261' title='bbox 1217 946 1340 1002; x_wconf 83' lang='lat' dir='ltr'>Ecclesia</span> <span class='ocrx_word' id='word_1_262' title='bbox 1350 964 1383 1003; x_wconf 84' lang='lat' dir='ltr'>ex</span> <span class='ocrx_word' id='word_1_263' title='bbox 1393 948 1500 1005; x_wconf 87' lang='lat' dir='ltr'>duobus</span> <span class='ocrx_word' id='word_1_264' title='bbox 1514 950 1623 1021; x_wconf 87' lang='lat' dir='ltr'>populis</span> <span class='ocrx_word' id='word_1_265' title='bbox 1635 950 1757 1007; x_wconf 90' lang='lat' dir='ltr'>laudabit</span> <span class='ocrx_word' id='word_1_266' title='bbox 1769 951 1870 1007; x_wconf 87' lang='lat' dir='ltr'>Deum·</span> 
     </span>
     <span class='ocr_line' id='line_1_40' title="bbox 1073 1032 1871 1112; baseline 0.011 -27"><span class='ocrx_word' id='word_1_267' title='bbox 1073 1032 1103 1085; x_wconf 90' lang='lat' dir='ltr'>ln</span> <span class='ocrx_word' id='word_1_268' title='bbox 1117 1034 1213 1103; x_wconf 92' lang='lat' dir='ltr'>quinto</span> <span class='ocrx_word' id='word_1_269' title='bbox 1223 1034 1285 1091; x_wconf 88' lang='lat' dir='ltr'>loco</span> <span class='ocrx_word' id='word_1_270' title='bbox 1299 1036 1406 1092; x_wconf 86' lang='lat' dir='ltr'>canitur</span> <span class='ocrx_word' id='word_1_271' title='bbox 1420 1040 1579 1094; x_wconf 69' lang='lat' dir='ltr'>Berodtctte</span> <span class='ocrx_word' id='word_1_272' title='bbox 1595 1039 1731 1107; x_wconf 64' lang='lat' dir='ltr'>Domina·</span> <span class='ocrx_word' id='word_1_273' title='bbox 1746 1039 1773 1093; x_wconf 92' lang='lat' dir='ltr'>in</span> <span class='ocrx_word' id='word_1_274' title='bbox 1788 1040 1871 1112; x_wconf 87' lang='lat' dir='ltr'>quin·</span> 
     </span>
     <span class='ocr_line' id='line_1_41' title="bbox 1072 1123 1871 1199; baseline 0.01 -25"><span class='ocrx_word' id='word_1_275' title='bbox 1072 1129 1096 1174; x_wconf 87' lang='lat' dir='ltr'>ta</span> <span class='ocrx_word' id='word_1_276' title='bbox 1110 1129 1190 1177; x_wconf 74' lang='lat' dir='ltr'>aetate</span> <span class='ocrx_word' id='word_1_277' title='bbox 1212 1123 1307 1178; x_wconf 91' lang='lat' dir='ltr'>mundi</span> <span class='ocrx_word' id='word_1_278' title='bbox 1329 1126 1401 1179; x_wconf 88' lang='lat' dir='ltr'>misit</span> <span class='ocrx_word' id='word_1_279' title='bbox 1422 1127 1680 1183; x_wconf 87' lang='lat' dir='ltr'>Nabuchodonosor</span> <span class='ocrx_word' id='word_1_280' title='bbox 1694 1138 1751 1183; x_wconf 87' lang='lat' dir='ltr'>tres</span> <span class='ocrx_word' id='word_1_281' title='bbox 1765 1144 1871 1199; x_wconf 88' lang='lat' dir='ltr'>pueros</span> 
     </span>
     <span class='ocr_line' id='line_1_42' title="bbox 1070 1209 1870 1287; baseline 0.01 -25"><span class='ocrx_word' id='word_1_282' title='bbox 1070 1209 1097 1264; x_wconf 93' lang='lat' dir='ltr'>in</span> <span class='ocrx_word' id='word_1_283' title='bbox 1112 1211 1250 1267; x_wconf 90' lang='lat' dir='ltr'>caminum</span> <span class='ocrx_word' id='word_1_284' title='bbox 1264 1212 1346 1285; x_wconf 82' lang='lat' dir='ltr'>ignis,</span> <span class='ocrx_word' id='word_1_285' title='bbox 1358 1213 1385 1268; x_wconf 90' lang='lat' dir='ltr'>in</span> <span class='ocrx_word' id='word_1_286' title='bbox 1401 1231 1457 1287; x_wconf 91' lang='lat' dir='ltr'>quo</span> <span class='ocrx_word' id='word_1_287' title='bbox 1471 1218 1542 1271; x_wconf 91' lang='lat' dir='ltr'>hunc</span> <span class='ocrx_word' id='word_1_288' title='bbox 1557 1216 1688 1286; x_wconf 75' lang='lat' dir='ltr'>hymnum</span> <span class='ocrx_word' id='word_1_289' title='bbox 1698 1216 1870 1273; x_wconf 88' lang='lat' dir='ltr'>cecinerunt.</span> 
     </span>
     <span class='ocr_line' id='line_1_43' title="bbox 1069 1298 1871 1377; baseline 0.009 -23"><span class='ocrx_word' id='word_1_290' title='bbox 1069 1298 1323 1357; x_wconf 88' lang='lat' dir='ltr'>Nabuchodonosor</span> <span class='ocrx_word' id='word_1_291' title='bbox 1348 1302 1484 1376; x_wconf 78' lang='lat' dir='ltr'>significat</span> <span class='ocrx_word' id='word_1_292' title='bbox 1507 1304 1719 1372; x_wconf 75' lang='lat' dir='ltr'>antichristum,</span> <span class='ocrx_word' id='word_1_293' title='bbox 1746 1306 1792 1377; x_wconf 90' lang='lat' dir='ltr'>qui</span> <span class='ocrx_word' id='word_1_294' title='bbox 1817 1305 1871 1361; x_wconf 92' lang='lat' dir='ltr'>illo</span> 
     </span>
     <span class='ocr_line' id='line_1_44' title="bbox 1069 1389 1870 1467; baseline 0.009 -26"><span class='ocrx_word' id='word_1_295' title='bbox 1069 1395 1193 1458; x_wconf 86' lang='lat' dir='ltr'>tempore</span> <span class='ocrx_word' id='word_1_296' title='bbox 1208 1398 1265 1445; x_wconf 90' lang='lat' dir='ltr'>tres</span> <span class='ocrx_word' id='word_1_297' title='bbox 1282 1389 1353 1445; x_wconf 90' lang='lat' dir='ltr'>lilios</span> <span class='ocrx_word' id='word_1_298' title='bbox 1367 1392 1436 1457; x_wconf 89' lang='lat' dir='ltr'>Noe,</span> <span class='ocrx_word' id='word_1_299' title='bbox 1452 1392 1479 1448; x_wconf 88' lang='lat' dir='ltr'>id</span> <span class='ocrx_word' id='word_1_300' title='bbox 1493 1401 1535 1448; x_wconf 88' lang='lat' dir='ltr'>est</span> <span class='ocrx_word' id='word_1_301' title='bbox 1549 1401 1636 1449; x_wconf 91' lang='lat' dir='ltr'>totum</span> <span class='ocrx_word' id='word_1_302' title='bbox 1655 1410 1744 1467; x_wconf 84' lang='lat' dir='ltr'>genus</span> <span class='ocrx_word' id='word_1_303' title='bbox 1764 1395 1870 1449; x_wconf 90' lang='lat' dir='ltr'>huma-</span> 
     </span>
     <span class='ocr_line' id='line_1_45' title="bbox 1068 1479 1868 1551; baseline 0.008 -20"><span class='ocrx_word' id='word_1_304' title='bbox 1068 1492 1136 1545; x_wconf 83' lang='lat' dir='ltr'>num</span> <span class='ocrx_word' id='word_1_305' title='bbox 1150 1479 1186 1533; x_wconf 92' lang='lat' dir='ltr'>de</span> <span class='ocrx_word' id='word_1_306' title='bbox 1200 1479 1288 1533; x_wconf 88' lang='lat' dir='ltr'>tribus</span> <span class='ocrx_word' id='word_1_307' title='bbox 1303 1480 1397 1535; x_wconf 84' lang='lat' dir='ltr'>inundi</span> <span class='ocrx_word' id='word_1_308' title='bbox 1420 1481 1551 1551; x_wconf 89' lang='lat' dir='ltr'>partibus,</span> <span class='ocrx_word' id='word_1_309' title='bbox 1568 1482 1641 1549; x_wconf 77' lang='lat' dir='ltr'>Asia,</span> <span class='ocrx_word' id='word_1_310' title='bbox 1658 1481 1749 1539; x_wconf 77' lang='lat' dir='ltr'>Africa</span> <span class='ocrx_word' id='word_1_311' title='bbox 1763 1494 1791 1538; x_wconf 90' lang='lat' dir='ltr'>et</span> <span class='ocrx_word' id='word_1_312' title='bbox 1804 1482 1868 1537; x_wconf 87' lang='lat' dir='ltr'>Eu-</span> 
     </span>
     <span class='ocr_line' id='line_1_46' title="bbox 1066 1565 1868 1643; baseline 0.011 -24"><span class='ocrx_word' id='word_1_313' title='bbox 1066 1580 1135 1635; x_wconf 92' lang='lat' dir='ltr'>ropa</span> <span class='ocrx_word' id='word_1_314' title='bbox 1147 1565 1174 1620; x_wconf 92' lang='lat' dir='ltr'>in</span> <span class='ocrx_word' id='word_1_315' title='bbox 1189 1568 1324 1624; x_wconf 89' lang='lat' dir='ltr'>caminum</span> <span class='ocrx_word' id='word_1_316' title='bbox 1339 1569 1426 1625; x_wconf 92' lang='lat' dir='ltr'>mittet</span> <span class='ocrx_word' id='word_1_317' title='bbox 1440 1570 1633 1627; x_wconf 89' lang='lat' dir='ltr'>tribulationis.</span> <span class='ocrx_word' id='word_1_318' title='bbox 1660 1572 1717 1642; x_wconf 90' lang='lat' dir='ltr'>Ipsi</span> <span class='ocrx_word' id='word_1_319' title='bbox 1731 1588 1868 1643; x_wconf 83' lang='lat' dir='ltr'>perseve-</span> 
     </span>
     <span class='ocr_line' id='line_1_47' title="bbox 1065 1655 1869 1731; baseline 0.01 -24"><span class='ocrx_word' id='word_1_320' title='bbox 1065 1664 1156 1710; x_wconf 85' lang='lat' dir='ltr'>rantes</span> <span class='ocrx_word' id='word_1_321' title='bbox 1171 1656 1198 1709; x_wconf 92' lang='lat' dir='ltr'>in</span> <span class='ocrx_word' id='word_1_322' title='bbox 1211 1655 1266 1712; x_wconf 84' lang='lat' dir='ltr'>fide</span> <span class='ocrx_word' id='word_1_323' title='bbox 1280 1655 1415 1714; x_wconf 85' lang='lat' dir='ltr'>catholice</span> <span class='ocrx_word' id='word_1_324' title='bbox 1437 1669 1518 1715; x_wconf 91' lang='lat' dir='ltr'>erunt</span> <span class='ocrx_word' id='word_1_325' title='bbox 1538 1660 1673 1731; x_wconf 87' lang='lat' dir='ltr'>patientes</span> <span class='ocrx_word' id='word_1_326' title='bbox 1692 1661 1722 1715; x_wconf 90' lang='lat' dir='ltr'>in</span> <span class='ocrx_word' id='word_1_327' title='bbox 1744 1661 1869 1715; x_wconf 87' lang='lat' dir='ltr'>tribula-</span> 
     </span>
    </p>
   </div>
   <div class='ocr_carea' id='block_1_15' title="bbox 1021 1743 1867 1830">
    <p class='ocr_par' dir='ltr' id='par_1_16' title="bbox 1021 1743 1867 1830">
     <span class='ocr_line' id='line_1_48' title="bbox 1021 1743 1867 1830; baseline 0.013 -35"><span class='ocrx_word' id='word_1_328' title='bbox 1021 1743 1153 1830; x_wconf 79' lang='lat' dir='ltr'>Btione;</span> <span class='ocrx_word' id='word_1_329' title='bbox 1178 1754 1204 1800; x_wconf 92' lang='lat' dir='ltr'>et</span> <span class='ocrx_word' id='word_1_330' title='bbox 1218 1762 1268 1816; x_wconf 91' lang='lat' dir='ltr'>per</span> <span class='ocrx_word' id='word_1_331' title='bbox 1280 1748 1437 1817; x_wconf 87' lang='lat' dir='ltr'>patientiam</span> <span class='ocrx_word' id='word_1_332' title='bbox 1458 1748 1577 1819; x_wconf 88' lang='lat' dir='ltr'>probati,</span> <span class='ocrx_word' id='word_1_333' title='bbox 1602 1748 1763 1822; x_wconf 89' lang='lat' dir='ltr'>probatione</span> <span class='ocrx_word' id='word_1_334' title='bbox 1786 1750 1867 1806; x_wconf 85' lang='lat' dir='ltr'>inve·</span> 
     </span>
    </p>
   </div>
   <div class='ocr_carea' id='block_1_16' title="bbox 1047 1831 1869 3061">
    <p class='ocr_par' dir='ltr' id='par_1_17' title="bbox 1047 1831 1869 3061">
     <span class='ocr_line' id='line_1_49' title="bbox 1062 1831 1865 1911; baseline 0.009 -25"><span class='ocrx_word' id='word_1_335' title='bbox 1062 1831 1176 1887; x_wconf 87' lang='lat' dir='ltr'>niuntur</span> <span class='ocrx_word' id='word_1_336' title='bbox 1196 1850 1247 1905; x_wconf 90' lang='lat' dir='ltr'>spe</span> <span class='ocrx_word' id='word_1_337' title='bbox 1267 1835 1355 1890; x_wconf 78' lang='lat' dir='ltr'>beati.</span> <span class='ocrx_word' id='word_1_338' title='bbox 1376 1838 1443 1892; x_wconf 89' lang='lat' dir='ltr'>Tres</span> <span class='ocrx_word' id='word_1_339' title='bbox 1464 1838 1579 1908; x_wconf 81' lang='lat' dir='ltr'>psalmi,</span> <span class='ocrx_word' id='word_1_340' title='bbox 1604 1837 1650 1910; x_wconf 92' lang='lat' dir='ltr'>qui</span> <span class='ocrx_word' id='word_1_341' title='bbox 1674 1846 1828 1911; x_wconf 90' lang='lat' dir='ltr'>sequuntur</span> <span class='ocrx_word' id='word_1_342' title='bbox 1856 1856 1865 1893; x_wconf 74' lang='grc' dir='ltr'>ε</span> 
     </span>
     <span class='ocr_line' id='line_1_50' title="bbox 1060 1922 1869 1992; baseline 0.01 -17"><span class='ocrx_word' id='word_1_343' title='bbox 1060 1922 1190 1978; x_wconf 83' lang='lat' dir='ltr'>laudate</span> <span class='ocrx_word' id='word_1_344' title='bbox 1203 1925 1354 1981; x_wconf 82' lang='lat' dir='ltr'>Dominum</span> <span class='ocrx_word' id='word_1_345' title='bbox 1370 1926 1404 1981; x_wconf 90' lang='lat' dir='ltr'>de</span> <span class='ocrx_word' id='word_1_346' title='bbox 1420 1928 1509 1989; x_wconf 79' lang='lat' dir='ltr'>entis,</span> <span class='ocrx_word' id='word_1_347' title='bbox 1520 1927 1774 1992; x_wconf 69' lang='lat' dir='ltr'>CantateDcmiao,</span> <span class='ocrx_word' id='word_1_348' title='bbox 1784 1929 1869 1983; x_wconf 82' lang='lat' dir='ltr'>Lau-</span> 
     </span>
     <span class='ocr_line' id='line_1_51' title="bbox 1058 2005 1865 2083; baseline 0.01 -24"><span class='ocrx_word' id='word_1_349' title='bbox 1058 2005 1126 2061; x_wconf 86' lang='lat' dir='ltr'>date</span> <span class='ocrx_word' id='word_1_350' title='bbox 1136 2008 1288 2063; x_wconf 83' lang='lat' dir='ltr'>Dominam</span> <span class='ocrx_word' id='word_1_351' title='bbox 1306 2010 1339 2064; x_wconf 85' lang='lat' dir='ltr'>in</span> <span class='ocrx_word' id='word_1_352' title='bbox 1359 2013 1467 2065; x_wconf 79' lang='lat' dir='ltr'>scitatis</span> <span class='ocrx_word' id='word_1_353' title='bbox 1482 2013 1554 2083; x_wconf 77' lang='lat' dir='ltr'>ejus,</span> <span class='ocrx_word' id='word_1_354' title='bbox 1565 2010 1617 2066; x_wconf 91' lang='lat' dir='ltr'>sub</span> <span class='ocrx_word' id='word_1_355' title='bbox 1632 2029 1685 2067; x_wconf 91' lang='lat' dir='ltr'>uno</span> <span class='ocrx_word' id='word_1_356' title='bbox 1700 2012 1796 2068; x_wconf 84' lang='lat' dir='ltr'>Gloria</span> <span class='ocrx_word' id='word_1_357' title='bbox 1808 2028 1865 2067; x_wconf 87' lang='lat' dir='ltr'>ca-</span> 
     </span>
     <span class='ocr_line' id='line_1_52' title="bbox 1059 2098 1865 2170; baseline 0.011 -23"><span class='ocrx_word' id='word_1_358' title='bbox 1059 2103 1173 2160; x_wconf 86' lang='lat' dir='ltr'>uuntur;</span> <span class='ocrx_word' id='word_1_359' title='bbox 1189 2105 1302 2153; x_wconf 83' lang='lat' dir='ltr'>satiatos</span> <span class='ocrx_word' id='word_1_360' title='bbox 1318 2098 1438 2154; x_wconf 86' lang='lat' dir='ltr'>victuros</span> <span class='ocrx_word' id='word_1_361' title='bbox 1450 2098 1549 2155; x_wconf 88' lang='lat' dir='ltr'>docent</span> <span class='ocrx_word' id='word_1_362' title='bbox 1563 2108 1625 2170; x_wconf 90' lang='lat' dir='ltr'>post</span> <span class='ocrx_word' id='word_1_363' title='bbox 1638 2100 1865 2157; x_wconf 82' lang='lat' dir='ltr'>interiectionem</span> 
     </span>
     <span class='ocr_line' id='line_1_53' title="bbox 1055 2184 1864 2261; baseline 0.01 -24"><span class='ocrx_word' id='word_1_364' title='bbox 1055 2184 1214 2239; x_wconf 70' lang='lat' dir='ltr'>antichristi</span> <span class='ocrx_word' id='word_1_365' title='bbox 1229 2186 1256 2240; x_wconf 92' lang='lat' dir='ltr'>in</span> <span class='ocrx_word' id='word_1_366' title='bbox 1271 2184 1397 2243; x_wconf 84' lang='lat' dir='ltr'>firmitate</span> <span class='ocrx_word' id='word_1_367' title='bbox 1418 2186 1482 2243; x_wconf 91' lang='lat' dir='ltr'>tidei</span> <span class='ocrx_word' id='word_1_368' title='bbox 1497 2197 1524 2243; x_wconf 90' lang='lat' dir='ltr'>et</span> <span class='ocrx_word' id='word_1_369' title='bbox 1538 2189 1707 2246; x_wconf 89' lang='lat' dir='ltr'>beatitudine</span> <span class='ocrx_word' id='word_1_370' title='bbox 1731 2190 1807 2261; x_wconf 89' lang='lat' dir='ltr'>spei,</span> <span class='ocrx_word' id='word_1_371' title='bbox 1832 2198 1864 2245; x_wconf 93' lang='lat' dir='ltr'>et</span> 
     </span>
     <span class='ocr_line' id='line_1_54' title="bbox 1056 2269 1858 2349; baseline 0.009 -25"><span class='ocrx_word' id='word_1_372' title='bbox 1056 2269 1168 2342; x_wconf 78' lang='lat' dir='ltr'>laetitia,</span> <span class='ocrx_word' id='word_1_373' title='bbox 1203 2274 1361 2332; x_wconf 85' lang='lat' dir='ltr'>dilectionis</span> <span class='ocrx_word' id='word_1_374' title='bbox 1391 2276 1419 2330; x_wconf 92' lang='lat' dir='ltr'>in</span> <span class='ocrx_word' id='word_1_375' title='bbox 1452 2277 1630 2332; x_wconf 86' lang='lat' dir='ltr'>unanimitate</span> <span class='ocrx_word' id='word_1_376' title='bbox 1662 2277 1858 2349; x_wconf 86' lang='lat' dir='ltr'>inseparabili.</span> 
     </span>
     <span class='ocr_line' id='line_1_55' title="bbox 1054 2362 1862 2437; baseline 0.007 -22"><span class='ocrx_word' id='word_1_377' title='bbox 1054 2362 1159 2427; x_wconf 83' lang='lat' dir='ltr'>Lectio,</span> <span class='ocrx_word' id='word_1_378' title='bbox 1177 2379 1238 2433; x_wconf 87' lang='lat' dir='ltr'>quae</span> <span class='ocrx_word' id='word_1_379' title='bbox 1261 2364 1393 2435; x_wconf 89' lang='lat' dir='ltr'>sequitur,</span> <span class='ocrx_word' id='word_1_380' title='bbox 1417 2372 1458 2420; x_wconf 90' lang='lat' dir='ltr'>est</span> <span class='ocrx_word' id='word_1_381' title='bbox 1477 2366 1555 2422; x_wconf 83' lang='lat' dir='ltr'>cibus</span> <span class='ocrx_word' id='word_1_382' title='bbox 1576 2366 1724 2437; x_wconf 89' lang='lat' dir='ltr'>spiritualis</span> <span class='ocrx_word' id='word_1_383' title='bbox 1745 2376 1808 2423; x_wconf 91' lang='lat' dir='ltr'>tunc</span> <span class='ocrx_word' id='word_1_384' title='bbox 1828 2366 1862 2421; x_wconf 87' lang='lat' dir='ltr'>in</span> 
     </span>
     <span class='ocr_line' id='line_1_56' title="bbox 1054 2449 1859 2527; baseline 0.005 -22"><span class='ocrx_word' id='word_1_385' title='bbox 1054 2449 1193 2517; x_wconf 84' lang='lat' dir='ltr'>Ecclesia,</span> <span class='ocrx_word' id='word_1_386' title='bbox 1217 2452 1264 2523; x_wconf 92' lang='lat' dir='ltr'>qui</span> <span class='ocrx_word' id='word_1_387' title='bbox 1287 2463 1387 2526; x_wconf 75' lang='lat' dir='ltr'>augeat</span> <span class='ocrx_word' id='word_1_388' title='bbox 1410 2453 1545 2509; x_wconf 76' lang='lat' dir='ltr'>laetitiam.</span> <span class='ocrx_word' id='word_1_389' title='bbox 1571 2454 1700 2527; x_wconf 87' lang='lat' dir='ltr'>Sequitur</span> <span class='ocrx_word' id='word_1_390' title='bbox 1727 2472 1822 2512; x_wconf 85' lang='lat' dir='ltr'>versus</span> <span class='ocrx_word' id='word_1_391' title='bbox 1850 2470 1859 2509; x_wconf 77' lang='grc' dir='ltr'><em>τ</em></span> 
     </span>
     <span class='ocr_line' id='line_1_57' title="bbox 1051 2538 1859 2615; baseline 0.01 -24"><span class='ocrx_word' id='word_1_392' title='bbox 1051 2538 1188 2595; x_wconf 76' lang='lat' dir='ltr'>Dominae</span> <span class='ocrx_word' id='word_1_393' title='bbox 1221 2545 1350 2613; x_wconf 79' lang='lat' dir='ltr'>repaaoit</span> <span class='ocrx_word' id='word_1_394' title='bbox 1374 2561 1382 2598; x_wconf 93' lang='lat'>:</span> <span class='ocrx_word' id='word_1_395' title='bbox 1405 2551 1433 2597; x_wconf 93' lang='lat' dir='ltr'>ut</span> <span class='ocrx_word' id='word_1_396' title='bbox 1455 2543 1524 2599; x_wconf 88' lang='lat' dir='ltr'>sicut</span> <span class='ocrx_word' id='word_1_397' title='bbox 1550 2544 1676 2615; x_wconf 89' lang='lat' dir='ltr'>discipuli</span> <span class='ocrx_word' id='word_1_398' title='bbox 1704 2544 1734 2599; x_wconf 92' lang='lat' dir='ltr'>in</span> <span class='ocrx_word' id='word_1_399' title='bbox 1765 2552 1859 2600; x_wconf 86' lang='lat' dir='ltr'>morta</span> 
     </span>
     <span class='ocr_line' id='line_1_58' title="bbox 1051 2626 1856 2700; baseline 0.007 -20"><span class='ocrx_word' id='word_1_400' title='bbox 1051 2626 1153 2682; x_wconf 88' lang='lat' dir='ltr'>Christi</span> <span class='ocrx_word' id='word_1_401' title='bbox 1177 2629 1271 2685; x_wconf 85' lang='lat' dir='ltr'>tristes</span> <span class='ocrx_word' id='word_1_402' title='bbox 1291 2640 1353 2700; x_wconf 90' lang='lat' dir='ltr'>post</span> <span class='ocrx_word' id='word_1_403' title='bbox 1368 2632 1594 2688; x_wconf 85' lang='lat' dir='ltr'>resurrectionem</span> <span class='ocrx_word' id='word_1_404' title='bbox 1617 2631 1672 2689; x_wconf 76' lang='lat' dir='ltr'>laeti</span> <span class='ocrx_word' id='word_1_405' title='bbox 1693 2633 1827 2689; x_wconf 87' lang='lat' dir='ltr'>cauebant</span> <span class='ocrx_word' id='word_1_406' title='bbox 1848 2651 1856 2686; x_wconf 91' lang='lat'><strong>:</strong></span> 
     </span>
     <span class='ocr_line' id='line_1_59' title="bbox 1049 2715 1856 2793; baseline 0.007 -24"><span class='ocrx_word' id='word_1_407' title='bbox 1049 2715 1191 2773; x_wconf 81' lang='lat' dir='ltr'>Dominus</span> <span class='ocrx_word' id='word_1_408' title='bbox 1206 2720 1336 2789; x_wconf 76' lang='lat' dir='ltr'>repararit</span> <span class='ocrx_word' id='word_1_409' title='bbox 1346 2740 1356 2787; x_wconf 89' lang='lat'>,·</span> <span class='ocrx_word' id='word_1_410' title='bbox 1367 2719 1404 2775; x_wconf 91' lang='lat' dir='ltr'>ita</span> <span class='ocrx_word' id='word_1_411' title='bbox 1421 2721 1473 2775; x_wconf 88' lang='lat' dir='ltr'>sub</span> <span class='ocrx_word' id='word_1_412' title='bbox 1488 2720 1655 2777; x_wconf 83' lang='lat' dir='ltr'>Antichristo</span> <span class='ocrx_word' id='word_1_413' title='bbox 1670 2721 1773 2790; x_wconf 85' lang='lat' dir='ltr'>tristes,</span> <span class='ocrx_word' id='word_1_414' title='bbox 1788 2729 1856 2793; x_wconf 91' lang='lat' dir='ltr'>post</span> 
     </span>
     <span class='ocr_line' id='line_1_60' title="bbox 1047 2804 1856 2877; baseline 0.007 -18"><span class='ocrx_word' id='word_1_415' title='bbox 1047 2804 1267 2863; x_wconf 87' lang='lat' dir='ltr'>interiectionem</span> <span class='ocrx_word' id='word_1_416' title='bbox 1288 2808 1347 2877; x_wconf 83' lang='lat' dir='ltr'>ejus</span> <span class='ocrx_word' id='word_1_417' title='bbox 1361 2808 1415 2865; x_wconf 84' lang='lat' dir='ltr'>laeti</span> <span class='ocrx_word' id='word_1_418' title='bbox 1432 2810 1596 2877; x_wconf 87' lang='lat' dir='ltr'>triumphum</span> <span class='ocrx_word' id='word_1_419' title='bbox 1612 2811 1713 2866; x_wconf 86' lang='lat' dir='ltr'>Christi</span> <span class='ocrx_word' id='word_1_420' title='bbox 1735 2810 1856 2867; x_wconf 88' lang='lat' dir='ltr'>recitant</span> 
     </span>
     <span class='ocr_line' id='line_1_61' title="bbox 1047 2895 1852 2972; baseline 0.005 -23"><span class='ocrx_word' id='word_1_421' title='bbox 1047 2895 1170 2953; x_wconf 86' lang='lat' dir='ltr'>diceutes</span> <span class='ocrx_word' id='word_1_422' title='bbox 1195 2911 1202 2951; x_wconf 76' lang='grc' dir='ltr'><strong><em>ε</em></strong></span> <span class='ocrx_word' id='word_1_423' title='bbox 1231 2898 1367 2955; x_wconf 82' lang='lat' dir='ltr'>Dominus</span> <span class='ocrx_word' id='word_1_424' title='bbox 1384 2900 1524 2971; x_wconf 81' lang='lat' dir='ltr'>repoauit.</span> <span class='ocrx_word' id='word_1_425' title='bbox 1551 2899 1679 2972; x_wconf 88' lang='lat' dir='ltr'>Sequitur</span> <span class='ocrx_word' id='word_1_426' title='bbox 1698 2900 1816 2971; x_wconf 80' lang='lat' dir='ltr'>hymnus</span> <span class='ocrx_word' id='word_1_427' title='bbox 1843 2918 1852 2953; x_wconf 91' lang='lat'><strong>:</strong></span> 
     </span>
     <span class='ocr_line' id='line_1_62' title="bbox 1047 2984 1851 3061; baseline 0.005 -23"><span class='ocrx_word' id='word_1_428' title='bbox 1047 2984 1215 3041; x_wconf 77' lang='lat' dir='ltr'>Benedictus</span> <span class='ocrx_word' id='word_1_429' title='bbox 1234 2988 1372 3042; x_wconf 80' lang='lat' dir='ltr'>Dominae</span> <span class='ocrx_word' id='word_1_430' title='bbox 1389 2990 1462 3044; x_wconf 83' lang='lat' dir='ltr'>Deus</span> <span class='ocrx_word' id='word_1_431' title='bbox 1477 2989 1575 3055; x_wconf 86' lang='lat' dir='ltr'>lsrael,</span> <span class='ocrx_word' id='word_1_432' title='bbox 1593 2989 1661 3061; x_wconf 82' lang='lat' dir='ltr'>qaia</span> <span class='ocrx_word' id='word_1_433' title='bbox 1676 2989 1802 3045; x_wconf 81' lang='lat' dir='ltr'>uisitauit</span> <span class='ocrx_word' id='word_1_434' title='bbox 1817 2992 1851 3043; x_wconf 85' lang='lat' dir='ltr'>et</span> 
     </span>
    </p>
   </div>
   <div class='ocr_carea' id='block_1_17' title="bbox 191 3072 1852 3184">
    <p class='ocr_par' dir='ltr' id='par_1_18' title="bbox 191 3072 1852 3184">
     <span class='ocr_line' id='line_1_63' title="bbox 191 3072 1852 3184; baseline -0.002 -33"><span class='ocrx_word' id='word_1_435' title='bbox 191 3094 295 3165; x_wconf 80' lang='lat' dir='ltr'>cipiunt</span> <span class='ocrx_word' id='word_1_436' title='bbox 309 3110 316 3149; x_wconf 89' lang='lat'>:</span> <span class='ocrx_word' id='word_1_437' title='bbox 329 3095 437 3167; x_wconf 88' lang='lat' dir='ltr'>quando</span> <span class='ocrx_word' id='word_1_438' title='bbox 462 3095 528 3149; x_wconf 86' lang='lat' dir='ltr'>liunt</span> <span class='ocrx_word' id='word_1_439' title='bbox 552 3095 626 3151; x_wconf 83' lang='lat' dir='ltr'>circs</span> <span class='ocrx_word' id='word_1_440' title='bbox 651 3094 813 3164; x_wconf 87' lang='lat' dir='ltr'>spirituum,</span> <span class='ocrx_word' id='word_1_441' title='bbox 838 3091 990 3149; x_wconf 68' lang='lat' dir='ltr'>caelestium</span> <span class='ocrx_word' id='word_1_442' title='bbox 1004 3120 1029 3184; x_wconf 73' lang='lat' dir='ltr'>C</span> <span class='ocrx_word' id='word_1_443' title='bbox 1045 3072 1115 3141; x_wconf 55' lang='lat' dir='ltr'>secli</span> <span class='ocrx_word' id='word_1_444' title='bbox 1140 3074 1365 3145; x_wconf 53' lang='grc' dir='ltr'>θ’θᾶθῑηῑὶῑῐθθῑθῑη</span> <span class='ocrx_word' id='word_1_445' title='bbox 1386 3076 1475 3147; x_wconf 62' lang='grc' dir='ltr'>Ρὶθὺῑῐ</span> <span class='ocrx_word' id='word_1_446' title='bbox 1498 3093 1573 3145; x_wconf 59' lang='lat' dir='ltr'>WB?</span> <span class='ocrx_word' id='word_1_447' title='bbox 1598 3085 1627 3132; x_wconf 68' lang='lat'>¹¹²</span> <span class='ocrx_word' id='word_1_448' title='bbox 1643 3077 1712 3133; x_wconf 46' lang='lat'>5⁰⁰¹</span> <span class='ocrx_word' id='word_1_449' title='bbox 1733 3086 1796 3133; x_wconf 56' lang='lat'><strong>[¹¹⁰⁰</strong></span> <span class='ocrx_word' id='word_1_450' title='bbox 1818 3076 1852 3130; x_wconf 63' lang='lat'>5¹¹</span> 
     </span>
    </p>
   </div>
   <div class='ocr_carea' id='block_1_18' title="bbox 189 3161 1850 3345">
    <p class='ocr_par' dir='ltr' id='par_1_19' title="bbox 189 3161 1850 3345">
     <span class='ocr_line' id='line_1_64' title="bbox 191 3161 1850 3255; baseline 0.004 -40"><span class='ocrx_word' id='word_1_451' title='bbox 191 3192 217 3239; x_wconf 46' lang='grc' dir='ltr'>εἰ</span> <span class='ocrx_word' id='word_1_452' title='bbox 232 3185 377 3239; x_wconf 41' lang='lat' dir='ltr'><strong>bonorum·</strong></span> <span class='ocrx_word' id='word_1_453' title='bbox 398 3184 457 3239; x_wconf 70' lang='lat' dir='ltr'>N„x</span> <span class='ocrx_word' id='word_1_454' title='bbox 472 3200 522 3255; x_wconf 60' lang='lat' dir='ltr'>pro</span> <span class='ocrx_word' id='word_1_455' title='bbox 537 3183 693 3255; x_wconf 55' lang='lat' dir='ltr'>ignorantia</span> <span class='ocrx_word' id='word_1_456' title='bbox 709 3183 834 3254; x_wconf 57' lang='lat' dir='ltr'>90⁰5un</span> <span class='ocrx_word' id='word_1_457' title='bbox 849 3182 884 3237; x_wconf 58' lang='lat' dir='ltr'>ab</span> <span class='ocrx_word' id='word_1_458' title='bbox 899 3179 988 3235; x_wconf 53' lang='lat' dir='ltr'>Adam</span> <span class='ocrx_word' id='word_1_459' title='bbox 1044 3161 1169 3231; x_wconf 80' lang='lat' dir='ltr'>proximo</span> <span class='ocrx_word' id='word_1_460' title='bbox 1184 3170 1241 3217; x_wconf 90' lang='lat' dir='ltr'>erat</span> <span class='ocrx_word' id='word_1_461' title='bbox 1256 3163 1355 3219; x_wconf 88' lang='lat' dir='ltr'>Christi</span> <span class='ocrx_word' id='word_1_462' title='bbox 1369 3164 1504 3221; x_wconf 87' lang='lat' dir='ltr'>adventus</span> <span class='ocrx_word' id='word_1_463' title='bbox 1519 3167 1633 3235; x_wconf 88' lang='lat' dir='ltr'>primns,</span> <span class='ocrx_word' id='word_1_464' title='bbox 1649 3166 1758 3237; x_wconf 91' lang='lat' dir='ltr'>quando</span> <span class='ocrx_word' id='word_1_465' title='bbox 1773 3166 1850 3221; x_wconf 92' lang='lat' dir='ltr'>hunc</span> 
     </span>
     <span class='ocr_line' id='line_1_65' title="bbox 189 3250 1847 3345; baseline -0.001 -18"><span class='ocrx_word' id='word_1_466' title='bbox 189 3290 276 3345; x_wconf 89' lang='lat' dir='ltr'>usqne</span> <span class='ocrx_word' id='word_1_467' title='bbox 291 3272 326 3327; x_wconf 90' lang='lat' dir='ltr'>ud</span> <span class='ocrx_word' id='word_1_468' title='bbox 341 3272 479 3327; x_wconf 79' lang='lat' dir='ltr'>Christum</span> <span class='ocrx_word' id='word_1_469' title='bbox 494 3272 570 3343; x_wconf 86' lang='lat' dir='ltr'>quasi</span> <span class='ocrx_word' id='word_1_470' title='bbox 585 3287 639 3327; x_wconf 88' lang='lat' dir='ltr'>nox</span> <span class='ocrx_word' id='word_1_471' title='bbox 653 3280 720 3337; x_wconf 88' lang='lat' dir='ltr'>erat,</span> <span class='ocrx_word' id='word_1_472' title='bbox 738 3270 801 3343; x_wconf 89' lang='lat' dir='ltr'>quia</span> <span class='ocrx_word' id='word_1_473' title='bbox 826 3270 869 3325; x_wconf 83' lang='lat' dir='ltr'>lux</span> <span class='ocrx_word' id='word_1_474' title='bbox 894 3270 987 3326; x_wconf 89' lang='lat' dir='ltr'>scien·</span> <span class='ocrx_word' id='word_1_475' title='bbox 1043 3250 1164 3305; x_wconf 55' lang='lat' dir='ltr'>‘immi‘</span> <span class='ocrx_word' id='word_1_476' title='bbox 1186 3252 1349 3318; x_wconf 61' lang='lat' dir='ltr'>zasshlliffsl</span> <span class='ocrx_word' id='word_1_477' title='bbox 1372 3253 1410 3308; x_wconf 64' lang='lat'>5¹⁰</span> <span class='ocrx_word' id='word_1_478' title='bbox 1436 3254 1464 3309; x_wconf 65' lang='lat'>5¹¹</span> <span class='ocrx_word' id='word_1_479' title='bbox 1486 3253 1636 3309; x_wconf 67' lang='lat' dir='ltr'>¹¹⁰Vi⁵⁵iffl⁰</span> <span class='ocrx_word' id='word_1_480' title='bbox 1666 3261 1790 3325; x_wconf 62' lang='lat' dir='ltr'>lempffl&#39;e</span> <span class='ocrx_word' id='word_1_481' title='bbox 1814 3253 1847 3307; x_wconf 66' lang='lat'>5¹¹</span> 
     </span>
    </p>
   </div>
   <div class='ocr_carea' id='block_1_19' title="bbox 1043 3338 1846 3413">
    <p class='ocr_par' dir='ltr' id='par_1_20' title="bbox 1043 3338 1846 3413">
     <span class='ocr_line' id='line_1_66' title="bbox 1043 3338 1846 3413; baseline 0.006 -21"><span class='ocrx_word' id='word_1_482' title='bbox 1043 3338 1168 3408; x_wconf 82' lang='lat' dir='ltr'>proximo</span> <span class='ocrx_word' id='word_1_483' title='bbox 1192 3340 1245 3395; x_wconf 92' lang='lat' dir='ltr'>erit</span> <span class='ocrx_word' id='word_1_484' title='bbox 1270 3341 1403 3397; x_wconf 87' lang='lat' dir='ltr'>adventus</span> <span class='ocrx_word' id='word_1_485' title='bbox 1428 3342 1529 3399; x_wconf 89' lang='lat' dir='ltr'>Christi</span> <span class='ocrx_word' id='word_1_486' title='bbox 1561 3342 1716 3410; x_wconf 85' lang='lat' dir='ltr'>secundus,</span> <span class='ocrx_word' id='word_1_487' title='bbox 1739 3343 1767 3397; x_wconf 91' lang='lat' dir='ltr'>in</span> <span class='ocrx_word' id='word_1_488' title='bbox 1788 3357 1846 3413; x_wconf 89' lang='lat' dir='ltr'>quo</span> 
     </span>
    </p>
   </div>
   <div class='ocr_carea' id='block_1_20' title="bbox 172 3360 987 4047">
    <p class='ocr_par' dir='ltr' id='par_1_21' title="bbox 172 3360 987 4047">
     <span class='ocr_line' id='line_1_67' title="bbox 189 3360 987 3433; baseline -0.005 -16"><span class='ocrx_word' id='word_1_489' title='bbox 189 3364 232 3417; x_wconf 86' lang='lat' dir='ltr'>tiae</span> <span class='ocrx_word' id='word_1_490' title='bbox 246 3363 354 3427; x_wconf 75' lang='lat' dir='ltr'>deerat3</span> <span class='ocrx_word' id='word_1_491' title='bbox 371 3374 431 3433; x_wconf 75' lang='lat' dir='ltr'>quaa</span> <span class='ocrx_word' id='word_1_492' title='bbox 445 3377 497 3417; x_wconf 85' lang='lat' dir='ltr'>nox</span> <span class='ocrx_word' id='word_1_493' title='bbox 513 3360 643 3417; x_wconf 85' lang='lat' dir='ltr'>dividitur</span> <span class='ocrx_word' id='word_1_494' title='bbox 663 3360 690 3413; x_wconf 91' lang='lat' dir='ltr'>in</span> <span class='ocrx_word' id='word_1_495' title='bbox 712 3360 760 3415; x_wconf 91' lang='lat' dir='ltr'>tria</span> <span class='ocrx_word' id='word_1_496' title='bbox 775 3369 907 3430; x_wconf 88' lang='lat' dir='ltr'>tempora,</span> <span class='ocrx_word' id='word_1_497' title='bbox 924 3367 987 3413; x_wconf 89' lang='lat' dir='ltr'>ante</span> 
     </span>
     <span class='ocr_line' id='line_1_68' title="bbox 188 3449 985 3523; baseline -0.003 -18"><span class='ocrx_word' id='word_1_498' title='bbox 188 3450 288 3523; x_wconf 83' lang='lat' dir='ltr'>legem,</span> <span class='ocrx_word' id='word_1_499' title='bbox 305 3451 442 3523; x_wconf 77' lang='lat' dir='ltr'>sublege,</span> <span class='ocrx_word' id='word_1_500' title='bbox 459 3450 509 3505; x_wconf 91' lang='lat' dir='ltr'>sub</span> <span class='ocrx_word' id='word_1_501' title='bbox 524 3449 627 3522; x_wconf 76' lang='lat' dir='ltr'>gratia3</span> <span class='ocrx_word' id='word_1_502' title='bbox 654 3466 714 3521; x_wconf 85' lang='lat' dir='ltr'>quae</span> <span class='ocrx_word' id='word_1_503' title='bbox 728 3458 852 3519; x_wconf 86' lang='lat' dir='ltr'>tempora</span> <span class='ocrx_word' id='word_1_504' title='bbox 866 3456 985 3518; x_wconf 85' lang='lat' dir='ltr'>pertres</span> 
     </span>
     <span class='ocr_line' id='line_1_69' title="bbox 187 3538 982 3609; baseline -0.003 -16"><span class='ocrx_word' id='word_1_505' title='bbox 187 3548 337 3596; x_wconf 89' lang='lat' dir='ltr'>nocturnos</span> <span class='ocrx_word' id='word_1_506' title='bbox 376 3538 574 3609; x_wconf 80' lang='lat' dir='ltr'>significantur,</span> <span class='ocrx_word' id='word_1_507' title='bbox 598 3538 644 3609; x_wconf 90' lang='lat' dir='ltr'>qui</span> <span class='ocrx_word' id='word_1_508' title='bbox 668 3539 695 3593; x_wconf 93' lang='lat' dir='ltr'>in</span> <span class='ocrx_word' id='word_1_509' title='bbox 721 3546 799 3594; x_wconf 90' lang='lat' dir='ltr'>nocte</span> <span class='ocrx_word' id='word_1_510' title='bbox 829 3544 982 3593; x_wconf 88' lang='lat' dir='ltr'>cantantur.</span> 
     </span>
     <span class='ocr_line' id='line_1_70' title="bbox 185 3622 983 3695; baseline -0.003 -17"><span class='ocrx_word' id='word_1_511' title='bbox 185 3625 253 3679; x_wconf 91' lang='lat' dir='ltr'>Tres</span> <span class='ocrx_word' id='word_1_512' title='bbox 281 3624 378 3695; x_wconf 82' lang='lat' dir='ltr'>psalmi</span> <span class='ocrx_word' id='word_1_513' title='bbox 401 3623 429 3680; x_wconf 91' lang='lat' dir='ltr'>in</span> <span class='ocrx_word' id='word_1_514' title='bbox 452 3623 538 3695; x_wconf 91' lang='lat' dir='ltr'>primo</span> <span class='ocrx_word' id='word_1_515' title='bbox 562 3631 697 3680; x_wconf 87' lang='lat' dir='ltr'>nocturno</span> <span class='ocrx_word' id='word_1_516' title='bbox 730 3622 890 3693; x_wconf 88' lang='lat' dir='ltr'>psalluntur,</span> <span class='ocrx_word' id='word_1_517' title='bbox 917 3622 983 3693; x_wconf 86' lang='lat' dir='ltr'>quia</span> 
     </span>
     <span class='ocr_line' id='line_1_71' title="bbox 185 3710 983 3784; baseline -0.001 -18"><span class='ocrx_word' id='word_1_518' title='bbox 185 3713 353 3769; x_wconf 82' lang='lat' dir='ltr'>Patriarchae</span> <span class='ocrx_word' id='word_1_519' title='bbox 376 3722 438 3769; x_wconf 88' lang='lat' dir='ltr'>ante</span> <span class='ocrx_word' id='word_1_520' title='bbox 461 3713 551 3784; x_wconf 81' lang='lat' dir='ltr'>legem</span> <span class='ocrx_word' id='word_1_521' title='bbox 573 3712 730 3768; x_wconf 87' lang='lat' dir='ltr'>Trinitatem</span> <span class='ocrx_word' id='word_1_522' title='bbox 762 3710 930 3777; x_wconf 86' lang='lat' dir='ltr'>adorabant,</span> <span class='ocrx_word' id='word_1_523' title='bbox 955 3718 983 3765; x_wconf 95' lang='lat' dir='ltr'>ut</span> 
     </span>
     <span class='ocr_line' id='line_1_72' title="bbox 184 3797 983 3873; baseline -0.006 -17"><span class='ocrx_word' id='word_1_524' title='bbox 184 3800 284 3873; x_wconf 81' lang='lat' dir='ltr'>legitur</span> <span class='ocrx_word' id='word_1_525' title='bbox 309 3819 315 3858; x_wconf 91' lang='lat'>:</span> <span class='ocrx_word' id='word_1_526' title='bbox 345 3804 408 3858; x_wconf 84' lang='lat' dir='ltr'>Tres</span> <span class='ocrx_word' id='word_1_527' title='bbox 431 3801 517 3868; x_wconf 85' lang='lat' dir='ltr'>uidit,</span> <span class='ocrx_word' id='word_1_528' title='bbox 542 3805 571 3857; x_wconf 90' lang='lat' dir='ltr'>et</span> <span class='ocrx_word' id='word_1_529' title='bbox 592 3818 683 3857; x_wconf 83' lang='lat' dir='ltr'>anam</span> <span class='ocrx_word' id='word_1_530' title='bbox 697 3800 835 3857; x_wconf 87' lang='lat' dir='ltr'>adorauit.</span> <span class='ocrx_word' id='word_1_531' title='bbox 862 3798 931 3853; x_wconf 89' lang='lat' dir='ltr'>Tres</span> <span class='ocrx_word' id='word_1_532' title='bbox 954 3797 983 3851; x_wconf 89' lang='lat' dir='ltr'>io</span> 
     </span>
     <span class='ocr_line' id='line_1_73' title="bbox 172 3885 981 3963; baseline -0.007 -16"><span class='ocrx_word' id='word_1_533' title='bbox 172 3892 316 3961; x_wconf 84' lang='lat' dir='ltr'>secundo,</span> <span class='ocrx_word' id='word_1_534' title='bbox 328 3891 390 3963; x_wconf 89' lang='lat' dir='ltr'>qnia</span> <span class='ocrx_word' id='word_1_535' title='bbox 406 3892 546 3962; x_wconf 75' lang='lat' dir='ltr'>propheta</span> <span class='ocrx_word' id='word_1_536' title='bbox 561 3892 612 3943; x_wconf 90' lang='lat' dir='ltr'>sub</span> <span class='ocrx_word' id='word_1_537' title='bbox 627 3889 688 3961; x_wconf 80' lang='lat' dir='ltr'>lege</span> <span class='ocrx_word' id='word_1_538' title='bbox 699 3888 858 3943; x_wconf 89' lang='lat' dir='ltr'>Trinitatem</span> <span class='ocrx_word' id='word_1_539' title='bbox 871 3885 981 3941; x_wconf 89' lang='lat' dir='ltr'>invoca·</span> 
     </span>
     <span class='ocr_line' id='line_1_74' title="bbox 183 3971 980 4047; baseline -0.008 -16"><span class='ocrx_word' id='word_1_540' title='bbox 183 3975 258 4039; x_wconf 87' lang='lat' dir='ltr'>bunt,</span> <span class='ocrx_word' id='word_1_541' title='bbox 282 3984 310 4031; x_wconf 92' lang='lat' dir='ltr'>ut</span> <span class='ocrx_word' id='word_1_542' title='bbox 334 3976 523 4047; x_wconf 88' lang='lat' dir='ltr'>scriptumest</span> <span class='ocrx_word' id='word_1_543' title='bbox 539 3992 547 4029; x_wconf 75' lang='grc' dir='ltr'>ε</span> <span class='ocrx_word' id='word_1_544' title='bbox 563 3974 713 4029; x_wconf 85' lang='lat' dir='ltr'>Benedicat</span> <span class='ocrx_word' id='word_1_545' title='bbox 734 3988 785 4029; x_wconf 85' lang='lat' dir='ltr'>nos</span> <span class='ocrx_word' id='word_1_546' title='bbox 804 3974 887 4037; x_wconf 79' lang='lat' dir='ltr'>Deua,</span> <span class='ocrx_word' id='word_1_547' title='bbox 907 3971 980 4027; x_wconf 84' lang='lat' dir='ltr'>Deos</span> 
     </span>
    </p>
   </div>
   <div class='ocr_carea' id='block_1_21' title="bbox 181 4061 980 4220">
    <p class='ocr_par' dir='ltr' id='par_1_22' title="bbox 181 4061 980 4220">
     <span class='ocr_line' id='line_1_75' title="bbox 182 4061 980 4131; baseline -0.01 -10"><span class='ocrx_word' id='word_1_548' title='bbox 182 4070 286 4129; x_wconf 86' lang='lat' dir='ltr'>aester,</span> <span class='ocrx_word' id='word_1_549' title='bbox 302 4064 509 4121; x_wconf 81' lang='lat' dir='ltr'>benediccione</span> <span class='ocrx_word' id='word_1_550' title='bbox 521 4064 601 4118; x_wconf 82' lang='lat' dir='ltr'>Deus.</span> <span class='ocrx_word' id='word_1_551' title='bbox 613 4063 643 4116; x_wconf 94' lang='lat' dir='ltr'>ln</span> <span class='ocrx_word' id='word_1_552' title='bbox 654 4062 734 4117; x_wconf 92' lang='lat' dir='ltr'>tertio</span> <span class='ocrx_word' id='word_1_553' title='bbox 749 4070 813 4129; x_wconf 84' lang='lat' dir='ltr'>tres,</span> <span class='ocrx_word' id='word_1_554' title='bbox 825 4061 887 4131; x_wconf 92' lang='lat' dir='ltr'>quia</span> <span class='ocrx_word' id='word_1_555' title='bbox 902 4074 980 4129; x_wconf 88' lang='lat' dir='ltr'>apos·</span> 
     </span>
     <span class='ocr_line' id='line_1_76' title="bbox 181 4142 976 4220; baseline -0.009 -17"><span class='ocrx_word' id='word_1_556' title='bbox 181 4148 229 4204; x_wconf 87' lang='lat' dir='ltr'>toli</span> <span class='ocrx_word' id='word_1_557' title='bbox 249 4150 299 4203; x_wconf 88' lang='lat' dir='ltr'>sub</span> <span class='ocrx_word' id='word_1_558' title='bbox 314 4147 404 4220; x_wconf 76' lang='lat' dir='ltr'>gratia</span> <span class='ocrx_word' id='word_1_559' title='bbox 419 4147 577 4203; x_wconf 90' lang='lat' dir='ltr'>Trinitatem</span> <span class='ocrx_word' id='word_1_560' title='bbox 592 4162 641 4217; x_wconf 91' lang='lat' dir='ltr'>per</span> <span class='ocrx_word' id='word_1_561' title='bbox 655 4144 751 4200; x_wconf 91' lang='lat' dir='ltr'>orbem</span> <span class='ocrx_word' id='word_1_562' title='bbox 772 4142 976 4215; x_wconf 88' lang='lat' dir='ltr'>praedicabant;</span> 
     </span>
    </p>
   </div>
   <div class='ocr_carea' id='block_1_22' title="bbox 181 4231 953 4308">
    <p class='ocr_par' dir='ltr' id='par_1_23' title="bbox 181 4231 953 4308">
     <span class='ocr_line' id='line_1_77' title="bbox 181 4231 953 4308; baseline -0.01 -15"><span class='ocrx_word' id='word_1_563' title='bbox 181 4238 253 4293; x_wconf 91' lang='lat' dir='ltr'>unde</span> <span class='ocrx_word' id='word_1_564' title='bbox 264 4245 330 4291; x_wconf 89' lang='lat' dir='ltr'>tunc</span> <span class='ocrx_word' id='word_1_565' title='bbox 348 4235 526 4308; x_wconf 75' lang='lat' dir='ltr'>Evangelium</span> <span class='ocrx_word' id='word_1_566' title='bbox 542 4234 641 4306; x_wconf 85' lang='lat' dir='ltr'>legitur</span> <span class='ocrx_word' id='word_1_567' title='bbox 655 4242 682 4288; x_wconf 92' lang='lat' dir='ltr'>et</span> <span class='ocrx_word' id='word_1_568' title='bbox 695 4234 818 4289; x_wconf 80' lang='lat' dir='ltr'>Alleluia</span> <span class='ocrx_word' id='word_1_569' title='bbox 832 4231 953 4287; x_wconf 90' lang='lat' dir='ltr'>canitur.</span> 
     </span>
    </p>
   </div>
   <div class='ocr_carea' id='block_1_23' title="bbox 176 4336 977 4866">
    <p class='ocr_par' dir='ltr' id='par_1_24' title="bbox 176 4336 977 4866">
     <span class='ocr_line' id='line_1_78' title="bbox 215 4336 977 4419; baseline -0.005 -14"><span class='ocrx_word' id='word_1_570' title='bbox 215 4351 309 4406; x_wconf 90' lang='lat' dir='ltr'>Lectio</span> <span class='ocrx_word' id='word_1_571' title='bbox 332 4336 493 4413; x_wconf 83' lang='lat' dir='ltr'>doctrinam,</span> <span class='ocrx_word' id='word_1_572' title='bbox 518 4348 722 4419; x_wconf 89' lang='lat' dir='ltr'>responsorium</span> <span class='ocrx_word' id='word_1_573' title='bbox 744 4346 880 4419; x_wconf 81' lang='lat' dir='ltr'>significat</span> <span class='ocrx_word' id='word_1_574' title='bbox 894 4346 977 4402; x_wconf 84' lang='lat' dir='ltr'>uitam</span> 
     </span>
     <span class='ocr_line' id='line_1_79' title="bbox 179 4436 977 4505; baseline -0.009 -10"><span class='ocrx_word' id='word_1_575' title='bbox 179 4455 285 4495; x_wconf 91' lang='lat' dir='ltr'>eorum.</span> <span class='ocrx_word' id='word_1_576' title='bbox 298 4439 365 4494; x_wconf 91' lang='lat' dir='ltr'>Cum</span> <span class='ocrx_word' id='word_1_577' title='bbox 379 4440 412 4495; x_wconf 88' lang='lat' dir='ltr'>Te</span> <span class='ocrx_word' id='word_1_578' title='bbox 423 4440 510 4494; x_wconf 88' lang='lat' dir='ltr'>Deam</span> <span class='ocrx_word' id='word_1_579' title='bbox 527 4440 676 4493; x_wconf 70' lang='lat' dir='ltr'>trutanni</span> <span class='ocrx_word' id='word_1_580' title='bbox 691 4436 758 4492; x_wconf 91' lang='lat' dir='ltr'>illud</span> <span class='ocrx_word' id='word_1_581' title='bbox 769 4445 874 4505; x_wconf 89' lang='lat' dir='ltr'>tempus</span> <span class='ocrx_word' id='word_1_582' title='bbox 884 4443 977 4491; x_wconf 88' lang='lat' dir='ltr'>osten·</span> 
     </span>
     <span class='ocr_line' id='line_1_80' title="bbox 179 4524 974 4599; baseline -0.004 -16"><span class='ocrx_word' id='word_1_583' title='bbox 179 4528 258 4595; x_wconf 86' lang='lat' dir='ltr'>ditur,</span> <span class='ocrx_word' id='word_1_584' title='bbox 275 4542 329 4599; x_wconf 93' lang='lat' dir='ltr'>quo</span> <span class='ocrx_word' id='word_1_585' title='bbox 344 4527 467 4583; x_wconf 89' lang='lat' dir='ltr'>Christus</span> <span class='ocrx_word' id='word_1_586' title='bbox 490 4535 571 4581; x_wconf 87' lang='lat' dir='ltr'>natus</span> <span class='ocrx_word' id='word_1_587' title='bbox 595 4533 652 4593; x_wconf 84' lang='lat' dir='ltr'>est,</span> <span class='ocrx_word' id='word_1_588' title='bbox 678 4533 706 4580; x_wconf 91' lang='lat' dir='ltr'>et</span> <span class='ocrx_word' id='word_1_589' title='bbox 727 4525 818 4598; x_wconf 79' lang='lat' dir='ltr'>angeli</span> <span class='ocrx_word' id='word_1_590' title='bbox 833 4526 890 4580; x_wconf 89' lang='lat' dir='ltr'>Deo</span> <span class='ocrx_word' id='word_1_591' title='bbox 910 4524 974 4595; x_wconf 77' lang='lat' dir='ltr'>glo-</span> 
     </span>
     <span class='ocr_line' id='line_1_81' title="bbox 178 4612 974 4687; baseline -0.008 -14"><span class='ocrx_word' id='word_1_592' title='bbox 178 4617 247 4673; x_wconf 88' lang='lat' dir='ltr'>riam</span> <span class='ocrx_word' id='word_1_593' title='bbox 271 4616 428 4672; x_wconf 90' lang='lat' dir='ltr'>cecincrunt</span> <span class='ocrx_word' id='word_1_594' title='bbox 445 4633 451 4669; x_wconf 89' lang='lat'>:</span> <span class='ocrx_word' id='word_1_595' title='bbox 467 4616 524 4672; x_wconf 85' lang='lat' dir='ltr'>sire</span> <span class='ocrx_word' id='word_1_596' title='bbox 539 4615 650 4687; x_wconf 87' lang='lat' dir='ltr'>quando</span> <span class='ocrx_word' id='word_1_597' title='bbox 666 4615 780 4669; x_wconf 88' lang='lat' dir='ltr'>mundus</span> <span class='ocrx_word' id='word_1_598' title='bbox 795 4612 848 4669; x_wconf 85' lang='lat' dir='ltr'>tide</span> <span class='ocrx_word' id='word_1_599' title='bbox 861 4621 974 4683; x_wconf 89' lang='lat' dir='ltr'>accepta</span> 
     </span>
     <span class='ocr_line' id='line_1_82' title="bbox 177 4700 972 4777; baseline -0.006 -15"><span class='ocrx_word' id='word_1_600' title='bbox 177 4706 259 4777; x_wconf 89' lang='lat' dir='ltr'>coepit</span> <span class='ocrx_word' id='word_1_601' title='bbox 278 4705 392 4760; x_wconf 86' lang='lat' dir='ltr'>laudare</span> <span class='ocrx_word' id='word_1_602' title='bbox 416 4706 516 4759; x_wconf 90' lang='lat' dir='ltr'>Deum.</span> <span class='ocrx_word' id='word_1_603' title='bbox 544 4704 647 4759; x_wconf 84' lang='lat' dir='ltr'>Versus</span> <span class='ocrx_word' id='word_1_604' title='bbox 671 4704 717 4776; x_wconf 93' lang='lat' dir='ltr'>qui</span> <span class='ocrx_word' id='word_1_605' title='bbox 741 4711 804 4759; x_wconf 89' lang='lat' dir='ltr'>ante</span> <span class='ocrx_word' id='word_1_606' title='bbox 827 4700 972 4757; x_wconf 79' lang='lat' dir='ltr'>Matutinus</span> 
     </span>
     <span class='ocr_line' id='line_1_83' title="bbox 176 4792 805 4866; baseline -0.01 -14"><span class='ocrx_word' id='word_1_607' title='bbox 176 4793 286 4863; x_wconf 91' lang='lat' dir='ltr'>dicitur,</span> <span class='ocrx_word' id='word_1_608' title='bbox 302 4792 435 4866; x_wconf 83' lang='lat' dir='ltr'>significat</span> <span class='ocrx_word' id='word_1_609' title='bbox 450 4792 548 4848; x_wconf 87' lang='lat' dir='ltr'>Christi</span> <span class='ocrx_word' id='word_1_610' title='bbox 562 4793 805 4848; x_wconf 86' lang='lat' dir='ltr'>resurrectionem.</span> 
     </span>
    </p>
   </div>
   <div class='ocr_carea' id='block_1_24' title="bbox 260 4996 885 5057">
    <p class='ocr_par' dir='ltr' id='par_1_25' title="bbox 260 4996 885 5057">
     <span class='ocr_line' id='line_1_84' title="bbox 260 4996 885 5057; baseline -0.011 0"><span class='ocrx_word' id='word_1_611' title='bbox 260 5000 327 5057; x_wconf 77' lang='lat' dir='ltr'>Car.</span> <span class='ocrx_word' id='word_1_612' title='bbox 343 4998 510 5055; x_wconf 85' lang='lat' dir='ltr'>xttt111.-</span> <span class='ocrx_word' id='word_1_613' title='bbox 529 4996 566 5054; x_wconf 91' lang='lat' dir='ltr'>De</span> <span class='ocrx_word' id='word_1_614' title='bbox 583 4998 711 5055; x_wconf 81' lang='lat' dir='ltr'>tunditur</span> <span class='ocrx_word' id='word_1_615' title='bbox 726 4996 885 5055; x_wconf 83' lang='lat' dir='ltr'>canonicis.</span> 
     </span>
    </p>
   </div>
   <div class='ocr_carea' id='block_1_25' title="bbox 170 5196 970 5804">
    <p class='ocr_par' dir='ltr' id='par_1_26' title="bbox 170 5196 970 5804">
     <span class='ocr_line' id='line_1_85' title="bbox 209 5196 970 5273; baseline -0.017 -9"><span class='ocrx_word' id='word_1_616' title='bbox 209 5204 381 5263; x_wconf 86' lang='lat' dir='ltr'>llututinales</span> <span class='ocrx_word' id='word_1_617' title='bbox 395 5202 500 5260; x_wconf 85' lang='lat' dir='ltr'>Laudes</span> <span class='ocrx_word' id='word_1_618' title='bbox 524 5198 679 5273; x_wconf 75' lang='lat' dir='ltr'>significant</span> <span class='ocrx_word' id='word_1_619' title='bbox 699 5206 808 5270; x_wconf 90' lang='lat' dir='ltr'>tempus</span> <span class='ocrx_word' id='word_1_620' title='bbox 830 5213 845 5251; x_wconf 93' lang='lat' dir='ltr'>a</span> <span class='ocrx_word' id='word_1_621' title='bbox 870 5196 970 5252; x_wconf 86' lang='lat' dir='ltr'>Christi</span> 
     </span>
     <span class='ocr_line' id='line_1_86' title="bbox 173 5284 969 5363; baseline -0.014 -12"><span class='ocrx_word' id='word_1_622' title='bbox 173 5294 372 5353; x_wconf 88' lang='lat' dir='ltr'>resurrectione</span> <span class='ocrx_word' id='word_1_623' title='bbox 386 5291 510 5363; x_wconf 90' lang='lat' dir='ltr'>usquein</span> <span class='ocrx_word' id='word_1_624' title='bbox 522 5288 602 5344; x_wconf 83' lang='lat' dir='ltr'>linem</span> <span class='ocrx_word' id='word_1_625' title='bbox 614 5287 718 5343; x_wconf 90' lang='lat' dir='ltr'>mundi.</span> <span class='ocrx_word' id='word_1_626' title='bbox 729 5288 803 5341; x_wconf 91' lang='lat' dir='ltr'>Tunc</span> <span class='ocrx_word' id='word_1_627' title='bbox 818 5284 896 5359; x_wconf 89' lang='lat' dir='ltr'>quasi</span> <span class='ocrx_word' id='word_1_628' title='bbox 910 5285 969 5341; x_wconf 89' lang='lat' dir='ltr'>dies</span> 
     </span>
     <span class='ocr_line' id='line_1_87' title="bbox 172 5373 966 5453; baseline -0.015 -14"><span class='ocrx_word' id='word_1_629' title='bbox 172 5384 236 5445; x_wconf 87' lang='lat' dir='ltr'>oriri</span> <span class='ocrx_word' id='word_1_630' title='bbox 251 5382 343 5453; x_wconf 90' lang='lat' dir='ltr'>coepit,</span> <span class='ocrx_word' id='word_1_631' title='bbox 360 5381 424 5453; x_wconf 89' lang='lat' dir='ltr'>quia</span> <span class='ocrx_word' id='word_1_632' title='bbox 438 5380 487 5434; x_wconf 82' lang='lat' dir='ltr'>lux</span> <span class='ocrx_word' id='word_1_633' title='bbox 502 5377 624 5433; x_wconf 79' lang='lat' dir='ltr'>scientia</span> <span class='ocrx_word' id='word_1_634' title='bbox 637 5375 744 5433; x_wconf 89' lang='lat' dir='ltr'>claruit.</span> <span class='ocrx_word' id='word_1_635' title='bbox 770 5373 877 5429; x_wconf 88' lang='lat' dir='ltr'>Primus</span> <span class='ocrx_word' id='word_1_636' title='bbox 891 5374 966 5445; x_wconf 90' lang='lat' dir='ltr'>psal-</span> 
     </span>
     <span class='ocr_line' id='line_1_88' title="bbox 171 5462 969 5539; baseline -0.013 -12"><span class='ocrx_word' id='word_1_637' title='bbox 171 5488 232 5527; x_wconf 84' lang='lat' dir='ltr'>mus</span> <span class='ocrx_word' id='word_1_638' title='bbox 248 5489 254 5529; x_wconf 91' lang='lat'>:</span> <span class='ocrx_word' id='word_1_639' title='bbox 272 5472 407 5527; x_wconf 81' lang='lat' dir='ltr'>Dominae</span> <span class='ocrx_word' id='word_1_640' title='bbox 418 5468 546 5539; x_wconf 82' lang='lat' dir='ltr'>repaavit</span> <span class='ocrx_word' id='word_1_641' title='bbox 560 5463 697 5537; x_wconf 77' lang='lat' dir='ltr'>significat</span> <span class='ocrx_word' id='word_1_642' title='bbox 711 5462 844 5519; x_wconf 89' lang='lat' dir='ltr'>Christum</span> <span class='ocrx_word' id='word_1_643' title='bbox 859 5479 909 5535; x_wconf 88' lang='lat' dir='ltr'>per</span> <span class='ocrx_word' id='word_1_644' title='bbox 924 5478 969 5519; x_wconf 91' lang='lat' dir='ltr'>or-</span> 
     </span>
     <span class='ocr_line' id='line_1_89' title="bbox 171 5552 966 5629; baseline -0.008 -16"><span class='ocrx_word' id='word_1_645' title='bbox 171 5559 234 5615; x_wconf 88' lang='lat' dir='ltr'>bern</span> <span class='ocrx_word' id='word_1_646' title='bbox 248 5574 379 5629; x_wconf 74' lang='lat' dir='ltr'>regnasse</span> <span class='ocrx_word' id='word_1_647' title='bbox 395 5564 455 5629; x_wconf 90' lang='lat' dir='ltr'>post</span> <span class='ocrx_word' id='word_1_648' title='bbox 470 5553 716 5613; x_wconf 86' lang='lat' dir='ltr'>resurrectionem:</span> <span class='ocrx_word' id='word_1_649' title='bbox 732 5552 912 5625; x_wconf 83' lang='lat' dir='ltr'>qutfirmauit</span> <span class='ocrx_word' id='word_1_650' title='bbox 923 5569 966 5607; x_wconf 89' lang='lat' dir='ltr'>or-</span> 
     </span>
     <span class='ocr_line' id='line_1_90' title="bbox 172 5640 965 5716; baseline -0.008 -15"><span class='ocrx_word' id='word_1_651' title='bbox 172 5648 232 5701; x_wconf 78' lang='lat' dir='ltr'>tena</span> <span class='ocrx_word' id='word_1_652' title='bbox 247 5650 340 5712; x_wconf 74' lang='lat' dir='ltr'>terrm,</span> <span class='ocrx_word' id='word_1_653' title='bbox 350 5646 377 5701; x_wconf 88' lang='lat' dir='ltr'>id</span> <span class='ocrx_word' id='word_1_654' title='bbox 388 5654 429 5703; x_wconf 90' lang='lat' dir='ltr'>est</span> <span class='ocrx_word' id='word_1_655' title='bbox 443 5642 580 5716; x_wconf 87' lang='lat' dir='ltr'>apostolos</span> <span class='ocrx_word' id='word_1_656' title='bbox 589 5656 639 5697; x_wconf 86' lang='lat' dir='ltr'>sua</span> <span class='ocrx_word' id='word_1_657' title='bbox 649 5640 858 5711; x_wconf 81' lang='lat' dir='ltr'>resnnectione,</span> <span class='ocrx_word' id='word_1_658' title='bbox 871 5656 965 5697; x_wconf 89' lang='lat' dir='ltr'>ascen-</span> 
     </span>
     <span class='ocr_line' id='line_1_91' title="bbox 170 5728 963 5804; baseline -0.005 -15"><span class='ocrx_word' id='word_1_659' title='bbox 170 5732 248 5789; x_wconf 81' lang='lat' dir='ltr'>sione</span> <span class='ocrx_word' id='word_1_660' title='bbox 272 5740 299 5789; x_wconf 88' lang='lat' dir='ltr'>et</span> <span class='ocrx_word' id='word_1_661' title='bbox 322 5732 437 5804; x_wconf 91' lang='lat' dir='ltr'>Spiritus</span> <span class='ocrx_word' id='word_1_662' title='bbox 459 5731 546 5789; x_wconf 87' lang='lat' dir='ltr'>sancti</span> <span class='ocrx_word' id='word_1_663' title='bbox 565 5728 710 5787; x_wconf 81' lang='lat' dir='ltr'>effusione.</span> <span class='ocrx_word' id='word_1_664' title='bbox 730 5728 871 5786; x_wconf 83' lang='lat' dir='ltr'>Secundus</span> <span class='ocrx_word' id='word_1_665' title='bbox 885 5728 963 5801; x_wconf 88' lang='lat' dir='ltr'>psal·</span> 
     </span>
    </p>
   </div>
   <div class='ocr_carea' id='block_1_26' title="bbox 1038 3426 1844 3664">
    <p class='ocr_par' dir='ltr' id='par_1_27' title="bbox 1038 3426 1844 3664">
     <span class='ocr_line' id='line_1_92' title="bbox 1041 3426 1844 3493; baseline 0.006 -11"><span class='ocrx_word' id='word_1_666' title='bbox 1041 3426 1134 3483; x_wconf 89' lang='lat' dir='ltr'>Sancti</span> <span class='ocrx_word' id='word_1_667' title='bbox 1153 3428 1274 3484; x_wconf 85' lang='lat' dir='ltr'>servient</span> <span class='ocrx_word' id='word_1_668' title='bbox 1291 3431 1348 3486; x_wconf 87' lang='lat' dir='ltr'>Dec</span> <span class='ocrx_word' id='word_1_669' title='bbox 1368 3434 1432 3487; x_wconf 81' lang='lat' dir='ltr'>siae</span> <span class='ocrx_word' id='word_1_670' title='bbox 1450 3433 1566 3493; x_wconf 82' lang='lat' dir='ltr'>timore,</span> <span class='ocrx_word' id='word_1_671' title='bbox 1585 3432 1619 3488; x_wconf 87' lang='lat' dir='ltr'>de</span> <span class='ocrx_word' id='word_1_672' title='bbox 1633 3449 1720 3488; x_wconf 84' lang='lat' dir='ltr'>maan</span> <span class='ocrx_word' id='word_1_673' title='bbox 1739 3433 1844 3487; x_wconf 82' lang='lat' dir='ltr'>inimi·</span> 
     </span>
     <span class='ocr_line' id='line_1_93' title="bbox 1039 3516 1843 3593; baseline 0.006 -22"><span class='ocrx_word' id='word_1_674' title='bbox 1039 3530 1139 3571; x_wconf 86' lang='lat' dir='ltr'>coram</span> <span class='ocrx_word' id='word_1_675' title='bbox 1157 3516 1281 3585; x_wconf 84' lang='lat' dir='ltr'>liberati,</span> <span class='ocrx_word' id='word_1_676' title='bbox 1295 3519 1326 3573; x_wconf 85' lang='lat' dir='ltr'>ia</span> <span class='ocrx_word' id='word_1_677' title='bbox 1338 3522 1495 3577; x_wconf 81' lang='lat' dir='ltr'>sanctitate</span> <span class='ocrx_word' id='word_1_678' title='bbox 1508 3526 1537 3577; x_wconf 91' lang='lat' dir='ltr'>et</span> <span class='ocrx_word' id='word_1_679' title='bbox 1544 3521 1665 3592; x_wconf 80' lang='lat' dir='ltr'>justitia</span> <span class='ocrx_word' id='word_1_680' title='bbox 1674 3536 1769 3578; x_wconf 84' lang='lat' dir='ltr'>coram</span> <span class='ocrx_word' id='word_1_681' title='bbox 1780 3520 1843 3593; x_wconf 85' lang='lat' dir='ltr'>ipso</span> 
     </span>
     <span class='ocr_line' id='line_1_94' title="bbox 1038 3605 1405 3664; baseline 0.008 -4"><span class='ocrx_word' id='word_1_682' title='bbox 1038 3605 1168 3661; x_wconf 83' lang='lat' dir='ltr'>omnihus</span> <span class='ocrx_word' id='word_1_683' title='bbox 1179 3606 1275 3663; x_wconf 63' lang='lat' dir='ltr'>dutus</span> <span class='ocrx_word' id='word_1_684' title='bbox 1286 3609 1405 3664; x_wconf 81' lang='lat' dir='ltr'>nostris.</span> 
     </span>
    </p>
   </div>
   <div class='ocr_carea' id='block_1_27' title="bbox 1031 3738 1840 4517">
    <p class='ocr_par' dir='ltr' id='par_1_28' title="bbox 1031 3738 1840 4517">
     <span class='ocr_line' id='line_1_95' title="bbox 1075 3738 1839 3808; baseline 0.004 -15"><span class='ocrx_word' id='word_1_685' title='bbox 1075 3738 1139 3793; x_wconf 87' lang='lat' dir='ltr'>Dies</span> <span class='ocrx_word' id='word_1_686' title='bbox 1160 3740 1240 3795; x_wconf 89' lang='lat' dir='ltr'>habet</span> <span class='ocrx_word' id='word_1_687' title='bbox 1262 3740 1407 3797; x_wconf 89' lang='lat' dir='ltr'>duodecim</span> <span class='ocrx_word' id='word_1_688' title='bbox 1430 3742 1523 3797; x_wconf 87' lang='lat' dir='ltr'>horas.</span> <span class='ocrx_word' id='word_1_689' title='bbox 1552 3744 1618 3799; x_wconf 87' lang='lat' dir='ltr'>Dies</span> <span class='ocrx_word' id='word_1_690' title='bbox 1639 3750 1682 3798; x_wconf 90' lang='lat' dir='ltr'>est</span> <span class='ocrx_word' id='word_1_691' title='bbox 1704 3743 1839 3808; x_wconf 89' lang='lat' dir='ltr'>Christus,</span> 
     </span>
     <span class='ocr_line' id='line_1_96' title="bbox 1036 3826 1837 3902; baseline 0.004 -21"><span class='ocrx_word' id='word_1_692' title='bbox 1036 3826 1112 3883; x_wconf 87' lang='lat' dir='ltr'>horae</span> <span class='ocrx_word' id='word_1_693' title='bbox 1126 3835 1189 3881; x_wconf 93' lang='lat' dir='ltr'>sunt</span> <span class='ocrx_word' id='word_1_694' title='bbox 1202 3828 1281 3899; x_wconf 87' lang='lat' dir='ltr'>justi,</span> <span class='ocrx_word' id='word_1_695' title='bbox 1297 3829 1342 3902; x_wconf 94' lang='lat' dir='ltr'>qui</span> <span class='ocrx_word' id='word_1_696' title='bbox 1358 3828 1438 3885; x_wconf 91' lang='lat' dir='ltr'>bonis</span> <span class='ocrx_word' id='word_1_697' title='bbox 1452 3831 1584 3901; x_wconf 90' lang='lat' dir='ltr'>operibus</span> <span class='ocrx_word' id='word_1_698' title='bbox 1608 3831 1749 3887; x_wconf 84' lang='lat' dir='ltr'>adhaerent</span> <span class='ocrx_word' id='word_1_699' title='bbox 1773 3830 1837 3896; x_wconf 93' lang='lat' dir='ltr'>diei,</span> 
     </span>
     <span class='ocr_line' id='line_1_97' title="bbox 1036 3914 1840 3990; baseline 0.006 -22"><span class='ocrx_word' id='word_1_700' title='bbox 1036 3914 1064 3968; x_wconf 90' lang='lat' dir='ltr'>id</span> <span class='ocrx_word' id='word_1_701' title='bbox 1083 3923 1124 3970; x_wconf 90' lang='lat' dir='ltr'>est</span> <span class='ocrx_word' id='word_1_702' title='bbox 1140 3916 1256 3972; x_wconf 90' lang='lat' dir='ltr'>Christo.</span> <span class='ocrx_word' id='word_1_703' title='bbox 1286 3918 1350 3973; x_wconf 89' lang='lat' dir='ltr'>Nox</span> <span class='ocrx_word' id='word_1_704' title='bbox 1379 3919 1576 3990; x_wconf 70' lang='lat' dir='ltr'>aequinoctialis</span> <span class='ocrx_word' id='word_1_705' title='bbox 1604 3919 1731 3975; x_wconf 90' lang='lat' dir='ltr'>similiter</span> <span class='ocrx_word' id='word_1_706' title='bbox 1755 3918 1840 3974; x_wconf 87' lang='lat' dir='ltr'>habet</span> 
     </span>
     <span class='ocr_line' id='line_1_98' title="bbox 1035 4002 1838 4078; baseline 0.007 -21"><span class='ocrx_word' id='word_1_707' title='bbox 1035 4002 1180 4059; x_wconf 89' lang='lat' dir='ltr'>duodecim</span> <span class='ocrx_word' id='word_1_708' title='bbox 1205 4006 1288 4061; x_wconf 89' lang='lat' dir='ltr'>horas</span> <span class='ocrx_word' id='word_1_709' title='bbox 1306 4023 1312 4059; x_wconf 73' lang='grc' dir='ltr'><em>ι</em></span> <span class='ocrx_word' id='word_1_710' title='bbox 1329 4022 1382 4071; x_wconf 77' lang='lat' dir='ltr'>nox</span> <span class='ocrx_word' id='word_1_711' title='bbox 1406 4014 1450 4062; x_wconf 90' lang='lat' dir='ltr'>est</span> <span class='ocrx_word' id='word_1_712' title='bbox 1473 4006 1528 4062; x_wconf 78' lang='lat' dir='ltr'>rite</span> <span class='ocrx_word' id='word_1_713' title='bbox 1549 4016 1744 4078; x_wconf 88' lang='lat' dir='ltr'>peccatorum,</span> <span class='ocrx_word' id='word_1_714' title='bbox 1759 4008 1838 4063; x_wconf 79' lang='lat' dir='ltr'>horae</span> 
     </span>
     <span class='ocr_line' id='line_1_99' title="bbox 1035 4094 1835 4167; baseline 0.006 -21"><span class='ocrx_word' id='word_1_715' title='bbox 1035 4100 1100 4146; x_wconf 91' lang='lat' dir='ltr'>sunt</span> <span class='ocrx_word' id='word_1_716' title='bbox 1116 4101 1286 4163; x_wconf 88' lang='lat' dir='ltr'>peccatores.</span> <span class='ocrx_word' id='word_1_717' title='bbox 1306 4096 1363 4151; x_wconf 91' lang='lat' dir='ltr'>Nos</span> <span class='ocrx_word' id='word_1_718' title='bbox 1378 4094 1425 4167; x_wconf 88' lang='lat' dir='ltr'>qui</span> <span class='ocrx_word' id='word_1_719' title='bbox 1438 4097 1497 4151; x_wconf 91' lang='lat' dir='ltr'>dies</span> <span class='ocrx_word' id='word_1_720' title='bbox 1512 4112 1651 4158; x_wconf 81' lang='lat' dir='ltr'>vocamur,</span> <span class='ocrx_word' id='word_1_721' title='bbox 1667 4111 1685 4151; x_wconf 93' lang='lat' dir='ltr'>a</span> <span class='ocrx_word' id='word_1_722' title='bbox 1699 4105 1789 4160; x_wconf 87' lang='lat' dir='ltr'>nocte.</span> <span class='ocrx_word' id='word_1_723' title='bbox 1806 4096 1835 4151; x_wconf 92' lang='lat' dir='ltr'>id</span> 
     </span>
     <span class='ocr_line' id='line_1_100' title="bbox 1034 4182 1836 4255; baseline 0.004 -20"><span class='ocrx_word' id='word_1_724' title='bbox 1034 4188 1085 4251; x_wconf 88' lang='lat' dir='ltr'>est,</span> <span class='ocrx_word' id='word_1_725' title='bbox 1104 4182 1139 4237; x_wconf 89' lang='lat' dir='ltr'>ab</span> <span class='ocrx_word' id='word_1_726' title='bbox 1154 4183 1339 4254; x_wconf 86' lang='lat' dir='ltr'>eleemosynis</span> <span class='ocrx_word' id='word_1_727' title='bbox 1361 4200 1410 4255; x_wconf 88' lang='lat' dir='ltr'>pro</span> <span class='ocrx_word' id='word_1_728' title='bbox 1433 4185 1553 4255; x_wconf 89' lang='lat' dir='ltr'>peccatis</span> <span class='ocrx_word' id='word_1_729' title='bbox 1577 4185 1676 4240; x_wconf 91' lang='lat' dir='ltr'>oblatis</span> <span class='ocrx_word' id='word_1_730' title='bbox 1698 4192 1836 4240; x_wconf 86' lang='lat' dir='ltr'>sustenta-</span> 
     </span>
     <span class='ocr_line' id='line_1_101' title="bbox 1032 4270 1835 4345; baseline 0.004 -21"><span class='ocrx_word' id='word_1_731' title='bbox 1032 4285 1102 4325; x_wconf 89' lang='lat' dir='ltr'>mur.</span> <span class='ocrx_word' id='word_1_732' title='bbox 1128 4270 1195 4327; x_wconf 88' lang='lat' dir='ltr'>ldeo</span> <span class='ocrx_word' id='word_1_733' title='bbox 1210 4272 1353 4327; x_wconf 82' lang='lat' dir='ltr'>duodecim</span> <span class='ocrx_word' id='word_1_734' title='bbox 1376 4273 1498 4345; x_wconf 90' lang='lat' dir='ltr'>psalmos</span> <span class='ocrx_word' id='word_1_735' title='bbox 1522 4273 1549 4327; x_wconf 92' lang='lat' dir='ltr'>in</span> <span class='ocrx_word' id='word_1_736' title='bbox 1572 4274 1687 4345; x_wconf 91' lang='lat' dir='ltr'>privatis</span> <span class='ocrx_word' id='word_1_737' title='bbox 1711 4272 1835 4329; x_wconf 88' lang='lat' dir='ltr'>noctibus</span> 
     </span>
     <span class='ocr_line' id='line_1_102' title="bbox 1032 4359 1834 4432; baseline 0.007 -21"><span class='ocrx_word' id='word_1_738' title='bbox 1032 4359 1183 4430; x_wconf 87' lang='lat' dir='ltr'>psallimus,</span> <span class='ocrx_word' id='word_1_739' title='bbox 1209 4368 1238 4415; x_wconf 93' lang='lat' dir='ltr'>ut</span> <span class='ocrx_word' id='word_1_740' title='bbox 1262 4377 1399 4417; x_wconf 87' lang='lat' dir='ltr'>memores</span> <span class='ocrx_word' id='word_1_741' title='bbox 1423 4364 1525 4432; x_wconf 85' lang='lat' dir='ltr'>simus,</span> <span class='ocrx_word' id='word_1_742' title='bbox 1550 4377 1601 4417; x_wconf 90' lang='lat' dir='ltr'>uos</span> <span class='ocrx_word' id='word_1_743' title='bbox 1621 4362 1757 4419; x_wconf 90' lang='lat' dir='ltr'>debitores</span> <span class='ocrx_word' id='word_1_744' title='bbox 1772 4377 1834 4417; x_wconf 90' lang='lat' dir='ltr'>esse</span> 
     </span>
     <span class='ocr_line' id='line_1_103' title="bbox 1031 4444 1832 4517; baseline 0.004 -22"><span class='ocrx_word' id='word_1_745' title='bbox 1031 4444 1214 4514; x_wconf 88' lang='lat' dir='ltr'>propeccatis</span> <span class='ocrx_word' id='word_1_746' title='bbox 1239 4444 1354 4512; x_wconf 90' lang='lat' dir='ltr'>nostris,</span> <span class='ocrx_word' id='word_1_747' title='bbox 1379 4454 1406 4501; x_wconf 93' lang='lat' dir='ltr'>et</span> <span class='ocrx_word' id='word_1_748' title='bbox 1430 4463 1480 4517; x_wconf 93' lang='lat' dir='ltr'>pro</span> <span class='ocrx_word' id='word_1_749' title='bbox 1501 4462 1606 4511; x_wconf 89' lang='lat' dir='ltr'>eorum,</span> <span class='ocrx_word' id='word_1_750' title='bbox 1621 4462 1736 4517; x_wconf 89' lang='lat' dir='ltr'>quorum</span> <span class='ocrx_word' id='word_1_751' title='bbox 1749 4444 1832 4500; x_wconf 89' lang='lat' dir='ltr'>ohla-</span> 
     </span>
    </p>
   </div>
   <div class='ocr_carea' id='block_1_28' title="bbox 1031 4530 1560 4599">
    <p class='ocr_par' dir='ltr' id='par_1_29' title="bbox 1031 4530 1560 4599">
     <span class='ocr_line' id='line_1_104' title="bbox 1031 4530 1560 4599; baseline 0.008 -14"><span class='ocrx_word' id='word_1_752' title='bbox 1031 4530 1151 4587; x_wconf 90' lang='lat' dir='ltr'>tionibus</span> <span class='ocrx_word' id='word_1_753' title='bbox 1167 4540 1361 4599; x_wconf 88' lang='lat' dir='ltr'>sustentamur,</span> <span class='ocrx_word' id='word_1_754' title='bbox 1378 4533 1560 4590; x_wconf 87' lang='lat' dir='ltr'>intercedere.</span> 
     </span>
    </p>
   </div>
   <div class='ocr_carea' id='block_1_29' title="bbox 1028 4654 1832 4891">
    <p class='ocr_par' dir='ltr' id='par_1_30' title="bbox 1028 4654 1832 4891">
     <span class='ocr_line' id='line_1_105' title="bbox 1067 4654 1832 4727; baseline 0.004 -18"><span class='ocrx_word' id='word_1_755' title='bbox 1067 4654 1121 4709; x_wconf 83' lang='lat' dir='ltr'>Sex</span> <span class='ocrx_word' id='word_1_756' title='bbox 1135 4654 1291 4725; x_wconf 79' lang='lat' dir='ltr'>antiphona</span> <span class='ocrx_word' id='word_1_757' title='bbox 1306 4662 1347 4711; x_wconf 89' lang='lat' dir='ltr'>est</span> <span class='ocrx_word' id='word_1_758' title='bbox 1361 4655 1475 4711; x_wconf 89' lang='lat' dir='ltr'>intentio</span> <span class='ocrx_word' id='word_1_759' title='bbox 1498 4656 1532 4710; x_wconf 92' lang='lat' dir='ltr'>ad</span> <span class='ocrx_word' id='word_1_760' title='bbox 1558 4654 1754 4727; x_wconf 87' lang='lat' dir='ltr'>perlectionem</span> <span class='ocrx_word' id='word_1_761' title='bbox 1780 4657 1832 4712; x_wconf 89' lang='lat' dir='ltr'>ho-</span> 
     </span>
     <span class='ocr_line' id='line_1_106' title="bbox 1028 4739 1832 4811; baseline 0.006 -20"><span class='ocrx_word' id='word_1_762' title='bbox 1028 4751 1124 4792; x_wconf 92' lang='lat' dir='ltr'>norum</span> <span class='ocrx_word' id='word_1_763' title='bbox 1140 4754 1273 4809; x_wconf 86' lang='lat' dir='ltr'>operum;</span> <span class='ocrx_word' id='word_1_764' title='bbox 1290 4746 1317 4793; x_wconf 93' lang='lat' dir='ltr'>ut</span> <span class='ocrx_word' id='word_1_765' title='bbox 1332 4755 1392 4795; x_wconf 86' lang='lat' dir='ltr'>cum</span> <span class='ocrx_word' id='word_1_766' title='bbox 1408 4755 1458 4811; x_wconf 94' lang='lat' dir='ltr'>pro</span> <span class='ocrx_word' id='word_1_767' title='bbox 1478 4740 1538 4794; x_wconf 89' lang='lat' dir='ltr'>aliis</span> <span class='ocrx_word' id='word_1_768' title='bbox 1559 4739 1764 4809; x_wconf 89' lang='lat' dir='ltr'>intercedimus,</span> <span class='ocrx_word' id='word_1_769' title='bbox 1780 4756 1832 4796; x_wconf 90' lang='lat' dir='ltr'>nos</span> 
     </span>
     <span class='ocr_line' id='line_1_107' title="bbox 1029 4819 1344 4891; baseline 0.016 -17"><span class='ocrx_word' id='word_1_770' title='bbox 1029 4819 1080 4891; x_wconf 90' lang='lat' dir='ltr'>ipsi</span> <span class='ocrx_word' id='word_1_771' title='bbox 1095 4821 1165 4875; x_wconf 88' lang='lat' dir='ltr'>mala</span> <span class='ocrx_word' id='word_1_772' title='bbox 1180 4820 1344 4879; x_wconf 81' lang='lat' dir='ltr'>devitemus.</span> 
     </span>
    </p>
   </div>
   <div class='ocr_carea' id='block_1_30' title="bbox 1019 4950 1829 5801">
    <p class='ocr_par' dir='ltr' id='par_1_31' title="bbox 1019 4950 1829 5801">
     <span class='ocr_line' id='line_1_108' title="bbox 1063 4950 1828 5009; baseline 0.007 -5"><span class='ocrx_word' id='word_1_773' title='bbox 1063 4950 1271 5007; x_wconf 72' lang='lat' dir='ltr'>armiductores</span> <span class='ocrx_word' id='word_1_774' title='bbox 1300 4952 1499 5008; x_wconf 90' lang='lat' dir='ltr'>constituerunt</span> <span class='ocrx_word' id='word_1_775' title='bbox 1522 4952 1550 5006; x_wconf 92' lang='lat' dir='ltr'>in</span> <span class='ocrx_word' id='word_1_776' title='bbox 1570 4951 1665 5007; x_wconf 89' lang='lat' dir='ltr'>militia</span> <span class='ocrx_word' id='word_1_777' title='bbox 1688 4970 1738 5008; x_wconf 89' lang='lat' dir='ltr'>sua</span> <span class='ocrx_word' id='word_1_778' title='bbox 1762 4954 1828 5009; x_wconf 80' lang='lat' dir='ltr'>Dor·</span> 
     </span>
     <span class='ocr_line' id='line_1_109' title="bbox 1027 5038 1827 5115; baseline 0.009 -23"><span class='ocrx_word' id='word_1_779' title='bbox 1027 5038 1174 5094; x_wconf 88' lang='lat' dir='ltr'>mientibns</span> <span class='ocrx_word' id='word_1_780' title='bbox 1197 5040 1328 5096; x_wconf 89' lang='lat' dir='ltr'>militibus</span> <span class='ocrx_word' id='word_1_781' title='bbox 1351 5048 1441 5097; x_wconf 88' lang='lat' dir='ltr'>castra</span> <span class='ocrx_word' id='word_1_782' title='bbox 1455 5040 1525 5096; x_wconf 89' lang='lat' dir='ltr'>tueri</span> <span class='ocrx_word' id='word_1_783' title='bbox 1539 5058 1589 5112; x_wconf 91' lang='lat' dir='ltr'>per</span> <span class='ocrx_word' id='word_1_784' title='bbox 1602 5049 1658 5097; x_wconf 89' lang='lat' dir='ltr'>tres</span> <span class='ocrx_word' id='word_1_785' title='bbox 1674 5041 1783 5115; x_wconf 77' lang='lat' dir='ltr'>vigilias</span> <span class='ocrx_word' id='word_1_786' title='bbox 1797 5043 1827 5099; x_wconf 93' lang='lat' dir='ltr'>in</span> 
     </span>
     <span class='ocr_line' id='line_1_110' title="bbox 1030 5124 1829 5198; baseline 0.004 -20"><span class='ocrx_word' id='word_1_787' title='bbox 1030 5130 1120 5190; x_wconf 89' lang='lat' dir='ltr'>noete,</span> <span class='ocrx_word' id='word_1_788' title='bbox 1133 5133 1229 5195; x_wconf 67' lang='lat' dir='ltr'>marta</span> <span class='ocrx_word' id='word_1_789' title='bbox 1242 5132 1382 5181; x_wconf 86' lang='lat' dir='ltr'>astantem</span> <span class='ocrx_word' id='word_1_790' title='bbox 1396 5124 1424 5179; x_wconf 92' lang='lat' dir='ltr'>in</span> <span class='ocrx_word' id='word_1_791' title='bbox 1438 5124 1589 5181; x_wconf 87' lang='lat' dir='ltr'>matutinali</span> <span class='ocrx_word' id='word_1_792' title='bbox 1598 5134 1735 5198; x_wconf 89' lang='lat' dir='ltr'>tempore.</span> <span class='ocrx_word' id='word_1_793' title='bbox 1759 5128 1829 5183; x_wconf 91' lang='lat' dir='ltr'>Tres</span> 
     </span>
     <span class='ocr_line' id='line_1_111' title="bbox 1024 5207 1826 5283; baseline 0.004 -21"><span class='ocrx_word' id='word_1_794' title='bbox 1024 5207 1158 5265; x_wconf 86' lang='lat' dir='ltr'>lectiones</span> <span class='ocrx_word' id='word_1_795' title='bbox 1173 5217 1200 5265; x_wconf 87' lang='lat' dir='ltr'>et</span> <span class='ocrx_word' id='word_1_796' title='bbox 1215 5211 1263 5263; x_wconf 89' lang='lat' dir='ltr'>tria</span> <span class='ocrx_word' id='word_1_797' title='bbox 1276 5207 1452 5280; x_wconf 87' lang='lat' dir='ltr'>responsoria</span> <span class='ocrx_word' id='word_1_798' title='bbox 1465 5208 1603 5265; x_wconf 90' lang='lat' dir='ltr'>insinuant</span> <span class='ocrx_word' id='word_1_799' title='bbox 1619 5210 1726 5283; x_wconf 78' lang='lat' dir='ltr'>vigilias</span> <span class='ocrx_word' id='word_1_800' title='bbox 1742 5209 1826 5280; x_wconf 86' lang='lat' dir='ltr'>cleri;</span> 
     </span>
     <span class='ocr_line' id='line_1_112' title="bbox 1024 5296 1828 5371; baseline 0.004 -18"><span class='ocrx_word' id='word_1_801' title='bbox 1024 5296 1061 5353; x_wconf 92' lang='lat' dir='ltr'>ad</span> <span class='ocrx_word' id='word_1_802' title='bbox 1076 5298 1185 5368; x_wconf 90' lang='lat' dir='ltr'>plebem</span> <span class='ocrx_word' id='word_1_803' title='bbox 1197 5296 1249 5353; x_wconf 89' lang='lat' dir='ltr'>Dei</span> <span class='ocrx_word' id='word_1_804' title='bbox 1263 5315 1313 5371; x_wconf 91' lang='lat' dir='ltr'>per</span> <span class='ocrx_word' id='word_1_805' title='bbox 1327 5298 1458 5353; x_wconf 90' lang='lat' dir='ltr'>lectiones</span> <span class='ocrx_word' id='word_1_806' title='bbox 1472 5297 1604 5368; x_wconf 87' lang='lat' dir='ltr'>doctrina,</span> <span class='ocrx_word' id='word_1_807' title='bbox 1618 5314 1668 5371; x_wconf 90' lang='lat' dir='ltr'>per</span> <span class='ocrx_word' id='word_1_808' title='bbox 1679 5315 1828 5371; x_wconf 88' lang='lat' dir='ltr'>responso·</span> 
     </span>
     <span class='ocr_line' id='line_1_113' title="bbox 1023 5382 1825 5455; baseline 0.002 -18"><span class='ocrx_word' id='word_1_809' title='bbox 1023 5383 1065 5438; x_wconf 91' lang='lat' dir='ltr'>ria</span> <span class='ocrx_word' id='word_1_810' title='bbox 1076 5382 1179 5439; x_wconf 90' lang='lat' dir='ltr'>clamor</span> <span class='ocrx_word' id='word_1_811' title='bbox 1190 5382 1290 5438; x_wconf 89' lang='lat' dir='ltr'>mentis</span> <span class='ocrx_word' id='word_1_812' title='bbox 1300 5384 1448 5437; x_wconf 88' lang='lat' dir='ltr'>exhortans</span> <span class='ocrx_word' id='word_1_813' title='bbox 1457 5382 1588 5454; x_wconf 93' lang='lat' dir='ltr'>populum</span> <span class='ocrx_word' id='word_1_814' title='bbox 1599 5382 1650 5438; x_wconf 89' lang='lat' dir='ltr'>Dei</span> <span class='ocrx_word' id='word_1_815' title='bbox 1660 5382 1695 5438; x_wconf 90' lang='lat' dir='ltr'>ad</span> <span class='ocrx_word' id='word_1_816' title='bbox 1706 5382 1825 5455; x_wconf 78' lang='lat' dir='ltr'>vigilias,</span> 
     </span>
     <span class='ocr_line' id='line_1_114' title="bbox 1022 5467 1826 5541; baseline 0 -18"><span class='ocrx_word' id='word_1_817' title='bbox 1022 5467 1046 5523; x_wconf 87' lang='lat' dir='ltr'>si</span> <span class='ocrx_word' id='word_1_818' title='bbox 1060 5468 1193 5523; x_wconf 89' lang='lat' dir='ltr'>Dominus</span> <span class='ocrx_word' id='word_1_819' title='bbox 1207 5468 1311 5523; x_wconf 84' lang='lat' dir='ltr'>uenerit</span> <span class='ocrx_word' id='word_1_820' title='bbox 1334 5484 1408 5537; x_wconf 86' lang='lat' dir='ltr'>sero,</span> <span class='ocrx_word' id='word_1_821' title='bbox 1434 5482 1470 5521; x_wconf 90' lang='lat' dir='ltr'>un</span> <span class='ocrx_word' id='word_1_822' title='bbox 1494 5467 1586 5522; x_wconf 91' lang='lat' dir='ltr'>media</span> <span class='ocrx_word' id='word_1_823' title='bbox 1608 5477 1697 5532; x_wconf 90' lang='lat' dir='ltr'>nocte,</span> <span class='ocrx_word' id='word_1_824' title='bbox 1711 5482 1746 5523; x_wconf 88' lang='lat' dir='ltr'>an</span> <span class='ocrx_word' id='word_1_825' title='bbox 1759 5469 1826 5541; x_wconf 81' lang='lat' dir='ltr'>galli</span> 
     </span>
     <span class='ocr_line' id='line_1_115' title="bbox 1021 5555 1823 5625; baseline 0.002 -12"><span class='ocrx_word' id='word_1_826' title='bbox 1021 5566 1113 5625; x_wconf 89' lang='lat' dir='ltr'>cantu,</span> <span class='ocrx_word' id='word_1_827' title='bbox 1140 5571 1176 5611; x_wconf 91' lang='lat' dir='ltr'>an</span> <span class='ocrx_word' id='word_1_828' title='bbox 1205 5572 1301 5621; x_wconf 84' lang='lat' dir='ltr'>mane;</span> <span class='ocrx_word' id='word_1_829' title='bbox 1329 5572 1363 5613; x_wconf 87' lang='lat' dir='ltr'>ne</span> <span class='ocrx_word' id='word_1_830' title='bbox 1392 5555 1512 5612; x_wconf 89' lang='lat' dir='ltr'>inveniat</span> <span class='ocrx_word' id='word_1_831' title='bbox 1539 5572 1601 5612; x_wconf 91' lang='lat' dir='ltr'>eum</span> <span class='ocrx_word' id='word_1_832' title='bbox 1630 5556 1823 5615; x_wconf 87' lang='lat' dir='ltr'>dormientem.</span> 
     </span>
     <span class='ocr_line' id='line_1_116' title="bbox 1022 5643 1826 5716; baseline 0.002 -16"><span class='ocrx_word' id='word_1_833' title='bbox 1022 5645 1117 5700; x_wconf 86' lang='lat' dir='ltr'>Prima</span> <span class='ocrx_word' id='word_1_834' title='bbox 1145 5643 1242 5716; x_wconf 80' lang='lat' dir='ltr'>vigilia</span> <span class='ocrx_word' id='word_1_835' title='bbox 1265 5644 1396 5715; x_wconf 90' lang='lat' dir='ltr'>pueritia,</span> <span class='ocrx_word' id='word_1_836' title='bbox 1423 5644 1544 5699; x_wconf 90' lang='lat' dir='ltr'>secunda</span> <span class='ocrx_word' id='word_1_837' title='bbox 1567 5645 1712 5713; x_wconf 83' lang='lat' dir='ltr'>juventus,</span> <span class='ocrx_word' id='word_1_838' title='bbox 1744 5646 1826 5702; x_wconf 83' lang='lat' dir='ltr'>tertia</span> 
     </span>
     <span class='ocr_line' id='line_1_117' title="bbox 1019 5727 1826 5801; baseline 0.006 -17"><span class='ocrx_word' id='word_1_839' title='bbox 1019 5738 1160 5787; x_wconf 88' lang='lat' dir='ltr'>senectus.</span> <span class='ocrx_word' id='word_1_840' title='bbox 1172 5727 1226 5797; x_wconf 85' lang='lat' dir='ltr'>Qui</span> <span class='ocrx_word' id='word_1_841' title='bbox 1240 5728 1267 5784; x_wconf 92' lang='lat' dir='ltr'>in</span> <span class='ocrx_word' id='word_1_842' title='bbox 1278 5728 1399 5800; x_wconf 89' lang='lat' dir='ltr'>pueritia</span> <span class='ocrx_word' id='word_1_843' title='bbox 1408 5727 1638 5785; x_wconf 79' lang='lat' dir='ltr'>desidiaededitus</span> <span class='ocrx_word' id='word_1_844' title='bbox 1647 5730 1762 5801; x_wconf 84' lang='lat' dir='ltr'>adopus</span> <span class='ocrx_word' id='word_1_845' title='bbox 1770 5731 1826 5789; x_wconf 88' lang='lat' dir='ltr'>Dei</span> 
     </span>
    </p>
   </div>
   <div class='ocr_carea' id='block_1_31' title="bbox 0 0 1976 6067">
    <p class='ocr_par' dir='ltr' id='par_1_32' title="bbox 0 0 1976 6067">
     <span class='ocr_line' id='line_1_118' title="bbox 0 0 1976 6067; baseline 0 17"><span class='ocrx_word' id='word_1_846' title='bbox 0 0 1976 6067; x_wconf 95' lang='lat' dir='ltr'> </span> 
     </span>
    </p>
   </div>
  </div>
 </body>
</html>
