3942 6067
215 247 264 304 sat

544 239 697 298 nononu
715 201 972 296 aunosrooou.
996 239 1076 296 ora.
1096 239 1191 294 anns
1206 238 1244 292 u.
1263 267 1297 278 -
1313 229 1537 294 axnonrtca.

1819 236 1874 293 399Ι

212 373 338 431 mortalis
352 379 393 428 est
408 371 511 436 factus,
526 377 555 425 ut
570 367 704 442 originale
725 374 868 439 peccatum
890 365 1015 423 destrue·
1028 365 1056 424 A
1071 362 1134 434 ipso
1149 362 1207 419 sole
1219 359 1333 433 justitiae
1347 361 1454 418 oriente
1478 361 1566 416 hiems
1587 358 1704 428 transiit,
1719 365 1747 415 et
1760 374 1809 416 ver
1823 375 1874 417 ca·

213 474 265 520 t'l‘l.

249 579 300 650 Qui
316 586 382 646 stat,
401 577 527 641 laborat,
544 580 571 628 et
586 571 709 627 Christus
725 571 752 625 in
766 568 950 627 destructione
964 569 1019 624 bu-

212 670 257 739 jus
271 668 343 723 muri
357 668 384 721 iu
399 671 503 720 tanturn
514 658 655 730 laboravit,
671 659 743 732 quod
759 659 841 714 etiem
857 657 1019 728 sanguinem

214 755 330 813 sudavit.
348 756 502 815 fenestrae,
519 766 580 822 quaa
600 748 693 804 lumen
715 747 742 801 in
765 747 877 802 domum
898 745 1017 827 mittunt,

215 853 278 900 sunt
291 839 430 913 apostoli,
447 838 492 911 qui
513 836 605 892 lumen
620 833 782 906 cognitionis
797 833 847 889 Dei
870 832 898 887 in
920 831 1019 888 Eccle-

212 933 279 988 siam
308 931 420 986 domum
434 926 485 982 Dei
499 925 641 982 fuderunt.
659 921 796 989 Cancelli,
820 921 849 977 id
873 929 915 976 est
936 935 1021 992 parra

210 1019 347 1077 foramina
359 1018 387 1072 in
402 1015 518 1088 pariete,
535 1028 584 1085 per
599 1027 659 1083 quae
676 1011 716 1066 sol
732 1010 824 1067 radios
834 1024 900 1065 suos
916 1009 1018 1077 vibrat,

210 1117 273 1166 sunt
287 1108 438 1180 prophetae.
455 1120 505 1176 par
519 1118 589 1174 quos
605 1101 646 1157 sol
658 1100 770 1170 justitia
787 1099 880 1155 radios
896 1115 954 1154 suae
968 1113 1019 1154 no·

211 1198 276 1268 ,ltine
291 1197 394 1252 mundo
409 1192 579 1248 immittebat.
591 1188 712 1246 Cancellt
727 1189 807 1245 etiam
823 1195 885 1244 sunt
898 1195 974 1242 artus
988 1186 1019 1240 in

213 1285 344 1344 anteriori
367 1291 446 1356 parte
461 1283 570 1338 domus.
596 1277 678 1335 Unde
702 1275 832 1334 dicuntur
847 1272 1018 1341 cancellarii,

215 1375 343 1432 videlicet
365 1372 557 1443 prolocutores
571 1366 656 1440 regis,
672 1365 719 1440 qui
733 1365 767 1422 de
783 1363 914 1422 cancellis
929 1361 1020 1420 edicta

215 1465 289 1536 regis
304 1461 407 1534 populo
423 1459 525 1515 dicunt.
549 1455 629 1526 Quod
644 1454 742 1512 iterum
764 1461 843 1510 erant
866 1452 1020 1524 prophetae,

216 1551 261 1624 qui
282 1553 311 1606 in
332 1547 461 1606 anteriori
477 1553 555 1619 parte
570 1545 678 1610 domus,
695 1542 800 1600 scilicet
816 1541 843 1596 iu
858 1542 1019 1614 synagoga,

217 1657 279 1713 quae
293 1646 350 1695 erat
366 1638 464 1693 umbra
482 1635 582 1692 domus
596 1632 738 1700 Ecclesiae,
755 1631 885 1688 mandata
898 1629 951 1686 Dei
965 1645 1020 1701 po-

215 1729 280 1802 pulo
295 1727 467 1783 nuntiabant.

250 1840 370 1899 Cancelli
385 1855 493 1913 quoque
516 1845 578 1893 sunt
601 1845 662 1893 tcca
685 1836 713 1891 in
737 1836 838 1900 choro,
866 1832 1016 1905 inquibus

214 1931 365 2004 psallentes
394 1937 456 1985 sunt
477 1925 615 1991 ordinati,
642 1933 669 1981 et
690 1923 814 1980 muniunt
842 1937 938 1979 omnes
965 1919 1016 1993 qui

215 2029 277 2076 sunt
291 2019 317 2074 in
333 2017 449 2074 diversis
473 2015 605 2089 gradibus
629 2013 781 2070 constituti.
809 2012 932 2083 Sponsus
947 2025 1015 2082 ergo

214 2125 263 2181 per
277 2107 425 2166 fenestram
441 2120 572 2177 sponsam
585 2103 723 2174 respexit,
741 2100 806 2156 dum
822 2099 945 2155 Christus
967 2113 1017 2170 per

213 2196 353 2270 apostolos
374 2195 468 2251 lumen
489 2191 653 2266 cognitionis
673 2207 729 2246 suae
753 2188 884 2246 Ecclesiae
907 2185 1013 2242 infudit.

214 2287 265 2342 Per
280 2283 419 2342 cancellos
434 2285 506 2338 hanc
520 2280 652 2353 respexit,
664 2281 729 2334 dum
742 2293 792 2350 per
807 2277 956 2350 prophetas
971 2274 1015 2332 rel

213 2375 333 2448 reliquos
348 2374 476 2429 doctores
491 2371 516 2426 ei
529 2369 623 2425 radios
638 2385 693 2424 snae
707 2367 809 2424 notitiae
823 2365 944 2421 immisit.
962 2366 1015 2420 Per

212 2463 362 2520 fenestram
386 2460 558 2533 prospiciens
584 2457 684 2530 partim
708 2455 825 2522 videtur,
841 2456 944 2528 partim
959 2469 1014 2509 noa

212 2553 329 2619 videtur,
347 2551 387 2607 sic
412 2547 536 2604 Christus
560 2548 692 2603 incarne
715 2561 830 2601 manens
852 2543 952 2616 partim
977 2541 1015 2598 vi·

213 2657 260 2696 sus
275 2648 315 2698 cst
334 2640 411 2696 Deus
425 2637 452 2693 iu
467 2635 623 2702 miraculis,
640 2634 740 2707 partim
755 2649 811 2690 non
829 2640 870 2688 cst
896 2631 970 2688 virus
986 2630 1013 2685 ln

211 2727 367 2784 infirmitate
382 2726 535 2799 passionis,
550 2732 591 2790 et,
608 2723 669 2796 qnia
694 2731 755 2795 post
777 2722 911 2794 parietem
928 2719 1012 2786 stetit,

212 2833 322 2888 sponsae
335 2813 465 2887 conjungi
481 2828 535 2868 uon
551 2813 647 2884 potuit,
665 2820 691 2868 et
706 2812 768 2867 ideo
793 2826 843 2881 per
865 2809 1014 2866 fenestram

212 2905 306 2962 oscula
320 2912 347 2961 et
361 2903 449 2960 verba
463 2901 546 2966 dedit,
563 2901 626 2972 quia
652 2899 772 2972 quandiu
796 2898 947 2956 mortalitas
967 2897 1014 2951 in-

211 2992 343 3064 terposita
354 2990 427 3064 [est],
438 2987 569 3046 Ecclesiae
580 2988 710 3060 conjungi
721 2986 842 3059 perfecte
852 3003 907 3044 non
916 2985 1011 3058 potuit,

1072 450 1134 508 lore
1149 449 1213 506 tadei
1225 450 1313 506 sancti
1326 449 1444 521 Spiritus
1465 458 1569 506 terram
1590 449 1687 515 solvit,
1702 455 1730 505 et
1743 448 1872 505 virtutum

1074 539 1157 596 tlores
1170 537 1310 610 produxit.
1326 539 1417 594 lmber
1431 541 1474 594 est
1487 536 1579 609 pluvia
1592 538 1620 591 in
1633 536 1737 609 impetu
1747 535 1872 602 veniens,

1072 637 1099 684 ct
1112 628 1167 685 cito
1182 628 1332 694 recedens,
1349 626 1388 682 sic
1402 626 1556 698 persecutio
1579 642 1642 682 eum
1666 625 1769 698 impetu
1789 625 1873 687 veuit.

1071 716 1121 771 sed
1136 715 1245 772 Christo
1258 714 1288 768 in
1301 714 1360 770 suis
1375 714 1501 770 vincente
1527 713 1581 770 cito
1604 712 1681 768 abiit.
1701 714 1790 770 Porro
1804 727 1875 784 apo-

1073 803 1152 860 stolis
1174 802 1390 875 praedicantibus
1410 811 1438 858 et
1459 817 1558 858 eorum
1580 801 1787 858 successoribus
1818 816 1875 856 non

1073 893 1150 958 abiit,
1161 893 1210 948 sed
1225 891 1342 946 maxime
1351 891 1505 962 persecutio
1516 891 1614 947 crerit.
1624 890 1676 946 b'ed
1688 889 1751 946 ideo
1760 897 1874 961 preter-

1073 982 1111 1039 ito
1126 979 1209 1036 modo
1225 979 1290 1036 dicit
1304 980 1389 1046 obiit,
1415 978 1479 1051 quia
1498 986 1526 1034 ut
1547 978 1636 1034 imber
1658 978 1712 1034 cito
1736 978 1868 1035 recessit.

1073 1068 1159 1124 Aliud
1173 1067 1323 1137 estabire,
1344 1066 1420 1125 aliud
1446 1074 1488 1123 cst
1509 1067 1646 1124 recedere.
1671 1065 1720 1122 tlte
1744 1066 1801 1122 abit
1827 1067 1874 1138 qui

1073 1157 1132 1214 vult
1154 1157 1265 1226 reverti,
1280 1155 1327 1212 ille
1341 1155 1446 1212 recedit
1468 1155 1515 1228 qui
1538 1171 1594 1211 non
1615 1153 1671 1211 vult
1691 1154 1801 1210 reverti.
1818 1154 1875 1210 Sub

1074 1241 1186 1314 regibus
1199 1241 1323 1315 gentium
1345 1240 1500 1312 persecutio
1523 1239 1671 1312 aliquando
1685 1238 1767 1305 abiit,
1784 1245 1812 1294 et
1825 1237 1874 1294 ite-

1074 1347 1135 1387 rum
1149 1329 1242 1387 rediit.
1257 1329 1395 1401 Tempore
1408 1343 1475 1385 vero
1489 1328 1661 1385 Constantini
1674 1342 1731 1383 nou
1744 1341 1873 1384 reversu-

1072 1434 1105 1475 ra
1119 1417 1249 1475 recessit.
1268 1416 1397 1490 Oportuit
1411 1425 1500 1472 autem
1515 1415 1733 1488 persecutionem
1748 1415 1872 1482 excitari,

1072 1515 1103 1562 ut
1116 1506 1225 1580 probati
1240 1513 1352 1578 possent
1365 1504 1503 1562 coronari.
1528 1503 1620 1560 lmber
1643 1520 1752 1577 qnoqam
1764 1502 1873 1576 signill-

1074 1603 1118 1652 cat
1141 1601 1335 1666 tempestatem
1357 1593 1500 1650 bellomm.
1527 1594 1596 1650 Ante
1611 1592 1712 1649 Christi
1725 1591 1875 1649 adventurn

1029 1713 1056 1774 Β
1074 1683 1192 1738 maxima
1207 1690 1356 1754 tempestas
1370 1680 1505 1738 bellorum
1529 1681 1556 1735 in
1577 1688 1634 1738 toto
1659 1681 1725 1736 orbe
1740 1679 1872 1748 desaeviit,

1072 1780 1101 1826 ut
1115 1771 1182 1828 nulli
1196 1771 1294 1828 liceret
1307 1770 1342 1827 de
1356 1779 1431 1826 terra
1445 1786 1493 1826 sua
1507 1769 1536 1825 in
1550 1769 1632 1826 aliam
1656 1769 1790 1842 migrare,
1807 1769 1875 1841 quin

1070 1861 1214 1916 haberetur
1235 1876 1284 1931 pro
1308 1859 1497 1930 exploratore;
1519 1857 1570 1914 sed
1585 1866 1733 1931 postquam
1748 1858 1872 1915 Christus

1068 1965 1133 2006 vera
1146 1966 1199 2021 pas
1211 1947 1330 2020 advenit,
1346 1949 1432 2004 imber
1446 1947 1581 2004 bellorum
1599 1947 1723 2004 recessit.

1107 2104 1191 2158 Vitas.
1211 2102 1348 2160 li-ll.-·
1361 2104 1397 2158 tte
1420 2106 1490 2160 farte
1511 2103 1595 2172 parer
1616 2107 1816 2176 apparuerant
1838 2102 1872 2158 in

1071 2195 1148 2248 terro
1160 2195 1270 2261 nostra,
1281 2191 1387 2248 scilicet
1396 2191 1521 2248 homines
1532 2191 1561 2246 in
1576 2189 1630 2246 fide
1645 2190 1774 2247 florentes
1787 2205 1872 2262 appa·

1069 2288 1180 2336 ruerant
1193 2279 1222 2334 in
1235 2279 1336 2346 Judaea,
1351 2278 1417 2335 olim
1432 2295 1449 2334 a
1462 2287 1583 2351 tyranno
1597 2277 1708 2336 diabolo
1729 2294 1870 2350 possessa,

1068 2368 1118 2424 sed
1132 2383 1147 2423 a
1162 2385 1207 2424 me
1219 2383 1271 2440 pro
1283 2368 1400 2425 victoria
1414 2369 1506 2426 crucis
1520 2376 1643 2439 recepta,
1658 2375 1686 2424 et
1699 2367 1761 2424 idco
1775 2368 1804 2423 in
1816 2384 1871 2424 uo-

1068 2465 1125 2512 stra
1140 2464 1215 2512 terra
1230 2471 1302 2512 nunc
1316 2461 1427 2529 tempus
1438 2458 1598 2530 putationis
1612 2457 1737 2526 deecit,
1748 2463 1778 2512 nt
1791 2457 1872 2512 steri-

1068 2544 1105 2600 lia
1119 2554 1259 2601 aarmenta
1284 2545 1480 2616 praecidantur,
1497 2553 1632 2617 quatenos
1653 2544 1738 2600 florea
1756 2543 1871 2600 uberius

1068 2643 1223 2706 erumpant,
1240 2633 1287 2706 qui
1303 2633 1419 2691 fractum
1433 2634 1616 2690 abundantem
1630 2632 1782 2704 proferant,
1796 2632 1871 2688 scili-

1067 2725 1112 2773 cet
1128 2725 1159 2773 ιιι
1173 2716 1240 2773 vitia
1253 2723 1437 2787 amputentur,
1454 2722 1481 2773 ει
1493 2717 1611 2773 virtutes
1625 2716 1792 2786 plantentur.
1814 2715 1870 2771 Vox

1068 2821 1178 2878 quoque
1189 2806 1326 2872 tortario,
1336 2804 1417 2862 idest
1428 2804 1585 2876 pradicatio
1595 2803 1707 2871 Christi,
1716 2804 1818 2862 nodilo
1826 2807 1871 2860 ert

1067 2895 1099 2950 io
1114 2899 1192 2950 terra
1206 2897 1320 2957 nostro.
1337 2893 1442 2950 scilicet
1454 2893 1482 2948 in
1496 2893 1607 2959 ludam,
1624 2908 1697 2949 nunc
1720 2907 1773 2962 per
1785 2891 1870 2948 fidem

1066 2991 1198 3051 nostram,
1216 2981 1261 3038 vel
1275 2997 1327 3038 vox
1341 2982 1565 3053 predicatorum,
1581 2981 1628 3053 qui
1643 2997 1694 3038 suo
1708 2987 1791 3038 cantu
1806 2979 1870 3036 abs·

211 3090 302 3138 tamen
317 3078 414 3136 osculo
427 3077 559 3134 doctrinae
575 3093 625 3148 per
640 3075 786 3132 fenestram
801 3074 922 3147 corporis
942 3090 1013 3146 prae·
1028 3066 1054 3130 C
1068 3086 1177 3128 cessum
1200 3069 1313 3136 hiemis,
1338 3077 1364 3126 et
1388 3070 1461 3126 veris
1482 3071 1632 3127 advemom
1654 3069 1796 3136 condant,
1821 3067 1870 3140 qui

213 3169 281 3225 huit.
315 3169 462 3224 Destructo
494 3165 599 3238 pariete
631 3181 741 3236 spousae
773 3163 927 3236 copulatur,
948 3161 1012 3234 quia

211 3259 299 3314 ablata
314 3255 481 3313 mortalitate
495 3252 641 3322 Ecclesiae,
660 3261 691 3308 ut
714 3258 766 3320 est,
783 3250 1011 3319 manifestabitur,

213 3364 274 3419 quae
288 3346 354 3404 dicit
369 3363 376 3400 ε
393 3343 514 3400 Dilectus
529 3358 620 3410 meus,
638 3358 720 3414 ouem
736 3341 820 3414 diligo
841 3356 898 3412 prae
921 3339 1012 3396 omni·

215 3433 277 3497 bus,
293 3429 339 3502 qui
355 3427 478 3486 saliendo
492 3426 528 3483 ad
542 3443 586 3482 me
602 3428 685 3497 venit,
700 3434 727 3482 ει
742 3434 816 3481 stans
830 3440 937 3482 murum
962 3423 1013 3480 irn-

213 3515 302 3588 pegit,
316 3515 385 3586 ipse,
397 3529 446 3585 per
456 3511 594 3568 fenestras
608 3519 638 3568 et
650 3510 786 3568 cancellos
797 3509 956 3583 respiciens,
968 3525 1013 3565 me

213 3604 367 3672 exaltatat
387 3601 506 3674 loquitur
528 3600 594 3656 mihi
617 3600 711 3656 dicens
727 3617 733 3654 :
751 3599 857 3673 Surge,
882 3614 1012 3671 propera,

212 3692 300 3750 amica
315 3706 394 3757 moa,
416 3691 468 3747 hoc
490 3697 548 3756 est,
574 3689 620 3762 qui
644 3688 794 3746 secuudum
816 3687 971 3759 Scripturas
986 3686 1015 3741 in

211 3782 341 3838 mundum
358 3779 442 3846 venit,
457 3786 485 3836 et
498 3782 617 3835 mortem
640 3786 762 3834 nostram
786 3775 929 3844 destruxit,
954 3775 1014 3847 ipse

212 3870 283 3926 mihi
298 3885 350 3942 per
362 3870 512 3942 prophetas
528 3875 555 3923 et
568 3865 708 3939 apostolos
719 3866 842 3940 praecipit
851 3875 880 3923 ut
889 3867 942 3922 hoc
951 3864 1014 3921 aliis

211 3959 369 4032 praedicem,
386 3956 481 4016 dicens
497 3975 504 4011 r
521 3955 544 4014 0
559 3955 696 4028 primitiva
718 3955 858 4021 Ecclesia,
884 3971 944 4028 quae
967 3953 1015 4010 din

211 4049 359 4106 cessastis
373 4044 588 4119 praedicatione,
605 4061 689 4117 surge
703 4059 720 4100 a
735 4044 827 4116 quiete
851 4050 912 4109 tua,
929 4042 957 4098 id
971 4046 1014 4098 εει

211 4151 337 4208 praepara
352 4143 379 4190 te
393 4135 428 4189 ad
443 4134 578 4200 laborem,
595 4133 629 4188 ad
644 4131 851 4205 praedicandum
875 4127 1013 4203 gentihus,

211 4239 339 4297 propera,
357 4222 422 4295 quia
432 4230 541 4294 tempus
557 4221 641 4277 breve
655 4229 709 4300 est.
739 4219 787 4286 Et,
801 4219 825 4274 si
838 4220 889 4275 hoc
903 4219 1013 4282 feceris,

212 4312 268 4368 eris
282 4311 372 4368 amiott
384 4325 456 4377 mea,
475 4309 578 4366 faciens
593 4308 659 4364 mibi
677 4307 780 4364 amicos
795 4323 843 4379 per
859 4305 951 4372 fidem,
968 4307 1015 4379 qui

1068 3174 1117 3230 pro
1140 3167 1220 3216 canto
1235 3174 1285 3214 soc
1298 3157 1429 3215 humilem
1450 3158 1583 3232 gemitum
1606 3157 1741 3227 reddunt,
1757 3157 1804 3230 qui
1817 3173 1868 3229 pu-

1067 3247 1167 3305 dicitiae
1180 3254 1319 3303 amatores
1333 3255 1405 3317 sunt,
1416 3247 1462 3320 qui
1475 3246 1712 3306 conversationem
1726 3245 1869 3302 hominum

1067 3335 1186 3410 fugiunt,
1203 3343 1231 3392 et
1245 3351 1356 3407 semper
1368 3335 1398 3391 in
1411 3335 1492 3408 vagia
1509 3335 1643 3392 montium
1658 3335 1702 3391 rel
1715 3334 1743 3390 in
1758 3333 1871 3393 vertici-

1068 3424 1119 3480 bus
1133 3431 1285 3491 morantur,
1300 3423 1365 3480 dum
1387 3423 1415 3478 in
1438 3423 1541 3481 mundo
1562 3423 1622 3481 solo
1644 3439 1763 3495 corpore
1775 3423 1869 3496 positi,

1067 3512 1311 3570 conversationem
1324 3513 1426 3569 habeut
1448 3512 1476 3568 in
1498 3512 1592 3580 coelis,
1615 3511 1750 3569 incolatus
1776 3512 1819 3567 sui
1841 3519 1871 3568 et

1067 3601 1166 3673 patrica
1178 3600 1230 3656 sihi
1244 3599 1388 3672 promissae
1398 3616 1544 3658 memores.
1556 3600 1606 3657 Vel
1616 3617 1670 3657 vox
1678 3600 1870 3673 paenitentiam

1066 3698 1182 3762 peccata
1192 3704 1243 3746 sua
1253 3689 1421 3761 gementium
1434 3688 1529 3746 audita
1538 3697 1590 3758 est,
1601 3689 1672 3760 ficar
1682 3689 1765 3746 etiam
1771 3693 1870 3762 proto·

1069 3780 1104 3835 ttt
1117 3795 1227 3852 grossos
1241 3794 1320 3847 snos,
1337 3778 1464 3836 videlicet
1478 3777 1643 3853 synagoga,
1659 3786 1689 3834 ut
1704 3777 1771 3834 fraus
1793 3777 1868 3845 folia,

1067 3867 1096 3924 id
1119 3875 1161 3924 est
1182 3868 1286 3936 ubera,
1303 3883 1358 3924 non
1371 3867 1476 3924 habens
1491 3883 1592 3939 opera,
1608 3876 1635 3924 et
1648 3866 1711 3924 ideo
1725 3882 1742 3924 a
1754 3865 1870 3923 Domino

1068 3956 1214 4013 maledicta
1245 3955 1346 4028 abjecit
1377 3955 1504 4012 carnales
1536 3972 1635 4012 sensus
1658 3955 1739 4028 legis.
1772 3953 1871 4010 Grossi

1068 4045 1169 4118 quippe
1196 4053 1257 4101 aunt
1281 4044 1419 4102 immaturi
1444 4042 1549 4101 fructus
1571 4042 1653 4112 ficos,
1669 4043 1716 4115 qui
1729 4042 1783 4101 levi
1797 4051 1870 4100 taotn

1069 4134 1197 4192 concussi
1211 4133 1323 4192 eadunt.

1105 4251 1140 4306 Ut
1154 4249 1228 4306 enim
1240 4265 1296 4306 vor
1311 4250 1421 4306 torturis
1435 4249 1536 4306 Christi
1550 4250 1579 4306 in
1593 4259 1669 4308 terra
1683 4248 1784 4317 munit,
1800 4249 1869 4306 ficus

1069 4338 1218 4410 synagoga
1230 4353 1366 4400 concussa
1379 4353 1514 4411 grossos,
1537 4338 1565 4394 id
1580 4347 1622 4395 est
1636 4341 1751 4396 acerbos
1771 4354 1870 4394 seusus

212 4408 274 4456 suut
288 4398 392 4455 inimici
407 4414 457 4469 per
472 4396 667 4453 infidelitatem.
681 4397 714 4451 Et
728 4397 783 4452 eris
797 4395 925 4453 columba
939 4411 1012 4464 mea,
1027 4427 1053 4486 D
1069 4425 1149 4499 legis,
1160 4425 1268 4496 abl-9051·
1282 4434 1310 4482 e,
1323 4426 1418 4483 dulces
1432 4425 1510 4494 ficus,
1525 4426 1554 4482 id
1568 4435 1610 4484 est
1623 4428 1764 4499 apostolos
1779 4433 1871 4499 prom·

116 4548 121 4561 ,
212 4487 363 4560 septiformi
378 4486 481 4558 Spiritu
496 4485 629 4542 illustrata
640 4505 648 4552 ;
660 4493 689 4543 ut
702 4484 828 4542 columba
842 4493 947 4556 septem
966 4499 1014 4542 na·
1067 4514 1108 4582 m,

213 4578 284 4636 turis
298 4576 439 4642 decorata,
455 4573 562 4632 faciens
577 4573 730 4646 simplices.
754 4573 790 4629 Et
813 4574 869 4630 eris
889 4572 1014 4631 formosa

211 4681 282 4732 mea,
298 4665 437 4722 deformes
450 4664 477 4720 in
495 4663 566 4720 vitiis
580 4662 685 4720 faciens
699 4663 836 4720 formosos
858 4663 886 4718 in
905 4663 1012 4720 virtuti-

212 4755 273 4822 bus,
290 4763 317 4810 et
331 4770 393 4811 eum
406 4753 463 4810 iltis
483 4753 611 4812 comitata
626 4752 662 4810 ad
685 4767 729 4810 me
751 4753 854 4820 venies,
870 4752 904 4809 ad
919 4769 1012 4809 remu·

212 4841 364 4900 uerendum
379 4851 418 4902 te.

246 4983 403 5041 Notandum
426 4984 499 5056 qnod
533 4983 591 5041 lraec
624 4983 707 5039 verba
732 4989 759 5039 et
782 4980 924 5054 sequentia
949 4988 1013 5036 sunt

212 5089 322 5147 sponsae
344 5073 568 5146 repraesentantis
583 5073 669 5130 rerba
693 5071 796 5143 sponsi.
823 5069 1012 5142 Opportunum

211 5163 298 5219 habes
308 5171 414 5235 tempus
425 5161 667 5233 praedicandi.lam
677 5158 751 5218 enim
761 5159 844 5231 (cerr.
856 5159 899 5229 ll)
910 5159 1010 5227 hiems,

212 5251 295 5308 idest
310 5251 467 5316 infidelitas,
485 5251 611 5318 transiit,
632 5247 732 5318 imber,
747 5247 775 5303 id
790 5256 831 5304 est
844 5247 1010 5319 persecutio,

212 5339 284 5396 odiit
295 5343 324 5396 el
335 5339 461 5397 recessit.
473 5337 576 5406 lliems,
589 5353 648 5410 quae
662 5336 727 5410 gelo
738 5343 837 5392 terram
848 5335 1013 5409 constringit

1121 4514 1168 4588 qui
1181 4513 1290 4571 dulcem
1304 4515 1396 4572 cibum
1410 4515 1562 4588 allegoriae
1584 4515 1761 4572 credentibus
1784 4515 1868 4570 mini-

1067 4611 1195 4660 strarent.
1210 4603 1246 4660 Et
1261 4603 1326 4676 quia
1339 4602 1409 4660 licus
1421 4603 1570 4678 synagoga
1583 4603 1722 4675 apostolos
1744 4603 1867 4675 protulit,

1066 4692 1226 4750 ideoor'ncoe
1234 4689 1870 4762 florenterodoremdedcraat,scilicetllccle-

1066 4780 1113 4836 sia
1136 4781 1171 4837 de
1192 4781 1295 4838 ludaeis
1318 4795 1458 4838 conversae
1477 4781 1505 4836 in
1526 4779 1580 4837 fide
1601 4781 1752 4848 florentes,
1766 4779 1869 4837 famam

1066 4868 1145 4925 bonae
1177 4869 1344 4942 operationis
1373 4868 1515 4925 dederunt.
1550 4867 1614 4926 Flos
1638 4865 1699 4925 ritis
1721 4883 1869 4941 expressus

1066 4954 1176 5014 conficit
1188 4957 1279 5028 poculi
1293 4973 1395 5030 genus.
1413 4958 1485 5030 quod
1501 4956 1580 5013 solati
1595 4965 1621 5014 et
1633 4954 1763 5029 voluptati
1778 4963 1821 5013 est
1834 4955 1870 5011 ad

1066 5045 1275 5102 comedendum.
1291 5045 1355 5102 Flos
1368 5044 1431 5102 ritis
1444 5056 1485 5104 est
1509 5045 1578 5102 fides
1603 5044 1722 5112 Christi3
1738 5043 1868 5117 poculum

1065 5133 1130 5189 inde
1143 5131 1297 5191 confectum
1311 5143 1353 5189 est
1366 5134 1550 5208 Evangelium
1564 5140 1698 5197 sanctum,
1711 5132 1786 5207 quod
1801 5148 1867 5190 con·

1065 5220 1118 5278 fert
1130 5230 1259 5280 aetarnem
1274 5223 1392 5280 salntem
1406 5231 1432 5279 et
1448 5223 1510 5279 vitae
1524 5223 1705 5295 voluptatem.

1098 5339 1173 5396 Nota
1186 5339 1261 5412 ειιοιι
1273 5353 1386 5410 sponsa,
1399 5355 1460 5411 qne
1473 5340 1508 5394 ad
1522 5338 1668 5396 colendum
1682 5338 1793 5396 vineam
1806 5336 1866 5392 mit-

212 5443 247 5482 ne
261 5425 413 5498 fructificet,
429 5433 472 5482 εει
485 5423 651 5494 infidelitas,
676 5439 736 5498 que
761 5423 847 5480 corda
869 5423 1011 5482 hominurn
1063 5427 1138 5496 titur,
1154 5428 1242 5484 tribas
1260 5428 1416 5485 nominibus
1434 5427 1597 5500 appellatur.
1620 5427 1744 5490 scilicet.
1765 5425 1864 5492 amica,

213 5513 318 5586 frigore
332 5513 441 5572 malitiae
455 5511 629 5587 constringit,
652 5529 688 5569 ne
712 5511 827 5570 fructum
853 5511 918 5570 fidei
939 5511 1010 5570 alfe-

214 5611 288 5659 rant.
308 5603 372 5660 llaec
385 5603 474 5661 hiems
496 5603 631 5676 usquead
651 5601 790 5660 Christum
812 5601 933 5671 durarit,
960 5602 1010 5662 sed

1065 5517 1201 5586 columba,
1228 5517 1358 5585 formosa,
1391 5517 1457 5590 quia
1474 5517 1604 5574 nimirum
1624 5516 1734 5574 cultura
1765 5515 1866 5582 amesa,

1065 5607 1138 5679 qood
1151 5616 1193 5664 est
1206 5606 1374 5680 praedicatio,
1391 5606 1433 5662 his
1447 5605 1513 5665 solis
1526 5605 1713 5672 committitur,
1724 5603 1753 5660 in
1766 5603 1865 5677 quibus
