<?xml version="1.0" encoding="UTF-8"?>
<!DOCTYPE html PUBLIC "-//W3C//DTD XHTML 1.0 Transitional//EN"
    "http://www.w3.org/TR/xhtml1/DTD/xhtml1-transitional.dtd">
<html xmlns="http://www.w3.org/1999/xhtml" xml:lang="en" lang="en">
 <head>
  <title>
</title>
<meta http-equiv="Content-Type" content="text/html;charset=utf-8" />
  <meta name='ocr-system' content='tesseract 3.04.00' />
  <meta name='ocr-capabilities' content='ocr_page ocr_carea ocr_par ocr_line ocrx_word'/>
</head>
<body>
  <div class='ocr_page' id='page_1' title='image "./patrologiaecurs120unkngoog/patrologiaecurs120unkngoog_0480.png"; bbox 0 0 3942 6067; ppageno 0'>
   <div class='ocr_carea' id='block_1_1' title="bbox 181 212 1841 282">
    <p class='ocr_par' dir='ltr' id='par_1_1' title="bbox 181 212 1841 282">
     <span class='ocr_line' id='line_1_1' title="bbox 181 212 1841 282; baseline -0.005 -1"><span class='ocrx_word' id='word_1_1' title='bbox 181 228 228 282; x_wconf 82' lang='lat' dir='ltr'><strong>95l</strong></span> <span class='ocrx_word' id='word_1_2' title='bbox 520 222 671 281; x_wconf 78' lang='lat' dir='ltr'><strong>nohoatt</strong></span> <span class='ocrx_word' id='word_1_3' title='bbox 688 216 942 281; x_wconf 81' lang='lat' dir='ltr'><strong>AUGUSTODUN.</strong></span> <span class='ocrx_word' id='word_1_4' title='bbox 966 212 1044 271; x_wconf 82' lang='lat' dir='ltr'><strong>OPP.</strong></span> <span class='ocrx_word' id='word_1_5' title='bbox 1067 212 1155 273; x_wconf 73' lang='lat' dir='ltr'><strong>PARS</strong></span> <span class='ocrx_word' id='word_1_6' title='bbox 1175 216 1221 273; x_wconf 89' lang='lat' dir='ltr'><strong>lll.</strong></span> <span class='ocrx_word' id='word_1_7' title='bbox 1242 251 1277 261; x_wconf 98' lang='lat'>-</span> <span class='ocrx_word' id='word_1_8' title='bbox 1295 218 1499 279; x_wconf 75' lang='lat' dir='ltr'><strong>htruafflcn.</strong></span> <span class='ocrx_word' id='word_1_9' title='bbox 1785 218 1841 273; x_wconf 76' lang='lat'><strong>952</strong></span> 
     </span>
    </p>
   </div>
   <div class='ocr_carea' id='block_1_2' title="bbox 168 336 1846 2115">
    <p class='ocr_par' dir='ltr' id='par_1_2' title="bbox 174 336 1843 1043">
     <span class='ocr_line' id='line_1_2' title="bbox 180 336 1839 425; baseline -0.008 -14"><span class='ocrx_word' id='word_1_10' title='bbox 180 359 230 411; x_wconf 77' lang='lat' dir='ltr'><strong>ctae</strong></span> <span class='ocrx_word' id='word_1_11' title='bbox 244 349 384 407; x_wconf 75' lang='lat' dir='ltr'><strong>Trinitatis</strong></span> <span class='ocrx_word' id='word_1_12' title='bbox 399 339 532 425; x_wconf 86' lang='lat' dir='ltr'><strong>decalogo</strong></span> <span class='ocrx_word' id='word_1_13' title='bbox 545 348 616 425; x_wconf 89' lang='lat' dir='ltr'><strong>legis</strong></span> <span class='ocrx_word' id='word_1_14' title='bbox 629 348 789 422; x_wconf 72' lang='lat' dir='ltr'><strong>perficiunt,</strong></span> <span class='ocrx_word' id='word_1_15' title='bbox 806 344 976 403; x_wconf 68' lang='lat' dir='ltr'><strong>continentes</strong></span> <span class='ocrx_word' id='word_1_16' title='bbox 989 336 1019 401; x_wconf 86' lang='lat' dir='ltr'><strong>A</strong></span> <span class='ocrx_word' id='word_1_17' title='bbox 1032 340 1114 398; x_wconf 89' lang='lat' dir='ltr'><strong>moda</strong></span> <span class='ocrx_word' id='word_1_18' title='bbox 1128 342 1153 399; x_wconf 90' lang='lat' dir='ltr'><strong>ai</strong></span> <span class='ocrx_word' id='word_1_19' title='bbox 1168 342 1286 417; x_wconf 87' lang='lat' dir='ltr'><strong>lapidem</strong></span> <span class='ocrx_word' id='word_1_20' title='bbox 1301 344 1395 415; x_wconf 80' lang='lat' dir='ltr'><strong>dabit3</strong></span> <span class='ocrx_word' id='word_1_21' title='bbox 1413 342 1438 401; x_wconf 91' lang='lat' dir='ltr'><strong>ei</strong></span> <span class='ocrx_word' id='word_1_22' title='bbox 1455 342 1502 418; x_wconf 90' lang='lat' dir='ltr'><strong>qui</strong></span> <span class='ocrx_word' id='word_1_23' title='bbox 1522 360 1538 399; x_wconf 91' lang='lat' dir='ltr'><strong>a</strong></span> <span class='ocrx_word' id='word_1_24' title='bbox 1558 346 1637 416; x_wconf 83' lang='lat' dir='ltr'><strong>patra</strong></span> <span class='ocrx_word' id='word_1_25' title='bbox 1652 341 1756 416; x_wconf 83' lang='lat' dir='ltr'><strong>piscem</strong></span> <span class='ocrx_word' id='word_1_26' title='bbox 1773 340 1839 398; x_wconf 88' lang='lat' dir='ltr'><strong>exi-</strong></span> 
     </span>
     <span class='ocr_line' id='line_1_3' title="bbox 181 430 1836 514; baseline -0.009 -13"><span class='ocrx_word' id='word_1_27' title='bbox 181 457 249 501; x_wconf 85' lang='grc' dir='ltr'>τετε</span> <span class='ocrx_word' id='word_1_28' title='bbox 263 440 464 514; x_wconf 83' lang='lat' dir='ltr'><strong>sexagesimum</strong></span> <span class='ocrx_word' id='word_1_29' title='bbox 479 439 622 512; x_wconf 83' lang='lat' dir='ltr'><strong>proterunt</strong></span> <span class='ocrx_word' id='word_1_30' title='bbox 641 438 706 494; x_wconf 90' lang='lat' dir='ltr'><strong>dum</strong></span> <span class='ocrx_word' id='word_1_31' title='bbox 720 440 780 495; x_wconf 80' lang='lat' dir='ltr'><strong>haec</strong></span> <span class='ocrx_word' id='word_1_32' title='bbox 794 434 938 493; x_wconf 77' lang='lat' dir='ltr'><strong>actualiter</strong></span> <span class='ocrx_word' id='word_1_33' title='bbox 953 439 981 487; x_wconf 92' lang='lat' dir='ltr'><strong>et</strong></span> <span class='ocrx_word' id='word_1_34' title='bbox 1035 430 1084 504; x_wconf 86' lang='lat' dir='ltr'><strong>git,</strong></span> <span class='ocrx_word' id='word_1_35' title='bbox 1101 431 1212 490; x_wconf 91' lang='lat' dir='ltr'><strong>minime</strong></span> <span class='ocrx_word' id='word_1_36' title='bbox 1227 441 1381 507; x_wconf 79' lang='lat' dir='ltr'><strong>serpentem</strong></span> <span class='ocrx_word' id='word_1_37' title='bbox 1405 432 1519 507; x_wconf 87' lang='lat' dir='ltr'><strong>aecipit;</strong></span> <span class='ocrx_word' id='word_1_38' title='bbox 1545 438 1571 487; x_wconf 91' lang='lat' dir='ltr'><strong>et</strong></span> <span class='ocrx_word' id='word_1_39' title='bbox 1585 432 1609 489; x_wconf 92' lang='lat' dir='ltr'><strong>si</strong></span> <span class='ocrx_word' id='word_1_40' title='bbox 1630 446 1713 489; x_wconf 86' lang='lat' dir='ltr'><strong>orum</strong></span> <span class='ocrx_word' id='word_1_41' title='bbox 1734 431 1836 504; x_wconf 88' lang='lat' dir='ltr'><strong>poscit,</strong></span> 
     </span>
     <span class='ocr_line' id='line_1_4' title="bbox 183 520 1832 604; baseline -0.007 -17"><span class='ocrx_word' id='word_1_42' title='bbox 183 531 340 603; x_wconf 82' lang='lat' dir='ltr'><strong>specialiter</strong></span> <span class='ocrx_word' id='word_1_43' title='bbox 354 530 469 604; x_wconf 89' lang='lat' dir='ltr'><strong>implere</strong></span> <span class='ocrx_word' id='word_1_44' title='bbox 482 536 628 599; x_wconf 81' lang='lat' dir='ltr'><strong>satagunt3</strong></span> <span class='ocrx_word' id='word_1_45' title='bbox 644 528 765 603; x_wconf 87' lang='lat' dir='ltr'><strong>virgines</strong></span> <span class='ocrx_word' id='word_1_46' title='bbox 780 534 870 582; x_wconf 85' lang='lat' dir='ltr'><strong>antem</strong></span> <span class='ocrx_word' id='word_1_47' title='bbox 884 529 981 580; x_wconf 83' lang='lat' dir='ltr'><strong>ceule·</strong></span> <span class='ocrx_word' id='word_1_48' title='bbox 1033 534 1183 594; x_wconf 86' lang='lat' dir='ltr'><strong>numquam</strong></span> <span class='ocrx_word' id='word_1_49' title='bbox 1197 524 1222 580; x_wconf 90' lang='lat' dir='ltr'><strong>ei</strong></span> <span class='ocrx_word' id='word_1_50' title='bbox 1232 524 1403 597; x_wconf 87' lang='lat' dir='ltr'><strong>scorpionem</strong></span> <span class='ocrx_word' id='word_1_51' title='bbox 1413 522 1530 596; x_wconf 89' lang='lat' dir='ltr'><strong>porrigit</strong></span> <span class='ocrx_word' id='word_1_52' title='bbox 1539 520 1642 595; x_wconf 71' lang='lat' dir='ltr'><strong>(tamt.</strong></span> <span class='ocrx_word' id='word_1_53' title='bbox 1655 522 1707 578; x_wconf 85' lang='lat' dir='ltr'><strong>Per</strong></span> <span class='ocrx_word' id='word_1_54' title='bbox 1717 534 1832 593; x_wconf 91' lang='lat' dir='ltr'><strong>panem,</strong></span> 
     </span>
     <span class='ocr_line' id='line_1_5' title="bbox 182 608 1839 692; baseline -0.007 -15"><span class='ocrx_word' id='word_1_55' title='bbox 182 622 282 678; x_wconf 92' lang='lat' dir='ltr'><strong>simum</strong></span> <span class='ocrx_word' id='word_1_56' title='bbox 297 620 386 677; x_wconf 90' lang='lat' dir='ltr'><strong>ierunt</strong></span> <span class='ocrx_word' id='word_1_57' title='bbox 400 621 465 675; x_wconf 88' lang='lat' dir='ltr'><strong>dum</strong></span> <span class='ocrx_word' id='word_1_58' title='bbox 485 619 544 675; x_wconf 86' lang='lat' dir='ltr'><strong>Deo</strong></span> <span class='ocrx_word' id='word_1_59' title='bbox 560 633 679 692; x_wconf 90' lang='lat' dir='ltr'><strong>corpore</strong></span> <span class='ocrx_word' id='word_1_60' title='bbox 702 626 730 674; x_wconf 91' lang='lat' dir='ltr'><strong>et</strong></span> <span class='ocrx_word' id='word_1_61' title='bbox 749 616 848 687; x_wconf 90' lang='lat' dir='ltr'><strong>spiritu</strong></span> <span class='ocrx_word' id='word_1_62' title='bbox 870 612 981 686; x_wconf 89' lang='lat' dir='ltr'><strong>plaeere</strong></span> <span class='ocrx_word' id='word_1_63' title='bbox 1036 611 1082 681; x_wconf 86' lang='lat' dir='ltr'><strong>qui</strong></span> <span class='ocrx_word' id='word_1_64' title='bbox 1096 626 1145 668; x_wconf 90' lang='lat' dir='ltr'><strong>eor</strong></span> <span class='ocrx_word' id='word_1_65' title='bbox 1158 612 1278 670; x_wconf 88' lang='lat' dir='ltr'><strong>hominis</strong></span> <span class='ocrx_word' id='word_1_66' title='bbox 1301 610 1445 671; x_wconf 81' lang='lat' dir='ltr'><strong>confirmat</strong></span> <span class='ocrx_word' id='word_1_67' title='bbox 1466 612 1555 686; x_wconf 85' lang='lat' dir='ltr'><strong>(Ptol.</strong></span> <span class='ocrx_word' id='word_1_68' title='bbox 1567 610 1638 681; x_wconf 88' lang='lat' dir='ltr'><strong>cur),</strong></span> <span class='ocrx_word' id='word_1_69' title='bbox 1663 608 1764 667; x_wconf 90' lang='lat' dir='ltr'><strong>caritas</strong></span> <span class='ocrx_word' id='word_1_70' title='bbox 1784 609 1839 666; x_wconf 83' lang='lat' dir='ltr'><strong>de·</strong></span> 
     </span>
     <span class='ocr_line' id='line_1_6' title="bbox 174 696 1840 775; baseline -0.009 -6"><span class='ocrx_word' id='word_1_71' title='bbox 174 696 357 769; x_wconf 46' lang='lat' dir='ltr'><strong>&#39;contendunt</strong></span> <span class='ocrx_word' id='word_1_72' title='bbox 381 709 472 775; x_wconf 91' lang='lat' dir='ltr'><strong>Nunc,</strong></span> <span class='ocrx_word' id='word_1_73' title='bbox 499 706 649 775; x_wconf 78' lang='lat' dir='ltr'><strong>karissimi,</strong></span> <span class='ocrx_word' id='word_1_74' title='bbox 672 706 779 764; x_wconf 89' lang='lat' dir='ltr'><strong>debetis</strong></span> <span class='ocrx_word' id='word_1_75' title='bbox 801 702 981 760; x_wconf 81' lang='lat' dir='ltr'><strong>breviterau-</strong></span> <span class='ocrx_word' id='word_1_76' title='bbox 1035 698 1160 769; x_wconf 78' lang='lat' dir='ltr'><strong>claretur,</strong></span> <span class='ocrx_word' id='word_1_77' title='bbox 1176 718 1226 773; x_wconf 82' lang='lat' dir='ltr'><strong>per</strong></span> <span class='ocrx_word' id='word_1_78' title='bbox 1237 718 1319 775; x_wconf 90' lang='lat' dir='ltr'><strong>quam</strong></span> <span class='ocrx_word' id='word_1_79' title='bbox 1333 704 1415 759; x_wconf 86' lang='lat' dir='ltr'><strong>homo</strong></span> <span class='ocrx_word' id='word_1_80' title='bbox 1430 701 1458 757; x_wconf 90' lang='lat' dir='ltr'><strong>iu</strong></span> <span class='ocrx_word' id='word_1_81' title='bbox 1476 699 1622 758; x_wconf 85' lang='lat' dir='ltr'><strong>virtutihus</strong></span> <span class='ocrx_word' id='word_1_82' title='bbox 1639 698 1840 757; x_wconf 86' lang='lat' dir='ltr'><strong>corroborabi-</strong></span> 
     </span>
     <span class='ocr_line' id='line_1_7' title="bbox 181 786 1837 866; baseline -0.007 -9"><span class='ocrx_word' id='word_1_83' title='bbox 181 800 298 857; x_wconf 90' lang='lat' dir='ltr'><strong>scultare</strong></span> <span class='ocrx_word' id='word_1_84' title='bbox 311 799 384 856; x_wconf 92' lang='lat' dir='ltr'><strong>uude</strong></span> <span class='ocrx_word' id='word_1_85' title='bbox 395 797 537 855; x_wconf 91' lang='lat' dir='ltr'><strong>decretum</strong></span> <span class='ocrx_word' id='word_1_86' title='bbox 552 796 588 853; x_wconf 89' lang='lat' dir='ltr'><strong>sit</strong></span> <span class='ocrx_word' id='word_1_87' title='bbox 610 795 670 853; x_wconf 90' lang='lat' dir='ltr'><strong>istis</strong></span> <span class='ocrx_word' id='word_1_88' title='bbox 692 796 789 853; x_wconf 88' lang='lat' dir='ltr'><strong>diebus</strong></span> <span class='ocrx_word' id='word_1_89' title='bbox 805 808 902 853; x_wconf 89' lang='lat' dir='ltr'><strong>cruces</strong></span> <span class='ocrx_word' id='word_1_90' title='bbox 916 804 982 866; x_wconf 91' lang='lat' dir='ltr'><strong>por·</strong></span> <span class='ocrx_word' id='word_1_91' title='bbox 1036 797 1094 857; x_wconf 91' lang='lat' dir='ltr'><strong>tur;</strong></span> <span class='ocrx_word' id='word_1_92' title='bbox 1111 807 1160 864; x_wconf 91' lang='lat' dir='ltr'><strong>per</strong></span> <span class='ocrx_word' id='word_1_93' title='bbox 1172 791 1287 863; x_wconf 85' lang='lat' dir='ltr'><strong>piscem,</strong></span> <span class='ocrx_word' id='word_1_94' title='bbox 1304 790 1351 865; x_wconf 89' lang='lat' dir='ltr'><strong>qui</strong></span> <span class='ocrx_word' id='word_1_95' title='bbox 1364 792 1447 865; x_wconf 84' lang='lat' dir='ltr'><strong>pulsu</strong></span> <span class='ocrx_word' id='word_1_96' title='bbox 1474 792 1606 848; x_wconf 89' lang='lat' dir='ltr'><strong>llnetuum</strong></span> <span class='ocrx_word' id='word_1_97' title='bbox 1619 788 1747 857; x_wconf 84' lang='lat' dir='ltr'><strong>nutritur,</strong></span> <span class='ocrx_word' id='word_1_98' title='bbox 1763 786 1837 845; x_wconf 89' lang='lat' dir='ltr'><strong>tides</strong></span> 
     </span>
     <span class='ocr_line' id='line_1_8' title="bbox 180 878 1838 954; baseline -0.004 -12"><span class='ocrx_word' id='word_1_99' title='bbox 180 896 252 948; x_wconf 83' lang='lat' dir='ltr'><strong>tare.</strong></span> <span class='ocrx_word' id='word_1_100' title='bbox 1035 879 1205 954; x_wconf 82' lang='lat' dir='ltr'><strong>intelligitur,</strong></span> <span class='ocrx_word' id='word_1_101' title='bbox 1220 898 1281 954; x_wconf 85' lang='lat' dir='ltr'><strong>qum</strong></span> <span class='ocrx_word' id='word_1_102' title='bbox 1296 881 1426 953; x_wconf 91' lang='lat' dir='ltr'><strong>procellis</strong></span> <span class='ocrx_word' id='word_1_103' title='bbox 1449 880 1669 953; x_wconf 87' lang='lat' dir='ltr'><strong>persecutionem</strong></span> <span class='ocrx_word' id='word_1_104' title='bbox 1688 878 1723 935; x_wconf 89' lang='lat' dir='ltr'><strong>ad</strong></span> <span class='ocrx_word' id='word_1_105' title='bbox 1745 878 1838 935; x_wconf 89' lang='lat' dir='ltr'><strong>incre-</strong></span> 
     </span>
     <span class='ocr_line' id='line_1_9' title="bbox 1035 967 1843 1043; baseline -0.004 -18"><span class='ocrx_word' id='word_1_106' title='bbox 1035 978 1157 1026; x_wconf 88' lang='lat' dir='ltr'><strong>mentum</strong></span> <span class='ocrx_word' id='word_1_107' title='bbox 1171 970 1352 1043; x_wconf 89' lang='lat' dir='ltr'><strong>perducitur;</strong></span> <span class='ocrx_word' id='word_1_108' title='bbox 1380 986 1430 1042; x_wconf 88' lang='lat' dir='ltr'><strong>per</strong></span> <span class='ocrx_word' id='word_1_109' title='bbox 1451 969 1597 1038; x_wconf 73' lang='lat' dir='ltr'><strong>arumde</strong></span> <span class='ocrx_word' id='word_1_110' title='bbox 1621 983 1675 1041; x_wconf 89' lang='lat' dir='ltr'><strong>quo</strong></span> <span class='ocrx_word' id='word_1_111' title='bbox 1693 967 1763 1025; x_wconf 86' lang='lat' dir='ltr'><strong>letus</strong></span> <span class='ocrx_word' id='word_1_112' title='bbox 1786 983 1843 1024; x_wconf 80' lang='lat' dir='ltr'><strong>ex·</strong></span> 
     </span>
    </p>

    <p class='ocr_par' dir='ltr' id='par_1_3' title="bbox 168 1055 1846 2115">
     <span class='ocr_line' id='line_1_10' title="bbox 216 1055 1837 1137; baseline -0.004 -17"><span class='ocrx_word' id='word_1_113' title='bbox 216 1063 312 1121; x_wconf 85' lang='lat' dir='ltr'><strong>Fertur</strong></span> <span class='ocrx_word' id='word_1_114' title='bbox 339 1061 412 1137; x_wconf 90' lang='lat' dir='ltr'><strong>quod</strong></span> <span class='ocrx_word' id='word_1_115' title='bbox 440 1068 517 1118; x_wconf 89' lang='lat' dir='ltr'><strong>terra</strong></span> <span class='ocrx_word' id='word_1_116' title='bbox 546 1056 679 1129; x_wconf 84' lang='lat' dir='ltr'><strong>siccitate,</strong></span> <span class='ocrx_word' id='word_1_117' title='bbox 707 1055 833 1114; x_wconf 90' lang='lat' dir='ltr'><strong>homines</strong></span> <span class='ocrx_word' id='word_1_118' title='bbox 859 1072 927 1113; x_wconf 78' lang='lat' dir='ltr'><strong>acro</strong></span> <span class='ocrx_word' id='word_1_119' title='bbox 955 1062 982 1112; x_wconf 90' lang='lat' dir='ltr'><strong>el</strong></span> <span class='ocrx_word' id='word_1_120' title='bbox 1036 1066 1170 1131; x_wconf 87' lang='lat' dir='ltr'><strong>peclatur,</strong></span> <span class='ocrx_word' id='word_1_121' title='bbox 1188 1076 1253 1133; x_wconf 89' lang='lat' dir='ltr'><strong>spes</strong></span> <span class='ocrx_word' id='word_1_122' title='bbox 1268 1060 1403 1116; x_wconf 90' lang='lat' dir='ltr'><strong>indicatur</strong></span> <span class='ocrx_word' id='word_1_123' title='bbox 1417 1076 1467 1131; x_wconf 88' lang='lat' dir='ltr'><strong>per</strong></span> <span class='ocrx_word' id='word_1_124' title='bbox 1481 1075 1563 1132; x_wconf 91' lang='lat' dir='ltr'><strong>quam</strong></span> <span class='ocrx_word' id='word_1_125' title='bbox 1583 1056 1673 1113; x_wconf 87' lang='lat' dir='ltr'><strong>lutura</strong></span> <span class='ocrx_word' id='word_1_126' title='bbox 1694 1056 1837 1113; x_wconf 80' lang='lat' dir='ltr'><strong>beatitudo</strong></span> 
     </span>
     <span class='ocr_line' id='line_1_11' title="bbox 181 1145 1843 1222; baseline -0.006 -12"><span class='ocrx_word' id='word_1_127' title='bbox 181 1152 329 1210; x_wconf 85' lang='lat' dir='ltr'><strong>animantia</strong></span> <span class='ocrx_word' id='word_1_128' title='bbox 342 1149 479 1207; x_wconf 85' lang='lat' dir='ltr'><strong>tabuerint</strong></span> <span class='ocrx_word' id='word_1_129' title='bbox 494 1147 675 1215; x_wconf 85' lang='lat' dir='ltr'><strong>mortalitate;</strong></span> <span class='ocrx_word' id='word_1_130' title='bbox 692 1147 804 1219; x_wconf 89' lang='lat' dir='ltr'><strong>insuper</strong></span> <span class='ocrx_word' id='word_1_131' title='bbox 823 1145 919 1203; x_wconf 81' lang='lat' dir='ltr'><strong>feritas</strong></span> <span class='ocrx_word' id='word_1_132' title='bbox 931 1162 983 1202; x_wconf 88' lang='lat' dir='ltr'><strong>ur·</strong></span> <span class='ocrx_word' id='word_1_133' title='bbox 1035 1156 1168 1221; x_wconf 85' lang='lat' dir='ltr'><strong>speratur</strong></span> <span class='ocrx_word' id='word_1_134' title='bbox 1181 1168 1187 1217; x_wconf 84' lang='lat'>;</span> <span class='ocrx_word' id='word_1_135' title='bbox 1209 1164 1292 1222; x_wconf 89' lang='lat' dir='ltr'><strong>porro</strong></span> <span class='ocrx_word' id='word_1_136' title='bbox 1306 1166 1357 1221; x_wconf 89' lang='lat' dir='ltr'><strong>per</strong></span> <span class='ocrx_word' id='word_1_137' title='bbox 1371 1148 1490 1220; x_wconf 76' lang='lat' dir='ltr'><strong>lapidem</strong></span> <span class='ocrx_word' id='word_1_138' title='bbox 1505 1148 1582 1213; x_wconf 85' lang='lat' dir='ltr'><strong>duria</strong></span> <span class='ocrx_word' id='word_1_139' title='bbox 1597 1148 1681 1221; x_wconf 82' lang='lat' dir='ltr'><strong>(ric),·</strong></span> <span class='ocrx_word' id='word_1_140' title='bbox 1702 1162 1751 1219; x_wconf 98' lang='grc' dir='ltr'><strong>ρετ</strong></span> <span class='ocrx_word' id='word_1_141' title='bbox 1774 1162 1843 1201; x_wconf 84' lang='lat' dir='ltr'><strong>set·-</strong></span> 
     </span>
     <span class='ocr_line' id='line_1_12' title="bbox 181 1233 1844 1314; baseline -0.006 -14"><span class='ocrx_word' id='word_1_142' title='bbox 181 1258 283 1309; x_wconf 89' lang='lat' dir='ltr'><strong>somm,</strong></span> <span class='ocrx_word' id='word_1_143' title='bbox 299 1241 423 1314; x_wconf 89' lang='lat' dir='ltr'><strong>lupomm</strong></span> <span class='ocrx_word' id='word_1_144' title='bbox 440 1247 467 1294; x_wconf 92' lang='lat' dir='ltr'><strong>et</strong></span> <span class='ocrx_word' id='word_1_145' title='bbox 480 1238 598 1294; x_wconf 88' lang='lat' dir='ltr'><strong>aliarum</strong></span> <span class='ocrx_word' id='word_1_146' title='bbox 620 1237 769 1293; x_wconf 92' lang='lat' dir='ltr'><strong>bestiarum</strong></span> <span class='ocrx_word' id='word_1_147' title='bbox 784 1236 917 1307; x_wconf 90' lang='lat' dir='ltr'><strong>plurimos</strong></span> <span class='ocrx_word' id='word_1_148' title='bbox 934 1236 982 1291; x_wconf 89' lang='lat' dir='ltr'><strong>da·</strong></span> <span class='ocrx_word' id='word_1_149' title='bbox 1036 1246 1157 1311; x_wconf 91' lang='lat' dir='ltr'><strong>pentem,</strong></span> <span class='ocrx_word' id='word_1_150' title='bbox 1173 1239 1360 1295; x_wconf 83' lang='lat' dir='ltr'><strong>veneuilerum</strong></span> <span class='ocrx_word' id='word_1_151' title='bbox 1377 1238 1488 1304; x_wconf 86' lang='lat' dir='ltr'><strong>animal,</strong></span> <span class='ocrx_word' id='word_1_152' title='bbox 1505 1236 1633 1301; x_wconf 88' lang='lat' dir='ltr'><strong>malicia;</strong></span> <span class='ocrx_word' id='word_1_153' title='bbox 1650 1251 1698 1308; x_wconf 94' lang='lat' dir='ltr'><strong>per</strong></span> <span class='ocrx_word' id='word_1_154' title='bbox 1712 1233 1844 1306; x_wconf 89' lang='lat' dir='ltr'><strong>scorpio-</strong></span> 
     </span>
     <span class='ocr_line' id='line_1_13' title="bbox 168 1324 1843 1409; baseline -0.007 -20"><span class='ocrx_word' id='word_1_155' title='bbox 168 1332 315 1409; x_wconf 69' lang='lat' dir='ltr'><strong>⁷vtratavit;</strong></span> <span class='ocrx_word' id='word_1_156' title='bbox 331 1344 449 1403; x_wconf 88' lang='lat' dir='ltr'><strong>querum</strong></span> <span class='ocrx_word' id='word_1_157' title='bbox 463 1326 609 1383; x_wconf 86' lang='lat' dir='ltr'><strong>multitudo</strong></span> <span class='ocrx_word' id='word_1_158' title='bbox 622 1326 724 1399; x_wconf 91' lang='lat' dir='ltr'><strong>passim</strong></span> <span class='ocrx_word' id='word_1_159' title='bbox 741 1325 863 1381; x_wconf 83' lang='lat' dir='ltr'><strong>civitates</strong></span> <span class='ocrx_word' id='word_1_160' title='bbox 881 1332 909 1381; x_wconf 91' lang='lat' dir='ltr'><strong>et</strong></span> <span class='ocrx_word' id='word_1_161' title='bbox 932 1324 982 1380; x_wconf 88' lang='lat' dir='ltr'><strong>vil·</strong></span> <span class='ocrx_word' id='word_1_162' title='bbox 1035 1342 1099 1382; x_wconf 86' lang='lat' dir='ltr'><strong>nem</strong></span> <span class='ocrx_word' id='word_1_163' title='bbox 1117 1342 1194 1389; x_wconf 81' lang='lat' dir='ltr'><strong>uero,</strong></span> <span class='ocrx_word' id='word_1_164' title='bbox 1211 1327 1256 1399; x_wconf 91' lang='lat' dir='ltr'><strong>qui</strong></span> <span class='ocrx_word' id='word_1_165' title='bbox 1270 1328 1359 1383; x_wconf 80' lang='lat' dir='ltr'><strong>cautla</strong></span> <span class='ocrx_word' id='word_1_166' title='bbox 1373 1326 1499 1399; x_wconf 90' lang='lat' dir='ltr'><strong>percutit,</strong></span> <span class='ocrx_word' id='word_1_167' title='bbox 1516 1324 1647 1397; x_wconf 90' lang='lat' dir='ltr'><strong>accipitur</strong></span> <span class='ocrx_word' id='word_1_168' title='bbox 1661 1330 1843 1396; x_wconf 88' lang='lat' dir='ltr'><strong>peccatorum</strong></span> 
     </span>
     <span class='ocr_line' id='line_1_14' title="bbox 179 1412 1844 1495; baseline -0.007 -18"><span class='ocrx_word' id='word_1_169' title='bbox 179 1422 222 1479; x_wconf 91' lang='lat' dir='ltr'><strong>las</strong></span> <span class='ocrx_word' id='word_1_170' title='bbox 235 1419 397 1495; x_wconf 90' lang='lat' dir='ltr'><strong>ingrediens</strong></span> <span class='ocrx_word' id='word_1_171' title='bbox 411 1416 539 1490; x_wconf 87' lang='lat' dir='ltr'><strong>parrulos</strong></span> <span class='ocrx_word' id='word_1_172' title='bbox 553 1414 581 1471; x_wconf 90' lang='lat' dir='ltr'><strong>iu</strong></span> <span class='ocrx_word' id='word_1_173' title='bbox 596 1416 674 1485; x_wconf 74' lang='lat' dir='ltr'><strong>cunis</strong></span> <span class='ocrx_word' id='word_1_174' title='bbox 698 1416 779 1471; x_wconf 89' lang='lat' dir='ltr'><strong>eliam</strong></span> <span class='ocrx_word' id='word_1_175' title='bbox 802 1413 976 1471; x_wconf 83' lang='lat' dir='ltr'><strong>dilaceravit.</strong></span> <span class='ocrx_word' id='word_1_176' title='bbox 1036 1414 1164 1471; x_wconf 89' lang='lat' dir='ltr'><strong>vindicta.</strong></span> <span class='ocrx_word' id='word_1_177' title='bbox 1180 1414 1232 1485; x_wconf 83' lang='lat' dir='ltr'><strong>Qui</strong></span> <span class='ocrx_word' id='word_1_178' title='bbox 1256 1431 1321 1489; x_wconf 82' lang='lat' dir='ltr'><strong>ergo</strong></span> <span class='ocrx_word' id='word_1_179' title='bbox 1346 1432 1363 1471; x_wconf 94' lang='lat' dir='ltr'><strong>a</strong></span> <span class='ocrx_word' id='word_1_180' title='bbox 1384 1416 1442 1471; x_wconf 89' lang='lat' dir='ltr'><strong>Deo</strong></span> <span class='ocrx_word' id='word_1_181' title='bbox 1463 1412 1601 1472; x_wconf 86' lang='lat' dir='ltr'><strong>caritatem</strong></span> <span class='ocrx_word' id='word_1_182' title='bbox 1623 1412 1749 1483; x_wconf 89' lang='lat' dir='ltr'><strong>postulat,</strong></span> <span class='ocrx_word' id='word_1_183' title='bbox 1766 1428 1844 1467; x_wconf 91' lang='lat' dir='ltr'><strong>nun-</strong></span> 
     </span>
     <span class='ocr_line' id='line_1_15' title="bbox 179 1500 1844 1583; baseline -0.008 -14"><span class='ocrx_word' id='word_1_184' title='bbox 179 1512 221 1569; x_wconf 87' lang='lat' dir='ltr'><strong>Eo</strong></span> <span class='ocrx_word' id='word_1_185' title='bbox 235 1520 359 1583; x_wconf 92' lang='lat' dir='ltr'><strong>tempore</strong></span> <span class='ocrx_word' id='word_1_186' title='bbox 379 1510 530 1564; x_wconf 87' lang='lat' dir='ltr'><strong>llamertus</strong></span> <span class='ocrx_word' id='word_1_187' title='bbox 548 1506 694 1578; x_wconf 89' lang='lat' dir='ltr'><strong>episcopus</strong></span> <span class='ocrx_word' id='word_1_188' title='bbox 718 1503 902 1560; x_wconf 83' lang='lat' dir='ltr'><strong>Viennensem</strong></span> <span class='ocrx_word' id='word_1_189' title='bbox 923 1504 979 1560; x_wconf 79' lang='lat' dir='ltr'><strong>lic·</strong></span> <span class='ocrx_word' id='word_1_190' title='bbox 1036 1520 1118 1577; x_wconf 80' lang='lat' dir='ltr'><strong>quiam</strong></span> <span class='ocrx_word' id='word_1_191' title='bbox 1132 1520 1193 1560; x_wconf 91' lang='lat' dir='ltr'><strong>eum</strong></span> <span class='ocrx_word' id='word_1_192' title='bbox 1208 1506 1236 1560; x_wconf 91' lang='lat' dir='ltr'><strong>in</strong></span> <span class='ocrx_word' id='word_1_193' title='bbox 1251 1504 1331 1560; x_wconf 86' lang='lat' dir='ltr'><strong>mulis</strong></span> <span class='ocrx_word' id='word_1_194' title='bbox 1356 1504 1486 1571; x_wconf 78' lang='lat' dir='ltr'><strong>indural3</strong></span> <span class='ocrx_word' id='word_1_195' title='bbox 1513 1512 1540 1559; x_wconf 92' lang='grc' dir='ltr'><strong>ει</strong></span> <span class='ocrx_word' id='word_1_196' title='bbox 1567 1502 1613 1577; x_wconf 90' lang='lat' dir='ltr'><strong>qui</strong></span> <span class='ocrx_word' id='word_1_197' title='bbox 1638 1500 1720 1557; x_wconf 84' lang='lat' dir='ltr'><strong>tidem</strong></span> <span class='ocrx_word' id='word_1_198' title='bbox 1744 1500 1780 1557; x_wconf 84' lang='lat' dir='ltr'><strong>ab</strong></span> <span class='ocrx_word' id='word_1_199' title='bbox 1806 1516 1844 1556; x_wconf 91' lang='lat' dir='ltr'><strong>eo</strong></span> 
     </span>
     <span class='ocr_line' id='line_1_16' title="bbox 178 1588 1844 1675; baseline -0.008 -17"><span class='ocrx_word' id='word_1_200' title='bbox 178 1600 291 1659; x_wconf 86' lang='lat' dir='ltr'><strong>alesiam</strong></span> <span class='ocrx_word' id='word_1_201' title='bbox 306 1598 434 1672; x_wconf 87' lang='lat' dir='ltr'><strong>regebat,</strong></span> <span class='ocrx_word' id='word_1_202' title='bbox 451 1597 498 1669; x_wconf 89' lang='lat' dir='ltr'><strong>qui</strong></span> <span class='ocrx_word' id='word_1_203' title='bbox 512 1604 663 1653; x_wconf 89' lang='lat' dir='ltr'><strong>convocato</strong></span> <span class='ocrx_word' id='word_1_204' title='bbox 678 1594 779 1667; x_wconf 91' lang='lat' dir='ltr'><strong>populo</strong></span> <span class='ocrx_word' id='word_1_205' title='bbox 795 1593 886 1650; x_wconf 89' lang='lat' dir='ltr'><strong>triduo</strong></span> <span class='ocrx_word' id='word_1_206' title='bbox 906 1592 981 1666; x_wconf 85' lang='lat' dir='ltr'><strong>jeju·</strong></span> <span class='ocrx_word' id='word_1_207' title='bbox 1036 1592 1134 1665; x_wconf 91' lang='lat' dir='ltr'><strong>poscit,</strong></span> <span class='ocrx_word' id='word_1_208' title='bbox 1149 1594 1226 1651; x_wconf 91' lang='lat' dir='ltr'><strong>nullo</strong></span> <span class='ocrx_word' id='word_1_209' title='bbox 1242 1594 1326 1650; x_wconf 92' lang='lat' dir='ltr'><strong>modo</strong></span> <span class='ocrx_word' id='word_1_210' title='bbox 1350 1610 1413 1649; x_wconf 91' lang='lat' dir='ltr'><strong>eum</strong></span> <span class='ocrx_word' id='word_1_211' title='bbox 1432 1593 1459 1649; x_wconf 92' lang='lat' dir='ltr'><strong>in</strong></span> <span class='ocrx_word' id='word_1_212' title='bbox 1481 1592 1589 1675; x_wconf 78' lang='lat' dir='ltr'><strong>malicia</strong></span> <span class='ocrx_word' id='word_1_213' title='bbox 1615 1604 1775 1663; x_wconf 89' lang='lat' dir='ltr'><strong>permanere</strong></span> <span class='ocrx_word' id='word_1_214' title='bbox 1798 1588 1844 1645; x_wconf 87' lang='lat' dir='ltr'><strong>si-</strong></span> 
     </span>
     <span class='ocr_line' id='line_1_17' title="bbox 178 1680 1843 1771; baseline -0.007 -24"><span class='ocrx_word' id='word_1_215' title='bbox 178 1705 256 1756; x_wconf 83' lang='grc' dir='ltr'>τετε,</span> <span class='ocrx_word' id='word_1_216' title='bbox 270 1704 361 1754; x_wconf 89' lang='lat' dir='ltr'><strong>orare,</strong></span> <span class='ocrx_word' id='word_1_217' title='bbox 376 1700 472 1743; x_wconf 89' lang='lat' dir='ltr'><strong>cruces</strong></span> <span class='ocrx_word' id='word_1_218' title='bbox 492 1692 604 1757; x_wconf 91' lang='lat' dir='ltr'><strong>portare</strong></span> <span class='ocrx_word' id='word_1_219' title='bbox 626 1684 756 1741; x_wconf 88' lang='lat' dir='ltr'><strong>monebat</strong></span> <span class='ocrx_word' id='word_1_220' title='bbox 777 1691 807 1740; x_wconf 91' lang='lat' dir='ltr'><strong>ut</strong></span> <span class='ocrx_word' id='word_1_221' title='bbox 823 1683 979 1739; x_wconf 89' lang='lat' dir='ltr'><strong>misericor·</strong></span> <span class='ocrx_word' id='word_1_222' title='bbox 995 1707 1023 1771; x_wconf 77' lang='grc' dir='ltr'>Β</span> <span class='ocrx_word' id='word_1_223' title='bbox 1038 1684 1095 1749; x_wconf 83' lang='lat' dir='ltr'><strong>nit;</strong></span> <span class='ocrx_word' id='word_1_224' title='bbox 1112 1683 1158 1757; x_wconf 86' lang='lat' dir='ltr'><strong>qui</strong></span> <span class='ocrx_word' id='word_1_225' title='bbox 1174 1698 1238 1740; x_wconf 88' lang='lat' dir='ltr'><strong>rero</strong></span> <span class='ocrx_word' id='word_1_226' title='bbox 1254 1698 1331 1756; x_wconf 90' lang='lat' dir='ltr'><strong>spem</strong></span> <span class='ocrx_word' id='word_1_227' title='bbox 1345 1683 1381 1739; x_wconf 90' lang='lat' dir='ltr'><strong>ab</strong></span> <span class='ocrx_word' id='word_1_228' title='bbox 1394 1698 1426 1740; x_wconf 92' lang='lat' dir='ltr'><strong>eo</strong></span> <span class='ocrx_word' id='word_1_229' title='bbox 1441 1690 1531 1757; x_wconf 82' lang='lat' dir='ltr'><strong>rogat,</strong></span> <span class='ocrx_word' id='word_1_230' title='bbox 1547 1696 1720 1755; x_wconf 86' lang='lat' dir='ltr'><strong>nequaouam</strong></span> <span class='ocrx_word' id='word_1_231' title='bbox 1735 1680 1760 1737; x_wconf 87' lang='lat' dir='ltr'><strong>ei</strong></span> <span class='ocrx_word' id='word_1_232' title='bbox 1775 1696 1843 1751; x_wconf 88' lang='lat' dir='ltr'><strong>sup·</strong></span> 
     </span>
     <span class='ocr_line' id='line_1_18' title="bbox 178 1768 1839 1851; baseline -0.007 -16"><span class='ocrx_word' id='word_1_233' title='bbox 178 1777 377 1851; x_wconf 71' lang='lat' dir='ltr'><strong>aiebatque</strong></span> <span class='ocrx_word' id='word_1_234' title='bbox 390 1774 528 1832; x_wconf 83' lang='lat' dir='ltr'><strong>Ninivitas</strong></span> <span class='ocrx_word' id='word_1_235' title='bbox 548 1790 600 1846; x_wconf 93' lang='grc' dir='ltr'><strong>ρετ</strong></span> <span class='ocrx_word' id='word_1_236' title='bbox 624 1773 781 1831; x_wconf 88' lang='lat' dir='ltr'><strong>triduanum</strong></span> <span class='ocrx_word' id='word_1_237' title='bbox 804 1772 981 1829; x_wconf 78' lang='lat' dir='ltr'><strong>liberasseta</strong></span> <span class='ocrx_word' id='word_1_238' title='bbox 1038 1772 1147 1845; x_wconf 87' lang='lat' dir='ltr'><strong>plinium</strong></span> <span class='ocrx_word' id='word_1_239' title='bbox 1165 1772 1281 1846; x_wconf 87' lang='lat' dir='ltr'><strong>irrogat.</strong></span> <span class='ocrx_word' id='word_1_240' title='bbox 1313 1770 1365 1829; x_wconf 90' lang='lat' dir='ltr'><strong>Per</strong></span> <span class='ocrx_word' id='word_1_241' title='bbox 1391 1788 1489 1845; x_wconf 87' lang='lat' dir='ltr'><strong>panem</strong></span> <span class='ocrx_word' id='word_1_242' title='bbox 1519 1785 1629 1845; x_wconf 85' lang='lat' dir='ltr'><strong>quoque</strong></span> <span class='ocrx_word' id='word_1_243' title='bbox 1658 1770 1758 1827; x_wconf 82' lang='lat' dir='ltr'><strong>tructus</strong></span> <span class='ocrx_word' id='word_1_244' title='bbox 1788 1768 1839 1842; x_wconf 85' lang='lat' dir='ltr'><strong>qui</strong></span> 
     </span>
     <span class='ocr_line' id='line_1_19' title="bbox 177 1856 1843 1938; baseline -0.007 -14"><span class='ocrx_word' id='word_1_245' title='bbox 177 1865 371 1933; x_wconf 79' lang='lat' dir='ltr'><strong>subversione,</strong></span> <span class='ocrx_word' id='word_1_246' title='bbox 387 1865 488 1938; x_wconf 91' lang='lat' dir='ltr'><strong>populo</strong></span> <span class='ocrx_word' id='word_1_247' title='bbox 504 1880 555 1922; x_wconf 92' lang='lat' dir='ltr'><strong>suo</strong></span> <span class='ocrx_word' id='word_1_248' title='bbox 571 1862 729 1920; x_wconf 84' lang='lat' dir='ltr'><strong>subveniret</strong></span> <span class='ocrx_word' id='word_1_249' title='bbox 748 1862 776 1918; x_wconf 92' lang='lat' dir='ltr'><strong>in</strong></span> <span class='ocrx_word' id='word_1_250' title='bbox 795 1860 981 1935; x_wconf 80' lang='lat' dir='ltr'><strong>praesenttnt-</strong></span> <span class='ocrx_word' id='word_1_251' title='bbox 1037 1862 1151 1919; x_wconf 90' lang='lat' dir='ltr'><strong>nuncin</strong></span> <span class='ocrx_word' id='word_1_252' title='bbox 1175 1863 1261 1919; x_wconf 91' lang='lat' dir='ltr'><strong>herba</strong></span> <span class='ocrx_word' id='word_1_253' title='bbox 1288 1862 1376 1935; x_wconf 88' lang='lat' dir='ltr'><strong>surgit</strong></span> <span class='ocrx_word' id='word_1_254' title='bbox 1403 1860 1550 1933; x_wconf 88' lang='lat' dir='ltr'><strong>accipitur;</strong></span> <span class='ocrx_word' id='word_1_255' title='bbox 1580 1877 1631 1933; x_wconf 91' lang='grc' dir='ltr'><strong>ρετ</strong></span> <span class='ocrx_word' id='word_1_256' title='bbox 1660 1874 1742 1915; x_wconf 85' lang='lat' dir='ltr'><strong>ovum</strong></span> <span class='ocrx_word' id='word_1_257' title='bbox 1768 1856 1843 1914; x_wconf 82' lang='lat' dir='ltr'><strong>letus</strong></span> 
     </span>
     <span class='ocr_line' id='line_1_20' title="bbox 177 1942 1846 2028; baseline -0.007 -15"><span class='ocrx_word' id='word_1_258' title='bbox 177 1956 308 2015; x_wconf 87' lang='lat' dir='ltr'><strong>ilictione.</strong></span> <span class='ocrx_word' id='word_1_259' title='bbox 324 1953 386 2025; x_wconf 86' lang='lat' dir='ltr'><strong>Quo</strong></span> <span class='ocrx_word' id='word_1_260' title='bbox 400 1954 473 2012; x_wconf 88' lang='lat' dir='ltr'><strong>facto</strong></span> <span class='ocrx_word' id='word_1_261' title='bbox 488 1954 572 2028; x_wconf 83' lang='lat' dir='ltr'><strong>plaga</strong></span> <span class='ocrx_word' id='word_1_262' title='bbox 591 1952 714 2024; x_wconf 87' lang='lat' dir='ltr'><strong>sedatur,</strong></span> <span class='ocrx_word' id='word_1_263' title='bbox 726 1951 858 2028; x_wconf 88' lang='lat' dir='ltr'><strong>gaudium</strong></span> <span class='ocrx_word' id='word_1_264' title='bbox 882 1955 911 2008; x_wconf 91' lang='lat' dir='ltr'><strong>et</strong></span> <span class='ocrx_word' id='word_1_265' title='bbox 930 1951 981 2006; x_wconf 91' lang='lat' dir='ltr'><strong>ha·</strong></span> <span class='ocrx_word' id='word_1_266' title='bbox 1037 1951 1194 2009; x_wconf 88' lang='lat' dir='ltr'><strong>animalium</strong></span> <span class='ocrx_word' id='word_1_267' title='bbox 1207 1952 1338 2025; x_wconf 84' lang='lat' dir='ltr'><strong>accipitur</strong></span> <span class='ocrx_word' id='word_1_268' title='bbox 1353 1952 1395 2009; x_wconf 86' lang='lat' dir='ltr'><strong>rel</strong></span> <span class='ocrx_word' id='word_1_269' title='bbox 1410 1950 1571 2025; x_wconf 89' lang='lat' dir='ltr'><strong>intelligitur</strong></span> <span class='ocrx_word' id='word_1_270' title='bbox 1580 1942 1642 2022; x_wconf 77' lang='lat' dir='ltr'><strong>(stc)</strong></span> <span class='ocrx_word' id='word_1_271' title='bbox 1655 1950 1662 2008; x_wconf 93' lang='grc' dir='ltr'>Ι</span> <span class='ocrx_word' id='word_1_272' title='bbox 1678 1964 1727 2021; x_wconf 87' lang='grc' dir='ltr'><strong>ρετ</strong></span> <span class='ocrx_word' id='word_1_273' title='bbox 1737 1947 1846 2021; x_wconf 88' lang='lat' dir='ltr'><strong>piscem</strong></span> 
     </span>
     <span class='ocr_line' id='line_1_21' title="bbox 176 2036 1843 2115; baseline -0.006 -13"><span class='ocrx_word' id='word_1_274' title='bbox 176 2044 330 2103; x_wconf 88' lang='lat' dir='ltr'><strong>bundantia</strong></span> <span class='ocrx_word' id='word_1_275' title='bbox 343 2059 437 2101; x_wconf 89' lang='lat' dir='ltr'><strong>rerum</strong></span> <span class='ocrx_word' id='word_1_276' title='bbox 452 2041 559 2100; x_wconf 83' lang='lat' dir='ltr'><strong>afflictis</strong></span> <span class='ocrx_word' id='word_1_277' title='bbox 573 2042 703 2099; x_wconf 90' lang='lat' dir='ltr'><strong>donalnr.</strong></span> <span class='ocrx_word' id='word_1_278' title='bbox 1041 2042 1170 2115; x_wconf 86' lang='lat' dir='ltr'><strong>quicquid</strong></span> <span class='ocrx_word' id='word_1_279' title='bbox 1199 2049 1241 2098; x_wconf 97' lang='grc' dir='ltr'><strong>εει</strong></span> <span class='ocrx_word' id='word_1_280' title='bbox 1269 2058 1324 2114; x_wconf 90' lang='lat' dir='ltr'><strong>quo</strong></span> <span class='ocrx_word' id='word_1_281' title='bbox 1352 2041 1468 2115; x_wconf 83' lang='lat' dir='ltr'><strong>quisque</strong></span> <span class='ocrx_word' id='word_1_282' title='bbox 1492 2039 1608 2095; x_wconf 89' lang='lat' dir='ltr'><strong>nutritur</strong></span> <span class='ocrx_word' id='word_1_283' title='bbox 1630 2038 1761 2095; x_wconf 89' lang='lat' dir='ltr'><strong>innuitur.</strong></span> <span class='ocrx_word' id='word_1_284' title='bbox 1789 2036 1843 2093; x_wconf 84' lang='lat' dir='ltr'><strong>Pro</strong></span> 
     </span>
    </p>
   </div>
   <div class='ocr_carea' id='block_1_3' title="bbox 211 2124 1845 2297">
    <p class='ocr_par' dir='ltr' id='par_1_4' title="bbox 211 2124 1845 2297">
     <span class='ocr_line' id='line_1_22' title="bbox 1036 2124 1844 2206; baseline -0.009 -19"><span class='ocrx_word' id='word_1_285' title='bbox 1036 2131 1135 2205; x_wconf 90' lang='lat' dir='ltr'><strong>quibus</strong></span> <span class='ocrx_word' id='word_1_286' title='bbox 1150 2138 1259 2205; x_wconf 90' lang='lat' dir='ltr'><strong>oportet</strong></span> <span class='ocrx_word' id='word_1_287' title='bbox 1272 2136 1304 2188; x_wconf 89' lang='lat' dir='ltr'><strong>ul</strong></span> <span class='ocrx_word' id='word_1_288' title='bbox 1315 2131 1425 2187; x_wconf 90' lang='lat' dir='ltr'><strong>dileetio</strong></span> <span class='ocrx_word' id='word_1_289' title='bbox 1435 2138 1526 2206; x_wconf 79' lang='lat' dir='ltr'><strong>restra</strong></span> <span class='ocrx_word' id='word_1_290' title='bbox 1537 2144 1637 2202; x_wconf 89' lang='lat' dir='ltr'><strong>preces</strong></span> <span class='ocrx_word' id='word_1_291' title='bbox 1650 2127 1767 2185; x_wconf 88' lang='lat' dir='ltr'><strong>Domino</strong></span> <span class='ocrx_word' id='word_1_292' title='bbox 1782 2124 1844 2181; x_wconf 86' lang='lat' dir='ltr'><strong>iuu-</strong></span> 
     </span>
     <span class='ocr_line' id='line_1_23' title="bbox 211 2206 1845 2297; baseline 0.001 -28"><span class='ocrx_word' id='word_1_293' title='bbox 211 2212 296 2269; x_wconf 87' lang='lat' dir='ltr'><strong>Porro</strong></span> <span class='ocrx_word' id='word_1_294' title='bbox 310 2209 429 2269; x_wconf 90' lang='lat' dir='ltr'><strong>illedies</strong></span> <span class='ocrx_word' id='word_1_295' title='bbox 453 2207 499 2287; x_wconf 89' lang='lat' dir='ltr'><strong>qui</strong></span> <span class='ocrx_word' id='word_1_296' title='bbox 525 2208 612 2279; x_wconf 81' lang='lat' dir='ltr'><strong>llajor</strong></span> <span class='ocrx_word' id='word_1_297' title='bbox 630 2208 743 2266; x_wconf 88' lang='lat' dir='ltr'><strong>Letania</strong></span> <span class='ocrx_word' id='word_1_298' title='bbox 766 2206 869 2266; x_wconf 87' lang='lat' dir='ltr'><strong>dicitur</strong></span> <span class='ocrx_word' id='word_1_299' title='bbox 892 2223 925 2264; x_wconf 87' lang='lat' dir='ltr'><strong>ea</strong></span> <span class='ocrx_word' id='word_1_300' title='bbox 948 2208 982 2266; x_wconf 90' lang='lat' dir='ltr'><strong>dc</strong></span> <span class='ocrx_word' id='word_1_301' title='bbox 1036 2220 1093 2287; x_wconf 70' lang='lat' dir='ltr'><strong>dat,</strong></span> <span class='ocrx_word' id='word_1_302' title='bbox 1109 2229 1245 2295; x_wconf 69' lang='lat' dir='ltr'><strong>quatenus</strong></span> <span class='ocrx_word' id='word_1_303' title='bbox 1268 2222 1361 2278; x_wconf 80' lang='lat' dir='ltr'><strong>haeoa</strong></span> <span class='ocrx_word' id='word_1_304' title='bbox 1385 2220 1474 2293; x_wconf 90' lang='lat' dir='ltr'><strong>lapide</strong></span> <span class='ocrx_word' id='word_1_305' title='bbox 1497 2216 1653 2293; x_wconf 72' lang='lat' dir='ltr'><strong>grandinis,</strong></span> <span class='ocrx_word' id='word_1_306' title='bbox 1678 2222 1845 2297; x_wconf 16' lang='lat' dir='ltr'><strong>atserpente</strong></span> 
     </span>
    </p>
   </div>
   <div class='ocr_carea' id='block_1_4' title="bbox 82 2297 1851 4339">
    <p class='ocr_par' dir='ltr' id='par_1_5' title="bbox 82 2297 1851 4339">
     <span class='ocr_line' id='line_1_24' title="bbox 177 2297 1845 2383; baseline -0.008 -23"><span class='ocrx_word' id='word_1_307' title='bbox 177 2316 262 2360; x_wconf 89' lang='lat' dir='ltr'><strong>cansa</strong></span> <span class='ocrx_word' id='word_1_308' title='bbox 285 2300 425 2356; x_wconf 88' lang='lat' dir='ltr'><strong>institutus</strong></span> <span class='ocrx_word' id='word_1_309' title='bbox 443 2298 567 2371; x_wconf 82' lang='lat' dir='ltr'><strong>legitur:</strong></span> <span class='ocrx_word' id='word_1_310' title='bbox 583 2298 699 2370; x_wconf 63' lang='lat' dir='ltr'><strong>Tiberis</strong></span> <span class='ocrx_word' id='word_1_311' title='bbox 720 2297 782 2371; x_wconf 91' lang='lat' dir='ltr'><strong>ptus</strong></span> <span class='ocrx_word' id='word_1_312' title='bbox 804 2297 884 2355; x_wconf 91' lang='lat' dir='ltr'><strong>solito</strong></span> <span class='ocrx_word' id='word_1_313' title='bbox 899 2297 982 2354; x_wconf 90' lang='lat' dir='ltr'><strong>iuun-</strong></span> <span class='ocrx_word' id='word_1_314' title='bbox 1036 2308 1216 2378; x_wconf 52' lang='lat' dir='ltr'><strong>mormanus,</strong></span> <span class='ocrx_word' id='word_1_315' title='bbox 1234 2325 1250 2367; x_wconf 61' lang='lat' dir='ltr'><strong>g</strong></span> <span class='ocrx_word' id='word_1_316' title='bbox 1265 2308 1413 2383; x_wconf 59' lang='lat' dir='ltr'><strong>scorpione</strong></span> <span class='ocrx_word' id='word_1_317' title='bbox 1430 2307 1464 2365; x_wconf 75' lang='grc' dir='ltr'><strong>(ρ</strong></span> <span class='ocrx_word' id='word_1_318' title='bbox 1479 2308 1593 2379; x_wconf 51' lang='lat' dir='ltr'><strong>mmo)</strong></span> <span class='ocrx_word' id='word_1_319' title='bbox 1608 2305 1775 2381; x_wconf 55' lang='lat' dir='ltr'><strong>tempestatis</strong></span> <span class='ocrx_word' id='word_1_320' title='bbox 1790 2320 1845 2361; x_wconf 63' lang='lat' dir='ltr'><strong>eu.</strong></span> 
     </span>
     <span class='ocr_line' id='line_1_25' title="bbox 175 2387 1149 2463; baseline -0.005 -14"><span class='ocrx_word' id='word_1_321' title='bbox 175 2390 262 2461; x_wconf 84' lang='lat' dir='ltr'><strong>davit,</strong></span> <span class='ocrx_word' id='word_1_322' title='bbox 281 2390 395 2447; x_wconf 85' lang='lat' dir='ltr'><strong>Romam</strong></span> <span class='ocrx_word' id='word_1_323' title='bbox 413 2389 574 2463; x_wconf 89' lang='lat' dir='ltr'><strong>ingrediens</strong></span> <span class='ocrx_word' id='word_1_324' title='bbox 597 2387 731 2444; x_wconf 82' lang='lat' dir='ltr'><strong>maximas</strong></span> <span class='ocrx_word' id='word_1_325' title='bbox 754 2388 885 2461; x_wconf 88' lang='lat' dir='ltr'><strong>regiones</strong></span> <span class='ocrx_word' id='word_1_326' title='bbox 906 2389 934 2442; x_wconf 92' lang='lat' dir='ltr'><strong>in</strong></span> <span class='ocrx_word' id='word_1_327' title='bbox 949 2402 983 2444; x_wconf 89' lang='lat' dir='ltr'><strong>ea</strong></span> <span class='ocrx_word' id='word_1_328' title='bbox 1038 2400 1149 2457; x_wconf 58' lang='lat' dir='ltr'><strong>aiodian,</strong></span> 
     </span>
     <span class='ocr_line' id='line_1_26' title="bbox 177 2477 984 2554; baseline -0.005 -15"><span class='ocrx_word' id='word_1_329' title='bbox 177 2481 333 2554; x_wconf 85' lang='lat' dir='ltr'><strong>occupauit,</strong></span> <span class='ocrx_word' id='word_1_330' title='bbox 348 2479 483 2538; x_wconf 88' lang='lat' dir='ltr'><strong>ecclesias</strong></span> <span class='ocrx_word' id='word_1_331' title='bbox 497 2478 587 2549; x_wconf 92' lang='lat' dir='ltr'><strong>diruit,</strong></span> <span class='ocrx_word' id='word_1_332' title='bbox 607 2478 694 2533; x_wconf 89' lang='lat' dir='ltr'><strong>multa</strong></span> <span class='ocrx_word' id='word_1_333' title='bbox 717 2477 833 2534; x_wconf 84' lang='lat' dir='ltr'><strong>aedilioia</strong></span> <span class='ocrx_word' id='word_1_334' title='bbox 844 2494 906 2533; x_wconf 92' lang='lat' dir='ltr'><strong>cum</strong></span> <span class='ocrx_word' id='word_1_335' title='bbox 930 2494 984 2549; x_wconf 87' lang='lat' dir='ltr'><strong>po-</strong></span> 
     </span>
     <span class='ocr_line' id='line_1_27' title="bbox 174 2566 1849 2649; baseline -0.005 -20"><span class='ocrx_word' id='word_1_336' title='bbox 174 2572 242 2645; x_wconf 91' lang='lat' dir='ltr'><strong>pulo</strong></span> <span class='ocrx_word' id='word_1_337' title='bbox 257 2568 407 2636; x_wconf 85' lang='lat' dir='ltr'><strong>subvertit;</strong></span> <span class='ocrx_word' id='word_1_338' title='bbox 423 2584 474 2641; x_wconf 91' lang='lat' dir='ltr'><strong>per</strong></span> <span class='ocrx_word' id='word_1_339' title='bbox 487 2569 566 2637; x_wconf 88' lang='lat' dir='ltr'><strong>cujus</strong></span> <span class='ocrx_word' id='word_1_340' title='bbox 580 2567 689 2624; x_wconf 82' lang='lat' dir='ltr'><strong>alveum</strong></span> <span class='ocrx_word' id='word_1_341' title='bbox 705 2566 805 2639; x_wconf 86' lang='lat' dir='ltr'><strong>ingens</strong></span> <span class='ocrx_word' id='word_1_342' title='bbox 821 2566 982 2624; x_wconf 84' lang='lat' dir='ltr'><strong>draconum</strong></span> <span class='ocrx_word' id='word_1_343' title='bbox 1073 2577 1158 2635; x_wconf 64' lang='lat' dir='ltr'><strong>stupra</strong></span> <span class='ocrx_word' id='word_1_344' title='bbox 1170 2584 1262 2635; x_wconf 59' lang='lat' dir='ltr'><strong>autem</strong></span> <span class='ocrx_word' id='word_1_345' title='bbox 1276 2578 1412 2635; x_wconf 60' lang='lat' dir='ltr'><strong>habemus</strong></span> <span class='ocrx_word' id='word_1_346' title='bbox 1429 2574 1560 2649; x_wconf 66' lang='lat' dir='ltr'><strong>exempta</strong></span> <span class='ocrx_word' id='word_1_347' title='bbox 1575 2575 1645 2649; x_wconf 77' lang='lat' dir='ltr'><strong>quod</strong></span> <span class='ocrx_word' id='word_1_348' title='bbox 1668 2572 1781 2633; x_wconf 73' lang='lat' dir='ltr'><strong>multum</strong></span> <span class='ocrx_word' id='word_1_349' title='bbox 1797 2590 1849 2631; x_wconf 69' lang='lat' dir='ltr'><strong>vs.</strong></span> 
     </span>
     <span class='ocr_line' id='line_1_28' title="bbox 174 2655 1848 2737; baseline -0.001 -19"><span class='ocrx_word' id='word_1_350' title='bbox 174 2676 280 2735; x_wconf 87' lang='lat' dir='ltr'><strong>magua</strong></span> <span class='ocrx_word' id='word_1_351' title='bbox 307 2658 481 2716; x_wconf 90' lang='lat' dir='ltr'><strong>multitudiue</strong></span> <span class='ocrx_word' id='word_1_352' title='bbox 510 2656 679 2729; x_wconf 89' lang='lat' dir='ltr'><strong>serpentium</strong></span> <span class='ocrx_word' id='word_1_353' title='bbox 710 2672 787 2713; x_wconf 90' lang='lat' dir='ltr'><strong>mare</strong></span> <span class='ocrx_word' id='word_1_354' title='bbox 810 2655 981 2730; x_wconf 87' lang='lat' dir='ltr'><strong>ingreditur,</strong></span> <span class='ocrx_word' id='word_1_355' title='bbox 1037 2662 1074 2720; x_wconf 76' lang='lat' dir='ltr'><strong>let</strong></span> <span class='ocrx_word' id='word_1_356' title='bbox 1089 2663 1247 2737; x_wconf 75' lang='lat' dir='ltr'><strong>deprecatio</strong></span> <span class='ocrx_word' id='word_1_357' title='bbox 1259 2662 1325 2733; x_wconf 74' lang='lat' dir='ltr'><strong>Justi</strong></span> <span class='ocrx_word' id='word_1_358' title='bbox 1350 2662 1462 2719; x_wconf 91' lang='lat' dir='ltr'><strong>assidua</strong></span> <span class='ocrx_word' id='word_1_359' title='bbox 1478 2661 1556 2735; x_wconf 73' lang='lat' dir='ltr'><strong>(dcc.</strong></span> <span class='ocrx_word' id='word_1_360' title='bbox 1584 2661 1622 2729; x_wconf 90' lang='grc' dir='ltr'><strong>τ).</strong></span> <span class='ocrx_word' id='word_1_361' title='bbox 1645 2660 1712 2717; x_wconf 88' lang='lat' dir='ltr'><strong>Cum</strong></span> <span class='ocrx_word' id='word_1_362' title='bbox 1726 2659 1848 2733; x_wconf 89' lang='lat' dir='ltr'><strong>populos</strong></span> 
     </span>
     <span class='ocr_line' id='line_1_29' title="bbox 180 2744 1849 2827; baseline -0.001 -18"><span class='ocrx_word' id='word_1_363' title='bbox 180 2766 243 2809; x_wconf 88' lang='lat' dir='ltr'><strong>cum</strong></span> <span class='ocrx_word' id='word_1_364' title='bbox 259 2748 358 2823; x_wconf 91' lang='lat' dir='ltr'><strong>quibus</strong></span> <span class='ocrx_word' id='word_1_365' title='bbox 373 2747 502 2804; x_wconf 89' lang='lat' dir='ltr'><strong>omnibus</strong></span> <span class='ocrx_word' id='word_1_366' title='bbox 518 2746 620 2802; x_wconf 90' lang='lat' dir='ltr'><strong>ibidem</strong></span> <span class='ocrx_word' id='word_1_367' title='bbox 635 2744 794 2802; x_wconf 79' lang='lat' dir='ltr'><strong>suffocatur.</strong></span> <span class='ocrx_word' id='word_1_368' title='bbox 811 2744 865 2815; x_wconf 86' lang='lat' dir='ltr'><strong>Qui</strong></span> <span class='ocrx_word' id='word_1_369' title='bbox 878 2745 905 2801; x_wconf 91' lang='lat' dir='ltr'><strong>iu</strong></span> <span class='ocrx_word' id='word_1_370' title='bbox 920 2745 984 2801; x_wconf 90' lang='lat' dir='ltr'><strong>litus</strong></span> <span class='ocrx_word' id='word_1_371' title='bbox 1037 2752 1157 2827; x_wconf 88' lang='lat' dir='ltr'><strong>quinque</strong></span> <span class='ocrx_word' id='word_1_372' title='bbox 1173 2752 1309 2810; x_wconf 87' lang='lat' dir='ltr'><strong>civitatem</strong></span> <span class='ocrx_word' id='word_1_373' title='bbox 1326 2751 1475 2809; x_wconf 81' lang='lat' dir='ltr'><strong>horrendis</strong></span> <span class='ocrx_word' id='word_1_374' title='bbox 1490 2750 1607 2826; x_wconf 90' lang='lat' dir='ltr'><strong>llagieiia</strong></span> <span class='ocrx_word' id='word_1_375' title='bbox 1629 2750 1698 2807; x_wconf 88' lang='lat' dir='ltr'><strong>iram</strong></span> <span class='ocrx_word' id='word_1_376' title='bbox 1719 2750 1770 2807; x_wconf 88' lang='lat' dir='ltr'><strong>Dei</strong></span> <span class='ocrx_word' id='word_1_377' title='bbox 1798 2766 1849 2807; x_wconf 87' lang='lat' dir='ltr'><strong>su·</strong></span> 
     </span>
     <span class='ocr_line' id='line_1_30' title="bbox 177 2834 1848 2915; baseline -0.005 -19"><span class='ocrx_word' id='word_1_378' title='bbox 177 2840 294 2914; x_wconf 85' lang='lat' dir='ltr'><strong>projecti</strong></span> <span class='ocrx_word' id='word_1_379' title='bbox 308 2854 401 2895; x_wconf 88' lang='lat' dir='ltr'><strong>aerem</strong></span> <span class='ocrx_word' id='word_1_380' title='bbox 417 2852 467 2893; x_wconf 89' lang='lat' dir='ltr'><strong>sua</strong></span> <span class='ocrx_word' id='word_1_381' title='bbox 489 2834 635 2908; x_wconf 88' lang='lat' dir='ltr'><strong>putredine</strong></span> <span class='ocrx_word' id='word_1_382' title='bbox 660 2841 861 2908; x_wconf 89' lang='lat' dir='ltr'><strong>corrupperunt</strong></span> <span class='ocrx_word' id='word_1_383' title='bbox 879 2835 944 2906; x_wconf 84' lang='lat' dir='ltr'><strong>(ric)</strong></span> <span class='ocrx_word' id='word_1_384' title='bbox 957 2840 984 2891; x_wconf 92' lang='lat' dir='ltr'><strong>et</strong></span> <span class='ocrx_word' id='word_1_385' title='bbox 1036 2859 1128 2915; x_wconf 71' lang='lat' dir='ltr'><strong>perse</strong></span> <span class='ocrx_word' id='word_1_386' title='bbox 1142 2850 1331 2914; x_wconf 69' lang='lat' dir='ltr'><strong>provocasset,</strong></span> <span class='ocrx_word' id='word_1_387' title='bbox 1353 2842 1491 2898; x_wconf 68' lang='lat' dir='ltr'><strong>Abraham</strong></span> <span class='ocrx_word' id='word_1_388' title='bbox 1506 2841 1598 2898; x_wconf 69' lang='lat' dir='ltr'><strong>Deum</strong></span> <span class='ocrx_word' id='word_1_389' title='bbox 1622 2840 1730 2913; x_wconf 68' lang='lat' dir='ltr'><strong>rogavit</strong></span> <span class='ocrx_word' id='word_1_390' title='bbox 1752 2846 1781 2896; x_wconf 80' lang='lat' dir='ltr'><strong>ua</strong></span> <span class='ocrx_word' id='word_1_391' title='bbox 1804 2840 1848 2895; x_wconf 70' lang='lat' dir='ltr'><strong>eis</strong></span> 
     </span>
     <span class='ocr_line' id='line_1_31' title="bbox 176 2924 1851 3005; baseline -0.003 -16"><span class='ocrx_word' id='word_1_392' title='bbox 176 2943 293 3003; x_wconf 71' lang='lat' dir='ltr'><strong>gravam</strong></span> <span class='ocrx_word' id='word_1_393' title='bbox 329 2926 523 2983; x_wconf 72' lang='lat' dir='ltr'><strong>mortalitatem</strong></span> <span class='ocrx_word' id='word_1_394' title='bbox 552 2925 673 2981; x_wconf 79' lang='lat' dir='ltr'><strong>hamana</strong></span> <span class='ocrx_word' id='word_1_395' title='bbox 701 2924 797 2999; x_wconf 88' lang='lat' dir='ltr'><strong>generi</strong></span> <span class='ocrx_word' id='word_1_396' title='bbox 823 2924 982 2980; x_wconf 76' lang='lat' dir='ltr'><strong>intulerunt·</strong></span> <span class='ocrx_word' id='word_1_397' title='bbox 1039 2940 1164 3005; x_wconf 87' lang='lat' dir='ltr'><strong>parceret</strong></span> <span class='ocrx_word' id='word_1_398' title='bbox 1180 2932 1203 2987; x_wconf 89' lang='lat' dir='ltr'><strong>si</strong></span> <span class='ocrx_word' id='word_1_399' title='bbox 1224 2932 1320 2989; x_wconf 87' lang='lat' dir='ltr'><strong>decom</strong></span> <span class='ocrx_word' id='word_1_400' title='bbox 1339 2930 1433 3002; x_wconf 83' lang='lat' dir='ltr'><strong>justos</strong></span> <span class='ocrx_word' id='word_1_401' title='bbox 1457 2936 1529 2987; x_wconf 86' lang='lat' dir='ltr'><strong>inter</strong></span> <span class='ocrx_word' id='word_1_402' title='bbox 1557 2945 1605 2986; x_wconf 89' lang='lat' dir='ltr'><strong>eos</strong></span> <span class='ocrx_word' id='word_1_403' title='bbox 1627 2930 1773 2986; x_wconf 85' lang='lat' dir='ltr'><strong>inueniret.</strong></span> <span class='ocrx_word' id='word_1_404' title='bbox 1793 2928 1851 2985; x_wconf 84' lang='lat' dir='ltr'><strong>llo·</strong></span> 
     </span>
     <span class='ocr_line' id='line_1_32' title="bbox 179 3012 1849 3091; baseline -0.004 -15"><span class='ocrx_word' id='word_1_405' title='bbox 179 3018 292 3091; x_wconf 87' lang='lat' dir='ltr'><strong>Sagittae</strong></span> <span class='ocrx_word' id='word_1_406' title='bbox 305 3031 426 3091; x_wconf 91' lang='lat' dir='ltr'><strong>namque</strong></span> <span class='ocrx_word' id='word_1_407' title='bbox 444 3014 558 3072; x_wconf 86' lang='lat' dir='ltr'><strong>coelitus</strong></span> <span class='ocrx_word' id='word_1_408' title='bbox 573 3014 668 3071; x_wconf 84' lang='lat' dir='ltr'><strong>venire</strong></span> <span class='ocrx_word' id='word_1_409' title='bbox 682 3012 931 3085; x_wconf 90' lang='lat' dir='ltr'><strong>conspiciebantur,</strong></span> <span class='ocrx_word' id='word_1_410' title='bbox 947 3014 981 3071; x_wconf 92' lang='lat' dir='ltr'><strong>de</strong></span> <span class='ocrx_word' id='word_1_411' title='bbox 1039 3018 1130 3073; x_wconf 89' lang='lat' dir='ltr'><strong>minus</strong></span> <span class='ocrx_word' id='word_1_412' title='bbox 1144 3026 1235 3073; x_wconf 91' lang='lat' dir='ltr'><strong>autem</strong></span> <span class='ocrx_word' id='word_1_413' title='bbox 1250 3016 1317 3073; x_wconf 82' lang='lat' dir='ltr'><strong>dixit</strong></span> <span class='ocrx_word' id='word_1_414' title='bbox 1331 3016 1354 3072; x_wconf 92' lang='lat' dir='ltr'><strong>si</strong></span> <span class='ocrx_word' id='word_1_415' title='bbox 1369 3018 1396 3072; x_wconf 87' lang='grc' dir='ltr'>Χ</span> <span class='ocrx_word' id='word_1_416' title='bbox 1409 3017 1495 3086; x_wconf 77' lang='lat' dir='ltr'><strong>iustos</strong></span> <span class='ocrx_word' id='word_1_417' title='bbox 1515 3014 1543 3071; x_wconf 88' lang='lat' dir='ltr'><strong>in</strong></span> <span class='ocrx_word' id='word_1_418' title='bbox 1556 3014 1610 3071; x_wconf 90' lang='lat' dir='ltr'><strong>illis</strong></span> <span class='ocrx_word' id='word_1_419' title='bbox 1621 3016 1645 3071; x_wconf 82' lang='lat' dir='ltr'><strong>v</strong></span> <span class='ocrx_word' id='word_1_420' title='bbox 1658 3014 1753 3087; x_wconf 82' lang='lat' dir='ltr'><strong>regnis</strong></span> <span class='ocrx_word' id='word_1_421' title='bbox 1767 3028 1849 3086; x_wconf 90' lang='lat' dir='ltr'><strong>repe-</strong></span> 
     </span>
     <span class='ocr_line' id='line_1_33' title="bbox 178 3101 1848 3183; baseline -0.003 -19"><span class='ocrx_word' id='word_1_422' title='bbox 178 3107 280 3183; x_wconf 88' lang='lat' dir='ltr'><strong>quibus</strong></span> <span class='ocrx_word' id='word_1_423' title='bbox 302 3105 419 3181; x_wconf 87' lang='lat' dir='ltr'><strong>inguina</strong></span> <span class='ocrx_word' id='word_1_424' title='bbox 432 3104 574 3161; x_wconf 90' lang='lat' dir='ltr'><strong>homiuum</strong></span> <span class='ocrx_word' id='word_1_425' title='bbox 595 3106 684 3171; x_wconf 87' lang='lat' dir='ltr'><strong>lacta,</strong></span> <span class='ocrx_word' id='word_1_426' title='bbox 709 3101 768 3160; x_wconf 89' lang='lat' dir='ltr'><strong>sine</strong></span> <span class='ocrx_word' id='word_1_427' title='bbox 787 3102 981 3160; x_wconf 85' lang='lat' dir='ltr'><strong>moramurie·</strong></span> <span class='ocrx_word' id='word_1_428' title='bbox 1040 3106 1119 3173; x_wconf 91' lang='lat' dir='ltr'><strong>riret,</strong></span> <span class='ocrx_word' id='word_1_429' title='bbox 1135 3105 1196 3162; x_wconf 92' lang='lat' dir='ltr'><strong>aliis</strong></span> <span class='ocrx_word' id='word_1_430' title='bbox 1210 3106 1337 3162; x_wconf 88' lang='lat' dir='ltr'><strong>omnibus</strong></span> <span class='ocrx_word' id='word_1_431' title='bbox 1365 3114 1478 3179; x_wconf 91' lang='lat' dir='ltr'><strong>propter</strong></span> <span class='ocrx_word' id='word_1_432' title='bbox 1503 3120 1552 3162; x_wconf 91' lang='lat' dir='ltr'><strong>eos</strong></span> <span class='ocrx_word' id='word_1_433' title='bbox 1577 3104 1737 3174; x_wconf 86' lang='lat' dir='ltr'><strong>dimitteret,</strong></span> <span class='ocrx_word' id='word_1_434' title='bbox 1764 3101 1848 3160; x_wconf 88' lang='lat' dir='ltr'><strong>iusu-</strong></span> 
     </span>
     <span class='ocr_line' id='line_1_34' title="bbox 173 3192 1847 3269; baseline -0.004 -14"><span class='ocrx_word' id='word_1_435' title='bbox 173 3198 294 3265; x_wconf 83' lang='lat' dir='ltr'><strong>bantur;</strong></span> <span class='ocrx_word' id='word_1_436' title='bbox 320 3195 448 3269; x_wconf 90' lang='lat' dir='ltr'><strong>primitus</strong></span> <span class='ocrx_word' id='word_1_437' title='bbox 473 3208 547 3266; x_wconf 90' lang='lat' dir='ltr'><strong>papa</strong></span> <span class='ocrx_word' id='word_1_438' title='bbox 577 3192 706 3264; x_wconf 86' lang='lat' dir='ltr'><strong>Pelagius</strong></span> <span class='ocrx_word' id='word_1_439' title='bbox 727 3192 851 3263; x_wconf 91' lang='lat' dir='ltr'><strong>moritur,</strong></span> <span class='ocrx_word' id='word_1_440' title='bbox 883 3193 984 3251; x_wconf 91' lang='lat' dir='ltr'><strong>deinde</strong></span> <span class='ocrx_word' id='word_1_441' title='bbox 1039 3194 1235 3269; x_wconf 89' lang='lat' dir='ltr'><strong>perlocanon</strong></span> <span class='ocrx_word' id='word_1_442' title='bbox 1250 3194 1439 3260; x_wconf 76' lang='lat' dir='ltr'><strong>subverteret,</strong></span> <span class='ocrx_word' id='word_1_443' title='bbox 1465 3193 1514 3250; x_wconf 91' lang='lat' dir='ltr'><strong>sed</strong></span> <span class='ocrx_word' id='word_1_444' title='bbox 1530 3194 1594 3267; x_wconf 89' lang='lat' dir='ltr'><strong>quia</strong></span> <span class='ocrx_word' id='word_1_445' title='bbox 1616 3208 1671 3250; x_wconf 91' lang='lat' dir='ltr'><strong>non</strong></span> <span class='ocrx_word' id='word_1_446' title='bbox 1696 3192 1751 3249; x_wconf 91' lang='lat' dir='ltr'><strong>nisi</strong></span> <span class='ocrx_word' id='word_1_447' title='bbox 1775 3208 1847 3249; x_wconf 90' lang='lat' dir='ltr'><strong>unus</strong></span> 
     </span>
     <span class='ocr_line' id='line_1_35' title="bbox 82 3280 1841 3363; baseline -0.004 -18"><span class='ocrx_word' id='word_1_448' title='bbox 82 3294 87 3313; x_wconf 80' lang='lat'><strong>¹</strong></span> <span class='ocrx_word' id='word_1_449' title='bbox 174 3286 296 3363; x_wconf 89' lang='lat' dir='ltr'><strong>populus</strong></span> <span class='ocrx_word' id='word_1_450' title='bbox 312 3286 450 3343; x_wconf 84' lang='lat' dir='ltr'><strong>Romanus</strong></span> <span class='ocrx_word' id='word_1_451' title='bbox 464 3298 536 3356; x_wconf 89' lang='lat' dir='ltr'><strong>pene</strong></span> <span class='ocrx_word' id='word_1_452' title='bbox 552 3289 625 3339; x_wconf 90' lang='lat' dir='ltr'><strong>totus</strong></span> <span class='ocrx_word' id='word_1_453' title='bbox 646 3281 737 3338; x_wconf 91' lang='lat' dir='ltr'><strong>subita</strong></span> <span class='ocrx_word' id='word_1_454' title='bbox 755 3290 844 3339; x_wconf 92' lang='lat' dir='ltr'><strong>morte</strong></span> <span class='ocrx_word' id='word_1_455' title='bbox 870 3280 903 3355; x_wconf 77' lang='lat' dir='ltr'><strong>(b</strong></span> <span class='ocrx_word' id='word_1_456' title='bbox 919 3283 984 3355; x_wconf 75' lang='lat' dir='ltr'><strong>tta)</strong></span> <span class='ocrx_word' id='word_1_457' title='bbox 1036 3285 1126 3356; x_wconf 74' lang='lat' dir='ltr'><strong>iustus</strong></span> <span class='ocrx_word' id='word_1_458' title='bbox 1150 3292 1190 3341; x_wconf 88' lang='grc' dir='ltr'><strong>εει</strong></span> <span class='ocrx_word' id='word_1_459' title='bbox 1218 3284 1355 3353; x_wconf 84' lang='lat' dir='ltr'><strong>inventus,</strong></span> <span class='ocrx_word' id='word_1_460' title='bbox 1387 3284 1432 3342; x_wconf 87' lang='lat' dir='ltr'><strong>hic</strong></span> <span class='ocrx_word' id='word_1_461' title='bbox 1461 3284 1535 3340; x_wconf 91' lang='lat' dir='ltr'><strong>solus</strong></span> <span class='ocrx_word' id='word_1_462' title='bbox 1564 3289 1607 3341; x_wconf 91' lang='lat' dir='ltr'><strong>est</strong></span> <span class='ocrx_word' id='word_1_463' title='bbox 1630 3290 1740 3356; x_wconf 87' lang='lat' dir='ltr'><strong>ereptus</strong></span> <span class='ocrx_word' id='word_1_464' title='bbox 1756 3282 1841 3357; x_wconf 78' lang='lat' dir='ltr'><strong>(Gerr.</strong></span> 
     </span>
     <span class='ocr_line' id='line_1_36' title="bbox 132 3371 1847 3449; baseline 0.001 -22"><span class='ocrx_word' id='word_1_465' title='bbox 132 3416 138 3427; x_wconf 78' lang='grc'>,</span> <span class='ocrx_word' id='word_1_466' title='bbox 176 3374 357 3434; x_wconf 84' lang='grc' dir='ltr'>εοτειιτττίιττ.</span> <span class='ocrx_word' id='word_1_467' title='bbox 374 3372 531 3449; x_wconf 88' lang='lat' dir='ltr'><strong>Gregorius</strong></span> <span class='ocrx_word' id='word_1_468' title='bbox 546 3371 636 3446; x_wconf 85' lang='lat' dir='ltr'><strong>itaque</strong></span> <span class='ocrx_word' id='word_1_469' title='bbox 651 3371 799 3445; x_wconf 87' lang='lat' dir='ltr'><strong>episcopus</strong></span> <span class='ocrx_word' id='word_1_470' title='bbox 819 3371 925 3429; x_wconf 80' lang='lat' dir='ltr'><strong>leuatur</strong></span> <span class='ocrx_word' id='word_1_471' title='bbox 938 3371 986 3447; x_wconf 89' lang='lat' dir='ltr'><strong>qui</strong></span> <span class='ocrx_word' id='word_1_472' title='bbox 1039 3374 1133 3447; x_wconf 79' lang='lat' dir='ltr'><strong>xmo).</strong></span> <span class='ocrx_word' id='word_1_473' title='bbox 1147 3374 1303 3447; x_wconf 86' lang='lat' dir='ltr'><strong>Pentapolis</strong></span> <span class='ocrx_word' id='word_1_474' title='bbox 1317 3388 1385 3431; x_wconf 90' lang='grc' dir='ltr'>τετο</span> <span class='ocrx_word' id='word_1_475' title='bbox 1399 3390 1461 3431; x_wconf 90' lang='lat' dir='ltr'><strong>cum</strong></span> <span class='ocrx_word' id='word_1_476' title='bbox 1475 3372 1575 3446; x_wconf 91' lang='lat' dir='ltr'><strong>populo</strong></span> <span class='ocrx_word' id='word_1_477' title='bbox 1589 3372 1656 3446; x_wconf 86' lang='lat' dir='ltr'><strong>igue</strong></span> <span class='ocrx_word' id='word_1_478' title='bbox 1666 3380 1694 3429; x_wconf 93' lang='grc' dir='ltr'><strong>ει</strong></span> <span class='ocrx_word' id='word_1_479' title='bbox 1710 3372 1847 3445; x_wconf 86' lang='lat' dir='ltr'><strong>sulphure</strong></span> 
     </span>
     <span class='ocr_line' id='line_1_37' title="bbox 174 3460 1851 3540; baseline -0.003 -18"><span class='ocrx_word' id='word_1_480' title='bbox 174 3464 308 3540; x_wconf 91' lang='lat' dir='ltr'><strong>populum</strong></span> <span class='ocrx_word' id='word_1_481' title='bbox 319 3464 468 3536; x_wconf 81' lang='lat' dir='ltr'><strong>jejumare,</strong></span> <span class='ocrx_word' id='word_1_482' title='bbox 485 3476 583 3520; x_wconf 83' lang='lat' dir='ltr'><strong>cruces</strong></span> <span class='ocrx_word' id='word_1_483' title='bbox 594 3469 708 3535; x_wconf 90' lang='lat' dir='ltr'><strong>portare</strong></span> <span class='ocrx_word' id='word_1_484' title='bbox 718 3468 745 3518; x_wconf 92' lang='lat' dir='ltr'><strong>et</strong></span> <span class='ocrx_word' id='word_1_485' title='bbox 755 3476 835 3519; x_wconf 87' lang='lat' dir='ltr'><strong>orare</strong></span> <span class='ocrx_word' id='word_1_486' title='bbox 849 3462 983 3520; x_wconf 89' lang='lat' dir='ltr'><strong>hortatur.</strong></span> <span class='ocrx_word' id='word_1_487' title='bbox 1043 3463 1217 3532; x_wconf 88' lang='lat' dir='ltr'><strong>subvertitur,</strong></span> <span class='ocrx_word' id='word_1_488' title='bbox 1246 3472 1275 3520; x_wconf 90' lang='lat' dir='ltr'><strong>at</strong></span> <span class='ocrx_word' id='word_1_489' title='bbox 1299 3479 1367 3520; x_wconf 82' lang='lat' dir='ltr'><strong>uxor</strong></span> <span class='ocrx_word' id='word_1_490' title='bbox 1391 3463 1458 3535; x_wconf 87' lang='lat' dir='ltr'><strong>justi</strong></span> <span class='ocrx_word' id='word_1_491' title='bbox 1487 3479 1548 3536; x_wconf 85' lang='lat' dir='ltr'><strong>quaa</strong></span> <span class='ocrx_word' id='word_1_492' title='bbox 1576 3478 1639 3519; x_wconf 88' lang='lat' dir='ltr'><strong>enm</strong></span> <span class='ocrx_word' id='word_1_493' title='bbox 1666 3460 1851 3535; x_wconf 88' lang='lat' dir='ltr'><strong>corporaliter</strong></span> 
     </span>
     <span class='ocr_line' id='line_1_38' title="bbox 166 3550 1848 3636; baseline -0.002 -25"><span class='ocrx_word' id='word_1_494' title='bbox 166 3553 259 3636; x_wconf 32' lang='lat' dir='ltr'><strong>‘Quod</strong></span> <span class='ocrx_word' id='word_1_495' title='bbox 271 3554 337 3611; x_wconf 90' lang='lat' dir='ltr'><strong>dum</strong></span> <span class='ocrx_word' id='word_1_496' title='bbox 351 3553 450 3610; x_wconf 77' lang='lat' dir='ltr'><strong>devote</strong></span> <span class='ocrx_word' id='word_1_497' title='bbox 466 3559 614 3626; x_wconf 89' lang='lat' dir='ltr'><strong>peragunt,</strong></span> <span class='ocrx_word' id='word_1_498' title='bbox 624 3550 709 3626; x_wconf 88' lang='lat' dir='ltr'><strong>plaga</strong></span> <span class='ocrx_word' id='word_1_499' title='bbox 723 3560 814 3608; x_wconf 89' lang='lat' dir='ltr'><strong>cessat</strong></span> <span class='ocrx_word' id='word_1_500' title='bbox 829 3560 856 3609; x_wconf 92' lang='lat' dir='ltr'><strong>et</strong></span> <span class='ocrx_word' id='word_1_501' title='bbox 869 3552 985 3625; x_wconf 90' lang='lat' dir='ltr'><strong>populns</strong></span> <span class='ocrx_word' id='word_1_502' title='bbox 1039 3560 1143 3610; x_wconf 90' lang='lat' dir='ltr'><strong>tantum</strong></span> <span class='ocrx_word' id='word_1_503' title='bbox 1170 3553 1336 3620; x_wconf 89' lang='lat' dir='ltr'><strong>comitatur,</strong></span> <span class='ocrx_word' id='word_1_504' title='bbox 1368 3566 1431 3610; x_wconf 86' lang='lat' dir='ltr'><strong>cum</strong></span> <span class='ocrx_word' id='word_1_505' title='bbox 1462 3552 1588 3609; x_wconf 91' lang='lat' dir='ltr'><strong>Sodomis</strong></span> <span class='ocrx_word' id='word_1_506' title='bbox 1625 3558 1715 3607; x_wconf 89' lang='lat' dir='ltr'><strong>autern</strong></span> <span class='ocrx_word' id='word_1_507' title='bbox 1754 3558 1848 3607; x_wconf 87' lang='lat' dir='ltr'><strong>menta</strong></span> 
     </span>
     <span class='ocr_line' id='line_1_39' title="bbox 176 3638 1844 3721; baseline -0.004 -20"><span class='ocrx_word' id='word_1_508' title='bbox 176 3659 248 3721; x_wconf 88' lang='lat' dir='ltr'><strong>pace</strong></span> <span class='ocrx_word' id='word_1_509' title='bbox 263 3643 314 3701; x_wconf 81' lang='lat' dir='ltr'><strong>Dei</strong></span> <span class='ocrx_word' id='word_1_510' title='bbox 328 3641 443 3700; x_wconf 86' lang='lat' dir='ltr'><strong>exultat.</strong></span> <span class='ocrx_word' id='word_1_511' title='bbox 464 3640 543 3699; x_wconf 87' lang='lat' dir='ltr'><strong>Unde</strong></span> <span class='ocrx_word' id='word_1_512' title='bbox 558 3648 686 3697; x_wconf 87' lang='lat' dir='ltr'><strong>statutum</strong></span> <span class='ocrx_word' id='word_1_513' title='bbox 701 3648 742 3697; x_wconf 93' lang='lat' dir='ltr'><strong>est</strong></span> <span class='ocrx_word' id='word_1_514' title='bbox 757 3650 787 3697; x_wconf 90' lang='lat' dir='ltr'><strong>ut</strong></span> <span class='ocrx_word' id='word_1_515' title='bbox 807 3642 905 3698; x_wconf 87' lang='lat' dir='ltr'><strong>eadem</strong></span> <span class='ocrx_word' id='word_1_516' title='bbox 925 3642 986 3699; x_wconf 87' lang='lat' dir='ltr'><strong>dies</strong></span> <span class='ocrx_word' id='word_1_517' title='bbox 1039 3649 1169 3708; x_wconf 82' lang='lat' dir='ltr'><strong>moratur,</strong></span> <span class='ocrx_word' id='word_1_518' title='bbox 1194 3642 1220 3698; x_wconf 91' lang='lat' dir='ltr'><strong>in</strong></span> <span class='ocrx_word' id='word_1_519' title='bbox 1244 3650 1361 3698; x_wconf 88' lang='lat' dir='ltr'><strong>statuam</strong></span> <span class='ocrx_word' id='word_1_520' title='bbox 1386 3642 1452 3699; x_wconf 90' lang='lat' dir='ltr'><strong>salis</strong></span> <span class='ocrx_word' id='word_1_521' title='bbox 1478 3640 1645 3700; x_wconf 82' lang='lat' dir='ltr'><strong>conuertitur</strong></span> <span class='ocrx_word' id='word_1_522' title='bbox 1666 3638 1748 3709; x_wconf 81' lang='lat' dir='ltr'><strong>(Gen.</strong></span> <span class='ocrx_word' id='word_1_523' title='bbox 1768 3641 1844 3708; x_wconf 82' lang='lat' dir='ltr'><strong>xlx).</strong></span> 
     </span>
     <span class='ocr_line' id='line_1_40' title="bbox 180 3726 1850 3805; baseline -0.001 -19"><span class='ocrx_word' id='word_1_524' title='bbox 180 3730 320 3787; x_wconf 89' lang='lat' dir='ltr'><strong>annuatim</strong></span> <span class='ocrx_word' id='word_1_525' title='bbox 333 3729 363 3785; x_wconf 90' lang='lat' dir='ltr'><strong>iu</strong></span> <span class='ocrx_word' id='word_1_526' title='bbox 379 3728 501 3786; x_wconf 78' lang='lat' dir='ltr'><strong>Ecclesia</strong></span> <span class='ocrx_word' id='word_1_527' title='bbox 515 3734 613 3801; x_wconf 84' lang='lat' dir='ltr'><strong>agatur</strong></span> <span class='ocrx_word' id='word_1_528' title='bbox 628 3741 689 3784; x_wconf 88' lang='lat' dir='ltr'><strong>cum</strong></span> <span class='ocrx_word' id='word_1_529' title='bbox 707 3726 871 3798; x_wconf 77' lang='lat' dir='ltr'><strong>Jejuniomm</strong></span> <span class='ocrx_word' id='word_1_530' title='bbox 893 3734 922 3785; x_wconf 88' lang='lat' dir='ltr'><strong>el</strong></span> <span class='ocrx_word' id='word_1_531' title='bbox 944 3728 986 3784; x_wconf 93' lang='lat' dir='ltr'><strong>le·</strong></span> <span class='ocrx_word' id='word_1_532' title='bbox 1040 3732 1111 3789; x_wconf 89' lang='lat' dir='ltr'><strong>lliue</strong></span> <span class='ocrx_word' id='word_1_533' title='bbox 1125 3731 1205 3787; x_wconf 89' lang='lat' dir='ltr'><strong>datur</strong></span> <span class='ocrx_word' id='word_1_534' title='bbox 1227 3730 1350 3803; x_wconf 89' lang='lat' dir='ltr'><strong>intellegi</strong></span> <span class='ocrx_word' id='word_1_535' title='bbox 1372 3734 1449 3805; x_wconf 89' lang='lat' dir='ltr'><strong>quod</strong></span> <span class='ocrx_word' id='word_1_536' title='bbox 1468 3730 1602 3801; x_wconf 84' lang='lat' dir='ltr'><strong>justorum</strong></span> <span class='ocrx_word' id='word_1_537' title='bbox 1624 3728 1791 3787; x_wconf 86' lang='lat' dir='ltr'><strong>cohabitatio</strong></span> <span class='ocrx_word' id='word_1_538' title='bbox 1806 3737 1850 3785; x_wconf 89' lang='lat' dir='ltr'><strong>est</strong></span> 
     </span>
     <span class='ocr_line' id='line_1_41' title="bbox 177 3816 1844 3895; baseline -0.003 -16"><span class='ocrx_word' id='word_1_539' title='bbox 177 3817 313 3879; x_wconf 74' lang='lat' dir='ltr'><strong>laniarunt</strong></span> <span class='ocrx_word' id='word_1_540' title='bbox 326 3817 522 3885; x_wconf 88' lang='lat' dir='ltr'><strong>celebratione,</strong></span> <span class='ocrx_word' id='word_1_541' title='bbox 538 3824 673 3891; x_wconf 87' lang='lat' dir='ltr'><strong>quatenus</strong></span> <span class='ocrx_word' id='word_1_542' title='bbox 698 3831 749 3873; x_wconf 90' lang='lat' dir='ltr'><strong>nos</strong></span> <span class='ocrx_word' id='word_1_543' title='bbox 773 3818 852 3873; x_wconf 85' lang='lat' dir='ltr'><strong>Deus</strong></span> <span class='ocrx_word' id='word_1_544' title='bbox 876 3825 902 3874; x_wconf 91' lang='lat' dir='ltr'><strong>et</strong></span> <span class='ocrx_word' id='word_1_545' title='bbox 924 3816 987 3873; x_wconf 90' lang='lat' dir='ltr'><strong>aui·</strong></span> <span class='ocrx_word' id='word_1_546' title='bbox 1039 3836 1188 3895; x_wconf 83' lang='lat' dir='ltr'><strong>pravarum</strong></span> <span class='ocrx_word' id='word_1_547' title='bbox 1202 3820 1230 3875; x_wconf 93' lang='lat' dir='ltr'><strong>in</strong></span> <span class='ocrx_word' id='word_1_548' title='bbox 1244 3821 1296 3877; x_wconf 89' lang='lat' dir='ltr'><strong>hac</strong></span> <span class='ocrx_word' id='word_1_549' title='bbox 1313 3820 1367 3877; x_wconf 87' lang='lat' dir='ltr'><strong>vita</strong></span> <span class='ocrx_word' id='word_1_550' title='bbox 1382 3818 1554 3890; x_wconf 85' lang='lat' dir='ltr'><strong>sustentatio,</strong></span> <span class='ocrx_word' id='word_1_551' title='bbox 1577 3818 1640 3874; x_wconf 93' lang='lat' dir='ltr'><strong>dum</strong></span> <span class='ocrx_word' id='word_1_552' title='bbox 1660 3834 1709 3891; x_wconf 90' lang='lat' dir='ltr'><strong>per</strong></span> <span class='ocrx_word' id='word_1_553' title='bbox 1733 3816 1844 3874; x_wconf 90' lang='lat' dir='ltr'><strong>illorum</strong></span> 
     </span>
     <span class='ocr_line' id='line_1_42' title="bbox 176 3899 1848 3979; baseline -0.002 -12"><span class='ocrx_word' id='word_1_554' title='bbox 176 3910 262 3967; x_wconf 88' lang='lat' dir='ltr'><strong>malla</strong></span> <span class='ocrx_word' id='word_1_555' title='bbox 275 3917 370 3966; x_wconf 91' lang='lat' dir='ltr'><strong>nostra</strong></span> <span class='ocrx_word' id='word_1_556' title='bbox 384 3899 553 3966; x_wconf 76' lang='lat' dir='ltr'><strong>custodiata‘</strong></span> <span class='ocrx_word' id='word_1_557' title='bbox 574 3904 749 3963; x_wconf 85' lang='lat' dir='ltr'><strong>mortalitate.</strong></span> <span class='ocrx_word' id='word_1_558' title='bbox 765 3906 801 3963; x_wconf 83' lang='lat' dir='ltr'><strong>El</strong></span> <span class='ocrx_word' id='word_1_559' title='bbox 825 3906 890 3979; x_wconf 90' lang='lat' dir='ltr'><strong>qnia</strong></span> <span class='ocrx_word' id='word_1_560' title='bbox 911 3922 985 3979; x_wconf 78' lang='lat' dir='ltr'><strong>sape</strong></span> <span class='ocrx_word' id='word_1_561' title='bbox 1041 3909 1181 3966; x_wconf 88' lang='lat' dir='ltr'><strong>orationes</strong></span> <span class='ocrx_word' id='word_1_562' title='bbox 1195 3909 1267 3966; x_wconf 91' lang='lat' dir='ltr'><strong>ultra</strong></span> <span class='ocrx_word' id='word_1_563' title='bbox 1284 3908 1378 3966; x_wconf 86' lang='lat' dir='ltr'><strong>deutra</strong></span> <span class='ocrx_word' id='word_1_564' title='bbox 1405 3908 1521 3964; x_wconf 89' lang='lat' dir='ltr'><strong>libratur</strong></span> <span class='ocrx_word' id='word_1_565' title='bbox 1544 3922 1578 3965; x_wconf 88' lang='lat' dir='ltr'><strong>ne</strong></span> <span class='ocrx_word' id='word_1_566' title='bbox 1606 3922 1700 3963; x_wconf 90' lang='lat' dir='ltr'><strong>eorum</strong></span> <span class='ocrx_word' id='word_1_567' title='bbox 1723 3904 1848 3979; x_wconf 79' lang='lat' dir='ltr'><strong>prauitas</strong></span> 
     </span>
     <span class='ocr_line' id='line_1_43' title="bbox 179 3988 1844 4072; baseline -0.003 -17"><span class='ocrx_word' id='word_1_568' title='bbox 179 3988 235 4057; x_wconf 87' lang='lat' dir='ltr'><strong>hoc</strong></span> <span class='ocrx_word' id='word_1_569' title='bbox 250 4005 372 4072; x_wconf 90' lang='lat' dir='ltr'><strong>tempore</strong></span> <span class='ocrx_word' id='word_1_570' title='bbox 388 4012 422 4053; x_wconf 81' lang='lat' dir='ltr'><strong>ex</strong></span> <span class='ocrx_word' id='word_1_571' title='bbox 436 3995 610 4053; x_wconf 89' lang='lat' dir='ltr'><strong>inelementia</strong></span> <span class='ocrx_word' id='word_1_572' title='bbox 623 3994 898 4052; x_wconf 87' lang='lat' dir='ltr'><strong>aerissoleterenire</strong></span> <span class='ocrx_word' id='word_1_573' title='bbox 913 3996 986 4070; x_wconf 90' lang='lat' dir='ltr'><strong>quod</strong></span> <span class='ocrx_word' id='word_1_574' title='bbox 1040 4005 1067 4055; x_wconf 92' lang='lat' dir='ltr'><strong>ut</strong></span> <span class='ocrx_word' id='word_1_575' title='bbox 1095 4006 1217 4055; x_wconf 87' lang='lat' dir='ltr'><strong>meretur</strong></span> <span class='ocrx_word' id='word_1_576' title='bbox 1243 3998 1332 4056; x_wconf 89' lang='lat' dir='ltr'><strong>subito</strong></span> <span class='ocrx_word' id='word_1_577' title='bbox 1360 3997 1389 4053; x_wconf 93' lang='lat' dir='ltr'><strong>iu</strong></span> <span class='ocrx_word' id='word_1_578' title='bbox 1417 3996 1597 4071; x_wconf 88' lang='lat' dir='ltr'><strong>perditionem</strong></span> <span class='ocrx_word' id='word_1_579' title='bbox 1627 3996 1844 4069; x_wconf 86' lang='lat' dir='ltr'><strong>submergatur;</strong></span> 
     </span>
     <span class='ocr_line' id='line_1_44' title="bbox 176 4079 1847 4159; baseline -0.001 -17"><span class='ocrx_word' id='word_1_580' title='bbox 176 4084 253 4155; x_wconf 77' lang='lat' dir='ltr'><strong>iacta</strong></span> <span class='ocrx_word' id='word_1_581' title='bbox 269 4082 375 4140; x_wconf 90' lang='lat' dir='ltr'><strong>semina</strong></span> <span class='ocrx_word' id='word_1_582' title='bbox 389 4082 485 4138; x_wconf 86' lang='lat' dir='ltr'><strong>usibus</strong></span> <span class='ocrx_word' id='word_1_583' title='bbox 502 4079 607 4137; x_wconf 85' lang='lat' dir='ltr'><strong>uostris</strong></span> <span class='ocrx_word' id='word_1_584' title='bbox 621 4087 736 4151; x_wconf 89' lang='lat' dir='ltr'><strong>possunt</strong></span> <span class='ocrx_word' id='word_1_585' title='bbox 746 4080 881 4153; x_wconf 87' lang='lat' dir='ltr'><strong>deperire,</strong></span> <span class='ocrx_word' id='word_1_586' title='bbox 893 4081 987 4139; x_wconf 91' lang='lat' dir='ltr'><strong>decre·</strong></span> <span class='ocrx_word' id='word_1_587' title='bbox 1043 4103 1104 4145; x_wconf 90' lang='lat' dir='ltr'><strong>cuur</strong></span> <span class='ocrx_word' id='word_1_588' title='bbox 1118 4088 1262 4157; x_wconf 75' lang='lat' dir='ltr'><strong>semiusti</strong></span> <span class='ocrx_word' id='word_1_589' title='bbox 1276 4086 1403 4144; x_wconf 90' lang='lat' dir='ltr'><strong>tolluntur</strong></span> <span class='ocrx_word' id='word_1_590' title='bbox 1417 4102 1479 4143; x_wconf 86' lang='lat' dir='ltr'><strong>mox</strong></span> <span class='ocrx_word' id='word_1_591' title='bbox 1496 4084 1572 4159; x_wconf 89' lang='lat' dir='ltr'><strong>impii</strong></span> <span class='ocrx_word' id='word_1_592' title='bbox 1586 4086 1623 4143; x_wconf 87' lang='lat' dir='ltr'><strong>ad</strong></span> <span class='ocrx_word' id='word_1_593' title='bbox 1645 4090 1785 4143; x_wconf 89' lang='lat' dir='ltr'><strong>tormenta</strong></span> <span class='ocrx_word' id='word_1_594' title='bbox 1800 4100 1847 4141; x_wconf 93' lang='lat' dir='ltr'><strong>ra·</strong></span> 
     </span>
     <span class='ocr_line' id='line_1_45' title="bbox 181 4170 1848 4251; baseline 0 -20"><span class='ocrx_word' id='word_1_595' title='bbox 181 4179 240 4231; x_wconf 88' lang='lat' dir='ltr'><strong>lum</strong></span> <span class='ocrx_word' id='word_1_596' title='bbox 256 4181 297 4229; x_wconf 89' lang='lat' dir='ltr'><strong>est</strong></span> <span class='ocrx_word' id='word_1_597' title='bbox 312 4180 341 4228; x_wconf 91' lang='lat' dir='ltr'><strong>ut</strong></span> <span class='ocrx_word' id='word_1_598' title='bbox 355 4171 402 4228; x_wconf 92' lang='lat' dir='ltr'><strong>isti</strong></span> <span class='ocrx_word' id='word_1_599' title='bbox 416 4172 476 4228; x_wconf 90' lang='lat' dir='ltr'><strong>dies</strong></span> <span class='ocrx_word' id='word_1_600' title='bbox 490 4170 588 4227; x_wconf 85' lang='lat' dir='ltr'><strong>eodem</strong></span> <span class='ocrx_word' id='word_1_601' title='bbox 603 4170 667 4239; x_wconf 90' lang='lat' dir='ltr'><strong>ritu,</strong></span> <span class='ocrx_word' id='word_1_602' title='bbox 683 4170 787 4227; x_wconf 89' lang='lat' dir='ltr'><strong>scilicet</strong></span> <span class='ocrx_word' id='word_1_603' title='bbox 801 4185 864 4227; x_wconf 89' lang='lat' dir='ltr'><strong>cum</strong></span> <span class='ocrx_word' id='word_1_604' title='bbox 875 4170 986 4241; x_wconf 79' lang='lat' dir='ltr'><strong>jeiuniis</strong></span> <span class='ocrx_word' id='word_1_605' title='bbox 1040 4178 1160 4249; x_wconf 89' lang='lat' dir='ltr'><strong>piuntur,</strong></span> <span class='ocrx_word' id='word_1_606' title='bbox 1176 4176 1246 4234; x_wconf 89' lang='lat' dir='ltr'><strong>sicut</strong></span> <span class='ocrx_word' id='word_1_607' title='bbox 1273 4176 1390 4233; x_wconf 88' lang='lat' dir='ltr'><strong>Sodoma</strong></span> <span class='ocrx_word' id='word_1_608' title='bbox 1419 4176 1497 4249; x_wconf 89' lang='lat' dir='ltr'><strong>periit</strong></span> <span class='ocrx_word' id='word_1_609' title='bbox 1518 4181 1669 4251; x_wconf 89' lang='lat' dir='ltr'><strong>postquam</strong></span> <span class='ocrx_word' id='word_1_610' title='bbox 1689 4174 1757 4232; x_wconf 88' lang='lat' dir='ltr'><strong>Loth</strong></span> <span class='ocrx_word' id='word_1_611' title='bbox 1780 4173 1848 4231; x_wconf 89' lang='lat' dir='ltr'><strong>inde</strong></span> 
     </span>
     <span class='ocr_line' id='line_1_46' title="bbox 181 4257 1848 4339; baseline 0 -21"><span class='ocrx_word' id='word_1_612' title='bbox 181 4270 208 4321; x_wconf 91' lang='lat' dir='ltr'><strong>et</strong></span> <span class='ocrx_word' id='word_1_613' title='bbox 221 4261 340 4329; x_wconf 89' lang='lat' dir='ltr'><strong>letaniis,</strong></span> <span class='ocrx_word' id='word_1_614' title='bbox 361 4266 528 4334; x_wconf 88' lang='lat' dir='ltr'><strong>peragantur</strong></span> <span class='ocrx_word' id='word_1_615' title='bbox 541 4266 570 4315; x_wconf 91' lang='lat' dir='ltr'><strong>ut</strong></span> <span class='ocrx_word' id='word_1_616' title='bbox 588 4258 669 4315; x_wconf 89' lang='lat' dir='ltr'><strong>tutius</strong></span> <span class='ocrx_word' id='word_1_617' title='bbox 693 4258 758 4315; x_wconf 91' lang='lat' dir='ltr'><strong>anni</strong></span> <span class='ocrx_word' id='word_1_618' title='bbox 776 4257 880 4317; x_wconf 81' lang='lat' dir='ltr'><strong>tructus</strong></span> <span class='ocrx_word' id='word_1_619' title='bbox 904 4260 984 4317; x_wconf 89' lang='lat' dir='ltr'><strong>uobis</strong></span> <span class='ocrx_word' id='word_1_620' title='bbox 1039 4267 1118 4323; x_wconf 83' lang='lat' dir='ltr'><strong>exiit.</strong></span> <span class='ocrx_word' id='word_1_621' title='bbox 1134 4266 1200 4322; x_wconf 86' lang='lat' dir='ltr'><strong>Corn</strong></span> <span class='ocrx_word' id='word_1_622' title='bbox 1215 4266 1332 4339; x_wconf 86' lang='lat' dir='ltr'><strong>populns</strong></span> <span class='ocrx_word' id='word_1_623' title='bbox 1347 4265 1397 4323; x_wconf 83' lang='lat' dir='ltr'><strong>bei</strong></span> <span class='ocrx_word' id='word_1_624' title='bbox 1412 4282 1462 4339; x_wconf 92' lang='lat' dir='ltr'><strong>per</strong></span> <span class='ocrx_word' id='word_1_625' title='bbox 1478 4266 1588 4339; x_wconf 80' lang='lat' dir='ltr'><strong>tloysen</strong></span> <span class='ocrx_word' id='word_1_626' title='bbox 1603 4264 1638 4321; x_wconf 85' lang='lat' dir='ltr'><strong>de</strong></span> <span class='ocrx_word' id='word_1_627' title='bbox 1651 4264 1761 4338; x_wconf 78' lang='lat' dir='ltr'><strong>Egypto</strong></span> <span class='ocrx_word' id='word_1_628' title='bbox 1777 4262 1848 4321; x_wconf 90' lang='lat' dir='ltr'><strong>edu-</strong></span> 
     </span>
    </p>
   </div>
   <div class='ocr_carea' id='block_1_5' title="bbox 181 4347 1850 4495">
    <p class='ocr_par' dir='ltr' id='par_1_6' title="bbox 181 4347 1850 4495">
     <span class='ocr_line' id='line_1_47' title="bbox 181 4347 1849 4426; baseline 0.001 -17"><span class='ocrx_word' id='word_1_629' title='bbox 181 4350 216 4408; x_wconf 88' lang='lat' dir='ltr'><strong>ab</strong></span> <span class='ocrx_word' id='word_1_630' title='bbox 230 4350 307 4407; x_wconf 82' lang='lat' dir='ltr'><strong>omui</strong></span> <span class='ocrx_word' id='word_1_631' title='bbox 319 4348 472 4407; x_wconf 76' lang='lat' dir='ltr'><strong>infortunio</strong></span> <span class='ocrx_word' id='word_1_632' title='bbox 487 4347 690 4406; x_wconf 70' lang='lat' dir='ltr'><strong>custodiantur·</strong></span> <span class='ocrx_word' id='word_1_633' title='bbox 1039 4355 1117 4423; x_wconf 88' lang='lat' dir='ltr'><strong>citur,</strong></span> <span class='ocrx_word' id='word_1_634' title='bbox 1135 4356 1168 4411; x_wconf 90' lang='lat' dir='ltr'><strong>ab</strong></span> <span class='ocrx_word' id='word_1_635' title='bbox 1182 4355 1307 4412; x_wconf 85' lang='lat' dir='ltr'><strong>hostibus</strong></span> <span class='ocrx_word' id='word_1_636' title='bbox 1327 4356 1355 4411; x_wconf 92' lang='lat' dir='ltr'><strong>in</strong></span> <span class='ocrx_word' id='word_1_637' title='bbox 1382 4354 1424 4413; x_wconf 86' lang='lat' dir='ltr'><strong>via</strong></span> <span class='ocrx_word' id='word_1_638' title='bbox 1452 4355 1536 4411; x_wconf 89' lang='lat' dir='ltr'><strong>armis</strong></span> <span class='ocrx_word' id='word_1_639' title='bbox 1564 4352 1716 4410; x_wconf 86' lang='lat' dir='ltr'><strong>invaditur.</strong></span> <span class='ocrx_word' id='word_1_640' title='bbox 1736 4354 1849 4426; x_wconf 76' lang='lat' dir='ltr'><strong>lloyses</strong></span> 
     </span>
     <span class='ocr_line' id='line_1_48' title="bbox 719 4427 1850 4495; baseline -0.003 1"><span class='ocrx_word' id='word_1_641' title='bbox 719 4431 725 4443; x_wconf 89' lang='grc'><strong>’</strong></span> <span class='ocrx_word' id='word_1_642' title='bbox 993 4427 1126 4495; x_wconf 83' lang='lat' dir='ltr'><strong>Dantem</strong></span> <span class='ocrx_word' id='word_1_643' title='bbox 1168 4438 1195 4494; x_wconf 92' lang='lat' dir='ltr'><strong>in</strong></span> <span class='ocrx_word' id='word_1_644' title='bbox 1232 4446 1327 4495; x_wconf 90' lang='lat' dir='ltr'><strong>monte</strong></span> <span class='ocrx_word' id='word_1_645' title='bbox 1364 4438 1485 4495; x_wconf 89' lang='lat' dir='ltr'><strong>extensis</strong></span> <span class='ocrx_word' id='word_1_646' title='bbox 1521 4437 1649 4493; x_wconf 88' lang='lat' dir='ltr'><strong>manibus</strong></span> <span class='ocrx_word' id='word_1_647' title='bbox 1686 4436 1784 4494; x_wconf 90' lang='lat' dir='ltr'><strong>orabat</strong></span> <span class='ocrx_word' id='word_1_648' title='bbox 1821 4444 1850 4493; x_wconf 89' lang='lat' dir='ltr'><strong>el</strong></span> 
     </span>
    </p>
   </div>
   <div class='ocr_carea' id='block_1_6' title="bbox 181 4520 1851 4781">
    <p class='ocr_par' dir='ltr' id='par_1_7' title="bbox 181 4520 1851 4781">
     <span class='ocr_line' id='line_1_49' title="bbox 217 4520 1847 4601; baseline 0 -20"><span class='ocrx_word' id='word_1_649' title='bbox 217 4522 330 4597; x_wconf 87' lang='lat' dir='ltr'><strong>Ulpius</strong></span> <span class='ocrx_word' id='word_1_650' title='bbox 343 4520 477 4578; x_wconf 87' lang='lat' dir='ltr'><strong>Dominus</strong></span> <span class='ocrx_word' id='word_1_651' title='bbox 491 4520 538 4577; x_wconf 89' lang='lat' dir='ltr'><strong>det</strong></span> <span class='ocrx_word' id='word_1_652' title='bbox 551 4521 632 4577; x_wconf 90' lang='lat' dir='ltr'><strong>nobis</strong></span> <span class='ocrx_word' id='word_1_653' title='bbox 656 4520 783 4579; x_wconf 80' lang='lat' dir='ltr'><strong>fiduciam</strong></span> <span class='ocrx_word' id='word_1_654' title='bbox 805 4520 980 4594; x_wconf 89' lang='lat' dir='ltr'><strong>impetrandi,</strong></span> <span class='ocrx_word' id='word_1_655' title='bbox 1038 4528 1127 4585; x_wconf 91' lang='lat' dir='ltr'><strong>lsrael</strong></span> <span class='ocrx_word' id='word_1_656' title='bbox 1146 4528 1241 4585; x_wconf 90' lang='lat' dir='ltr'><strong>hostes</strong></span> <span class='ocrx_word' id='word_1_657' title='bbox 1271 4528 1430 4601; x_wconf 88' lang='lat' dir='ltr'><strong>superabat.</strong></span> <span class='ocrx_word' id='word_1_658' title='bbox 1462 4528 1492 4585; x_wconf 83' lang='lat' dir='ltr'><strong>Si</strong></span> <span class='ocrx_word' id='word_1_659' title='bbox 1518 4540 1584 4587; x_wconf 81' lang='lat' dir='ltr'><strong>vero</strong></span> <span class='ocrx_word' id='word_1_660' title='bbox 1613 4528 1722 4599; x_wconf 75' lang='lat' dir='ltr'><strong>Moyses</strong></span> <span class='ocrx_word' id='word_1_661' title='bbox 1746 4540 1847 4582; x_wconf 89' lang='lat' dir='ltr'><strong>manus</strong></span> 
     </span>
     <span class='ocr_line' id='line_1_50' title="bbox 181 4610 1851 4690; baseline 0 -18"><span class='ocrx_word' id='word_1_662' title='bbox 181 4615 306 4672; x_wconf 89' lang='lat' dir='ltr'><strong>hortatur</strong></span> <span class='ocrx_word' id='word_1_663' title='bbox 320 4625 371 4669; x_wconf 91' lang='lat' dir='ltr'><strong>nos</strong></span> <span class='ocrx_word' id='word_1_664' title='bbox 395 4610 429 4667; x_wconf 88' lang='lat' dir='ltr'><strong>ad</strong></span> <span class='ocrx_word' id='word_1_665' title='bbox 452 4610 573 4668; x_wconf 91' lang='lat' dir='ltr'><strong>studium</strong></span> <span class='ocrx_word' id='word_1_666' title='bbox 592 4610 702 4669; x_wconf 91' lang='lat' dir='ltr'><strong>orandi.</strong></span> <span class='ocrx_word' id='word_1_667' title='bbox 729 4611 830 4670; x_wconf 87' lang='lat' dir='ltr'><strong>Dicens</strong></span> <span class='ocrx_word' id='word_1_668' title='bbox 853 4612 935 4683; x_wconf 87' lang='lat' dir='ltr'><strong>enim,</strong></span> <span class='ocrx_word' id='word_1_669' title='bbox 954 4610 983 4668; x_wconf 90' lang='lat' dir='ltr'><strong>Si</strong></span> <span class='ocrx_word' id='word_1_670' title='bbox 1041 4618 1140 4684; x_wconf 78' lang='lat' dir='ltr'><strong>emisit,</strong></span> <span class='ocrx_word' id='word_1_671' title='bbox 1167 4618 1305 4675; x_wconf 72' lang='lat' dir='ltr'><strong>Amalech</strong></span> <span class='ocrx_word' id='word_1_672' title='bbox 1331 4616 1431 4674; x_wconf 83' lang='lat' dir='ltr'><strong>devicit</strong></span> <span class='ocrx_word' id='word_1_673' title='bbox 1457 4618 1560 4690; x_wconf 71' lang='lat' dir='ltr'><strong>(fiand.</strong></span> <span class='ocrx_word' id='word_1_674' title='bbox 1584 4616 1662 4683; x_wconf 86' lang='lat' dir='ltr'><strong>xro).</strong></span> <span class='ocrx_word' id='word_1_675' title='bbox 1677 4616 1747 4672; x_wconf 86' lang='lat' dir='ltr'><strong>ltine</strong></span> <span class='ocrx_word' id='word_1_676' title='bbox 1773 4622 1851 4687; x_wconf 88' lang='lat' dir='ltr'><strong>patet</strong></span> 
     </span>
     <span class='ocr_line' id='line_1_51' title="bbox 185 4699 1847 4781; baseline -0.001 -21"><span class='ocrx_word' id='word_1_677' title='bbox 185 4702 248 4778; x_wconf 88' lang='lat' dir='ltr'><strong>quis</strong></span> <span class='ocrx_word' id='word_1_678' title='bbox 263 4702 354 4759; x_wconf 90' lang='lat' dir='ltr'><strong>media</strong></span> <span class='ocrx_word' id='word_1_679' title='bbox 369 4708 450 4759; x_wconf 89' lang='lat' dir='ltr'><strong>nocte</strong></span> <span class='ocrx_word' id='word_1_680' title='bbox 463 4716 551 4774; x_wconf 88' lang='lat' dir='ltr'><strong>panes</strong></span> <span class='ocrx_word' id='word_1_681' title='bbox 566 4699 601 4758; x_wconf 86' lang='lat' dir='ltr'><strong>ab</strong></span> <span class='ocrx_word' id='word_1_682' title='bbox 617 4702 707 4759; x_wconf 89' lang='lat' dir='ltr'><strong>amico</strong></span> <span class='ocrx_word' id='word_1_683' title='bbox 720 4710 805 4775; x_wconf 93' lang='lat' dir='ltr'><strong>petat,</strong></span> <span class='ocrx_word' id='word_1_684' title='bbox 831 4718 900 4775; x_wconf 86' lang='lat' dir='ltr'><strong>quos</strong></span> <span class='ocrx_word' id='word_1_685' title='bbox 920 4711 983 4759; x_wconf 87' lang='lat' dir='ltr'><strong>ante</strong></span> <span class='ocrx_word' id='word_1_686' title='bbox 1046 4708 1119 4780; x_wconf 92' lang='lat' dir='ltr'><strong>quod</strong></span> <span class='ocrx_word' id='word_1_687' title='bbox 1133 4708 1179 4763; x_wconf 87' lang='lat' dir='ltr'><strong>ille</strong></span> <span class='ocrx_word' id='word_1_688' title='bbox 1194 4708 1255 4780; x_wconf 85' lang='lat' dir='ltr'><strong>plus</strong></span> <span class='ocrx_word' id='word_1_689' title='bbox 1270 4706 1326 4781; x_wconf 89' lang='lat' dir='ltr'><strong>egit</strong></span> <span class='ocrx_word' id='word_1_690' title='bbox 1350 4706 1477 4778; x_wconf 86' lang='lat' dir='ltr'><strong>precibus</strong></span> <span class='ocrx_word' id='word_1_691' title='bbox 1502 4721 1584 4779; x_wconf 88' lang='lat' dir='ltr'><strong>quam</strong></span> <span class='ocrx_word' id='word_1_692' title='bbox 1605 4704 1722 4779; x_wconf 88' lang='lat' dir='ltr'><strong>populus</strong></span> <span class='ocrx_word' id='word_1_693' title='bbox 1741 4706 1847 4781; x_wconf 81' lang='lat' dir='ltr'><strong>armis;</strong></span> 
     </span>
    </p>
   </div>
   <div class='ocr_carea' id='block_1_7' title="bbox 98 4790 988 5757">
    <p class='ocr_par' dir='ltr' id='par_1_8' title="bbox 98 4790 988 5757">
     <span class='ocr_line' id='line_1_52' title="bbox 186 4790 985 4863; baseline -0.005 -11"><span class='ocrx_word' id='word_1_694' title='bbox 186 4794 305 4852; x_wconf 87' lang='lat' dir='ltr'><strong>amicum</strong></span> <span class='ocrx_word' id='word_1_695' title='bbox 321 4807 401 4848; x_wconf 87' lang='lat' dir='ltr'><strong>suum</strong></span> <span class='ocrx_word' id='word_1_696' title='bbox 415 4791 451 4848; x_wconf 90' lang='lat' dir='ltr'><strong>de</strong></span> <span class='ocrx_word' id='word_1_697' title='bbox 466 4791 511 4849; x_wconf 86' lang='lat' dir='ltr'><strong>via</strong></span> <span class='ocrx_word' id='word_1_698' title='bbox 526 4790 680 4848; x_wconf 80' lang='lat' dir='ltr'><strong>seuientem</strong></span> <span class='ocrx_word' id='word_1_699' title='bbox 691 4799 784 4863; x_wconf 91' lang='lat' dir='ltr'><strong>ponat,</strong></span> <span class='ocrx_word' id='word_1_700' title='bbox 797 4790 819 4845; x_wconf 93' lang='lat' dir='ltr'><strong>si</strong></span> <span class='ocrx_word' id='word_1_701' title='bbox 833 4790 859 4847; x_wconf 91' lang='lat' dir='ltr'><strong>ei</strong></span> <span class='ocrx_word' id='word_1_702' title='bbox 872 4799 985 4863; x_wconf 88' lang='lat' dir='ltr'><strong>propter</strong></span> 
     </span>
     <span class='ocr_line' id='line_1_53' title="bbox 184 4879 985 4952; baseline -0.006 -11"><span class='ocrx_word' id='word_1_703' title='bbox 184 4881 331 4941; x_wconf 87' lang='lat' dir='ltr'><strong>amicitiam</strong></span> <span class='ocrx_word' id='word_1_704' title='bbox 351 4897 406 4938; x_wconf 91' lang='lat' dir='ltr'><strong>non</strong></span> <span class='ocrx_word' id='word_1_705' title='bbox 435 4880 545 4945; x_wconf 90' lang='lat' dir='ltr'><strong>tribuat,</strong></span> <span class='ocrx_word' id='word_1_706' title='bbox 565 4887 681 4952; x_wconf 92' lang='lat' dir='ltr'><strong>propter</strong></span> <span class='ocrx_word' id='word_1_707' title='bbox 703 4879 903 4952; x_wconf 88' lang='lat' dir='ltr'><strong>improbitatem</strong></span> <span class='ocrx_word' id='word_1_708' title='bbox 924 4881 985 4952; x_wconf 86' lang='lat' dir='ltr'><strong>ejus</strong></span> 
     </span>
     <span class='ocr_line' id='line_1_54' title="bbox 183 4968 987 5047; baseline -0.006 -18"><span class='ocrx_word' id='word_1_709' title='bbox 183 4988 245 5047; x_wconf 82' lang='lat' dir='ltr'><strong>quta</strong></span> <span class='ocrx_word' id='word_1_710' title='bbox 257 4971 348 5045; x_wconf 88' lang='lat' dir='ltr'><strong>poscit</strong></span> <span class='ocrx_word' id='word_1_711' title='bbox 362 4970 490 5027; x_wconf 85' lang='lat' dir='ltr'><strong>exhibeat</strong></span> <span class='ocrx_word' id='word_1_712' title='bbox 504 4970 585 5042; x_wconf 83' lang='lat' dir='ltr'><strong>(luc.</strong></span> <span class='ocrx_word' id='word_1_713' title='bbox 599 4972 652 5041; x_wconf 80' lang='grc' dir='ltr'>τι).</span> <span class='ocrx_word' id='word_1_714' title='bbox 671 4968 782 5025; x_wconf 80' lang='lat' dir='ltr'><strong>Amicus</strong></span> <span class='ocrx_word' id='word_1_715' title='bbox 797 4968 842 5025; x_wconf 90' lang='lat' dir='ltr'><strong>hic</strong></span> <span class='ocrx_word' id='word_1_716' title='bbox 856 4977 898 5024; x_wconf 87' lang='lat' dir='ltr'><strong>est</strong></span> <span class='ocrx_word' id='word_1_717' title='bbox 912 4969 987 5026; x_wconf 85' lang='lat' dir='ltr'><strong>Deus</strong></span> 
     </span>
     <span class='ocr_line' id='line_1_55' title="bbox 183 5055 988 5137; baseline -0.007 -17"><span class='ocrx_word' id='word_1_718' title='bbox 183 5061 229 5137; x_wconf 86' lang='lat' dir='ltr'><strong>qui</strong></span> <span class='ocrx_word' id='word_1_719' title='bbox 244 5076 296 5117; x_wconf 91' lang='lat' dir='ltr'><strong>uos</strong></span> <span class='ocrx_word' id='word_1_720' title='bbox 310 5058 405 5117; x_wconf 85' lang='lat' dir='ltr'><strong>dilexit</strong></span> <span class='ocrx_word' id='word_1_721' title='bbox 418 5067 445 5114; x_wconf 90' lang='lat' dir='ltr'><strong>et</strong></span> <span class='ocrx_word' id='word_1_722' title='bbox 460 5056 638 5133; x_wconf 89' lang='lat' dir='ltr'><strong>Unigenitum</strong></span> <span class='ocrx_word' id='word_1_723' title='bbox 654 5073 735 5113; x_wconf 89' lang='lat' dir='ltr'><strong>snum</strong></span> <span class='ocrx_word' id='word_1_724' title='bbox 750 5055 892 5129; x_wconf 89' lang='lat' dir='ltr'><strong>pronubis</strong></span> <span class='ocrx_word' id='word_1_725' title='bbox 903 5058 988 5114; x_wconf 88' lang='lat' dir='ltr'><strong>tradi·</strong></span> 
     </span>
     <span class='ocr_line' id='line_1_56' title="bbox 98 5143 987 5231; baseline -0.006 -22"><span class='ocrx_word' id='word_1_726' title='bbox 98 5220 105 5231; x_wconf 31' lang='grc' dir='ltr'><strong><em>Ι</em></strong></span> <span class='ocrx_word' id='word_1_727' title='bbox 181 5150 240 5220; x_wconf 92' lang='lat' dir='ltr'><strong>dit·,</strong></span> <span class='ocrx_word' id='word_1_728' title='bbox 256 5149 355 5207; x_wconf 90' lang='lat' dir='ltr'><strong>abhoc</strong></span> <span class='ocrx_word' id='word_1_729' title='bbox 371 5146 462 5205; x_wconf 91' lang='lat' dir='ltr'><strong>media</strong></span> <span class='ocrx_word' id='word_1_730' title='bbox 473 5154 552 5204; x_wconf 86' lang='lat' dir='ltr'><strong>nocte</strong></span> <span class='ocrx_word' id='word_1_731' title='bbox 567 5161 668 5218; x_wconf 88' lang='lat' dir='ltr'><strong>panem</strong></span> <span class='ocrx_word' id='word_1_732' title='bbox 685 5148 803 5217; x_wconf 86' lang='lat' dir='ltr'><strong>petimus</strong></span> <span class='ocrx_word' id='word_1_733' title='bbox 816 5143 881 5201; x_wconf 89' lang='lat' dir='ltr'><strong>dum</strong></span> <span class='ocrx_word' id='word_1_734' title='bbox 895 5146 923 5202; x_wconf 91' lang='lat' dir='ltr'><strong>in</strong></span> <span class='ocrx_word' id='word_1_735' title='bbox 935 5147 987 5205; x_wconf 91' lang='lat' dir='ltr'><strong>tri-</strong></span> 
     </span>
     <span class='ocr_line' id='line_1_57' title="bbox 179 5234 987 5311; baseline -0.005 -14"><span class='ocrx_word' id='word_1_736' title='bbox 179 5239 323 5297; x_wconf 90' lang='lat' dir='ltr'><strong>bulatione</strong></span> <span class='ocrx_word' id='word_1_737' title='bbox 334 5238 393 5309; x_wconf 87' lang='lat' dir='ltr'><strong>ejus</strong></span> <span class='ocrx_word' id='word_1_738' title='bbox 402 5236 531 5293; x_wconf 85' lang='lat' dir='ltr'><strong>auxilium</strong></span> <span class='ocrx_word' id='word_1_739' title='bbox 542 5235 743 5311; x_wconf 77' lang='lat' dir='ltr'><strong>quaerimns30t</strong></span> <span class='ocrx_word' id='word_1_740' title='bbox 752 5234 774 5290; x_wconf 92' lang='lat' dir='ltr'><strong>si</strong></span> <span class='ocrx_word' id='word_1_741' title='bbox 784 5234 864 5292; x_wconf 88' lang='lat' dir='ltr'><strong>uobis</strong></span> <span class='ocrx_word' id='word_1_742' title='bbox 874 5241 987 5309; x_wconf 89' lang='lat' dir='ltr'><strong>propter</strong></span> 
     </span>
     <span class='ocr_line' id='line_1_58' title="bbox 178 5324 988 5405; baseline -0.012 -17"><span class='ocrx_word' id='word_1_743' title='bbox 178 5337 293 5405; x_wconf 88' lang='lat' dir='ltr'><strong>peccata</strong></span> <span class='ocrx_word' id='word_1_744' title='bbox 307 5334 400 5384; x_wconf 89' lang='lat' dir='ltr'><strong>nostra</strong></span> <span class='ocrx_word' id='word_1_745' title='bbox 416 5324 564 5383; x_wconf 84' lang='lat' dir='ltr'><strong>subuenire</strong></span> <span class='ocrx_word' id='word_1_746' title='bbox 577 5324 677 5393; x_wconf 87' lang='lat' dir='ltr'><strong>tardat,</strong></span> <span class='ocrx_word' id='word_1_747' title='bbox 694 5332 784 5381; x_wconf 90' lang='lat' dir='ltr'><strong>tamen</strong></span> <span class='ocrx_word' id='word_1_748' title='bbox 795 5324 818 5381; x_wconf 91' lang='lat' dir='ltr'><strong>si</strong></span> <span class='ocrx_word' id='word_1_749' title='bbox 829 5341 988 5397; x_wconf 84' lang='lat' dir='ltr'><strong>persevera.</strong></span> 
     </span>
     <span class='ocr_line' id='line_1_59' title="bbox 179 5413 985 5489; baseline -0.011 -13"><span class='ocrx_word' id='word_1_750' title='bbox 179 5419 311 5484; x_wconf 76' lang='lat' dir='ltr'><strong>uenimus,</strong></span> <span class='ocrx_word' id='word_1_751' title='bbox 328 5414 548 5473; x_wconf 88' lang='lat' dir='ltr'><strong>misericordiam</strong></span> <span class='ocrx_word' id='word_1_752' title='bbox 566 5430 646 5471; x_wconf 87' lang='lat' dir='ltr'><strong>suam</strong></span> <span class='ocrx_word' id='word_1_753' title='bbox 658 5413 737 5470; x_wconf 89' lang='lat' dir='ltr'><strong>nobis</strong></span> <span class='ocrx_word' id='word_1_754' title='bbox 751 5424 900 5489; x_wconf 85' lang='lat' dir='ltr'><strong>prorogat;</strong></span> <span class='ocrx_word' id='word_1_755' title='bbox 917 5415 985 5471; x_wconf 90' lang='lat' dir='ltr'><strong>abs.</strong></span> 
     </span>
     <span class='ocr_line' id='line_1_60' title="bbox 180 5494 987 5580; baseline -0.004 -16"><span class='ocrx_word' id='word_1_756' title='bbox 180 5522 234 5580; x_wconf 88' lang='lat' dir='ltr'><strong>que</strong></span> <span class='ocrx_word' id='word_1_757' title='bbox 249 5505 333 5562; x_wconf 90' lang='lat' dir='ltr'><strong>dubio</strong></span> <span class='ocrx_word' id='word_1_758' title='bbox 347 5513 438 5560; x_wconf 84' lang='lat' dir='ltr'><strong>autem</strong></span> <span class='ocrx_word' id='word_1_759' title='bbox 457 5520 509 5562; x_wconf 92' lang='lat' dir='ltr'><strong>uos</strong></span> <span class='ocrx_word' id='word_1_760' title='bbox 532 5504 655 5560; x_wconf 82' lang='lat' dir='ltr'><strong>exaudiri</strong></span> <span class='ocrx_word' id='word_1_761' title='bbox 669 5520 817 5560; x_wconf 91' lang='lat' dir='ltr'><strong>noscamus</strong></span> <span class='ocrx_word' id='word_1_762' title='bbox 838 5503 863 5561; x_wconf 89' lang='lat' dir='ltr'><strong>si</strong></span> <span class='ocrx_word' id='word_1_763' title='bbox 876 5494 987 5561; x_wconf 82' lang='lat' dir='ltr'><strong>instanti</strong></span> 
     </span>
     <span class='ocr_line' id='line_1_61' title="bbox 177 5592 984 5669; baseline 0.002 -21"><span class='ocrx_word' id='word_1_764' title='bbox 177 5610 263 5669; x_wconf 88' lang='lat' dir='ltr'><strong>prece</strong></span> <span class='ocrx_word' id='word_1_765' title='bbox 278 5594 409 5664; x_wconf 88' lang='lat' dir='ltr'><strong>petimus,</strong></span> <span class='ocrx_word' id='word_1_766' title='bbox 425 5594 449 5649; x_wconf 91' lang='lat' dir='ltr'><strong>si</strong></span> <span class='ocrx_word' id='word_1_767' title='bbox 461 5594 562 5650; x_wconf 85' lang='lat' dir='ltr'><strong>intenta</strong></span> <span class='ocrx_word' id='word_1_768' title='bbox 577 5599 668 5649; x_wconf 90' lang='lat' dir='ltr'><strong>mente</strong></span> <span class='ocrx_word' id='word_1_769' title='bbox 682 5592 837 5667; x_wconf 87' lang='lat' dir='ltr'><strong>quaerimus,</strong></span> <span class='ocrx_word' id='word_1_770' title='bbox 854 5593 878 5648; x_wconf 90' lang='lat' dir='ltr'><strong>si</strong></span> <span class='ocrx_word' id='word_1_771' title='bbox 900 5592 984 5650; x_wconf 88' lang='lat' dir='ltr'><strong>lacri-</strong></span> 
     </span>
     <span class='ocr_line' id='line_1_62' title="bbox 177 5680 979 5757; baseline 0.005 -19"><span class='ocrx_word' id='word_1_772' title='bbox 177 5681 231 5738; x_wconf 85' lang='lat' dir='ltr'><strong>mis</strong></span> <span class='ocrx_word' id='word_1_773' title='bbox 243 5680 399 5754; x_wconf 88' lang='lat' dir='ltr'><strong>pulsamus.</strong></span> <span class='ocrx_word' id='word_1_774' title='bbox 415 5681 467 5751; x_wconf 87' lang='lat' dir='ltr'><strong>Qui</strong></span> <span class='ocrx_word' id='word_1_775' title='bbox 481 5682 554 5740; x_wconf 90' lang='lat' dir='ltr'><strong>enim</strong></span> <span class='ocrx_word' id='word_1_776' title='bbox 566 5690 673 5757; x_wconf 85' lang='lat' dir='ltr'><strong>patrem</strong></span> <span class='ocrx_word' id='word_1_777' title='bbox 685 5696 786 5756; x_wconf 89' lang='lat' dir='ltr'><strong>panem</strong></span> <span class='ocrx_word' id='word_1_778' title='bbox 806 5681 883 5755; x_wconf 86' lang='lat' dir='ltr'><strong>petit,</strong></span> <span class='ocrx_word' id='word_1_779' title='bbox 901 5682 979 5742; x_wconf 86' lang='lat' dir='ltr'><strong>nulla</strong></span> 
     </span>
    </p>
   </div>
   <div class='ocr_carea' id='block_1_8' title="bbox 1039 4792 1851 5763">
    <p class='ocr_par' dir='ltr' id='par_1_9' title="bbox 1039 4792 1851 5763">
     <span class='ocr_line' id='line_1_63' title="bbox 1042 4792 1850 4867; baseline -0.004 -16"><span class='ocrx_word' id='word_1_780' title='bbox 1042 4811 1106 4853; x_wconf 91' lang='lat' dir='ltr'><strong>nam</strong></span> <span class='ocrx_word' id='word_1_781' title='bbox 1121 4796 1262 4853; x_wconf 81' lang='lat' dir='ltr'><strong>uictoriam</strong></span> <span class='ocrx_word' id='word_1_782' title='bbox 1283 4794 1399 4867; x_wconf 91' lang='lat' dir='ltr'><strong>optinuit</strong></span> <span class='ocrx_word' id='word_1_783' title='bbox 1422 4794 1527 4851; x_wconf 91' lang='lat' dir='ltr'><strong>orando</strong></span> <span class='ocrx_word' id='word_1_784' title='bbox 1549 4809 1632 4867; x_wconf 88' lang='lat' dir='ltr'><strong>quam</strong></span> <span class='ocrx_word' id='word_1_785' title='bbox 1647 4794 1764 4866; x_wconf 88' lang='lat' dir='ltr'><strong>populus</strong></span> <span class='ocrx_word' id='word_1_786' title='bbox 1787 4792 1850 4849; x_wconf 90' lang='lat' dir='ltr'><strong>adi-</strong></span> 
     </span>
     <span class='ocr_line' id='line_1_64' title="bbox 1040 4882 1851 4959; baseline -0.004 -18"><span class='ocrx_word' id='word_1_787' title='bbox 1040 4884 1111 4959; x_wconf 87' lang='lat' dir='ltr'><strong>pisci</strong></span> <span class='ocrx_word' id='word_1_788' title='bbox 1129 4901 1183 4941; x_wconf 90' lang='lat' dir='ltr'><strong>non</strong></span> <span class='ocrx_word' id='word_1_789' title='bbox 1201 4884 1286 4943; x_wconf 80' lang='lat' dir='ltr'><strong>valuit</strong></span> <span class='ocrx_word' id='word_1_790' title='bbox 1299 4882 1462 4958; x_wconf 88' lang='lat' dir='ltr'><strong>pugnanda.</strong></span> <span class='ocrx_word' id='word_1_791' title='bbox 1481 4882 1611 4939; x_wconf 86' lang='lat' dir='ltr'><strong>Similiter</strong></span> <span class='ocrx_word' id='word_1_792' title='bbox 1630 4882 1739 4939; x_wconf 90' lang='lat' dir='ltr'><strong>Samuel</strong></span> <span class='ocrx_word' id='word_1_793' title='bbox 1751 4882 1851 4938; x_wconf 88' lang='lat' dir='ltr'><strong>hostes</strong></span> 
     </span>
     <span class='ocr_line' id='line_1_65' title="bbox 1045 4970 1846 5047; baseline -0.001 -19"><span class='ocrx_word' id='word_1_794' title='bbox 1045 4974 1176 5045; x_wconf 88' lang='lat' dir='ltr'><strong>precihus</strong></span> <span class='ocrx_word' id='word_1_795' title='bbox 1191 4972 1295 5047; x_wconf 92' lang='lat' dir='ltr'><strong>pepulit</strong></span> <span class='ocrx_word' id='word_1_796' title='bbox 1319 4988 1388 5047; x_wconf 89' lang='lat' dir='ltr'><strong>quos</strong></span> <span class='ocrx_word' id='word_1_797' title='bbox 1403 4972 1539 5029; x_wconf 84' lang='lat' dir='ltr'><strong>exercitus</strong></span> <span class='ocrx_word' id='word_1_798' title='bbox 1563 4970 1644 5028; x_wconf 90' lang='lat' dir='ltr'><strong>armis</strong></span> <span class='ocrx_word' id='word_1_799' title='bbox 1664 4970 1767 5043; x_wconf 85' lang='lat' dir='ltr'><strong>pellere</strong></span> <span class='ocrx_word' id='word_1_800' title='bbox 1788 4987 1846 5027; x_wconf 91' lang='lat' dir='ltr'><strong>non</strong></span> 
     </span>
     <span class='ocr_line' id='line_1_66' title="bbox 1043 5060 1844 5136; baseline -0.004 -16"><span class='ocrx_word' id='word_1_801' title='bbox 1043 5062 1130 5135; x_wconf 89' lang='lat' dir='ltr'><strong>potuit</strong></span> <span class='ocrx_word' id='word_1_802' title='bbox 1145 5063 1170 5133; x_wconf 79' lang='lat' dir='ltr'><strong>(l</strong></span> <span class='ocrx_word' id='word_1_803' title='bbox 1181 5064 1243 5136; x_wconf 79' lang='lat' dir='ltr'><strong>liep.</strong></span> <span class='ocrx_word' id='word_1_804' title='bbox 1259 5068 1320 5131; x_wconf 84' lang='lat' dir='ltr'><strong>vu).</strong></span> <span class='ocrx_word' id='word_1_805' title='bbox 1342 5061 1460 5134; x_wconf 81' lang='lat' dir='ltr'><strong>Populus</strong></span> <span class='ocrx_word' id='word_1_806' title='bbox 1475 5061 1539 5116; x_wconf 92' lang='lat' dir='ltr'><strong>olim</strong></span> <span class='ocrx_word' id='word_1_807' title='bbox 1553 5076 1569 5117; x_wconf 89' lang='lat' dir='ltr'><strong>a</strong></span> <span class='ocrx_word' id='word_1_808' title='bbox 1584 5060 1646 5134; x_wconf 86' lang='lat' dir='ltr'><strong>lege</strong></span> <span class='ocrx_word' id='word_1_809' title='bbox 1662 5067 1687 5117; x_wconf 91' lang='lat' dir='ltr'><strong>et</strong></span> <span class='ocrx_word' id='word_1_810' title='bbox 1700 5060 1776 5118; x_wconf 91' lang='lat' dir='ltr'><strong>cultu</strong></span> <span class='ocrx_word' id='word_1_811' title='bbox 1789 5060 1844 5117; x_wconf 86' lang='lat' dir='ltr'><strong>Dei</strong></span> 
     </span>
     <span class='ocr_line' id='line_1_67' title="bbox 1042 5149 1845 5223; baseline -0.004 -14"><span class='ocrx_word' id='word_1_812' title='bbox 1042 5150 1176 5209; x_wconf 88' lang='lat' dir='ltr'><strong>avertitur</strong></span> <span class='ocrx_word' id='word_1_813' title='bbox 1189 5160 1215 5209; x_wconf 90' lang='lat' dir='ltr'><strong>el</strong></span> <span class='ocrx_word' id='word_1_814' title='bbox 1237 5151 1272 5208; x_wconf 88' lang='lat' dir='ltr'><strong>ad</strong></span> <span class='ocrx_word' id='word_1_815' title='bbox 1294 5149 1456 5223; x_wconf 75' lang='lat' dir='ltr'><strong>ydolatriam</strong></span> <span class='ocrx_word' id='word_1_816' title='bbox 1475 5150 1667 5209; x_wconf 84' lang='lat' dir='ltr'><strong>convertitur:</strong></span> <span class='ocrx_word' id='word_1_817' title='bbox 1683 5164 1764 5222; x_wconf 88' lang='lat' dir='ltr'><strong>quem</strong></span> <span class='ocrx_word' id='word_1_818' title='bbox 1780 5166 1845 5206; x_wconf 85' lang='lat' dir='ltr'><strong>cum</strong></span> 
     </span>
     <span class='ocr_line' id='line_1_68' title="bbox 1042 5237 1850 5315; baseline -0.002 -18"><span class='ocrx_word' id='word_1_819' title='bbox 1042 5240 1143 5314; x_wconf 83' lang='lat' dir='ltr'><strong>Helyas</strong></span> <span class='ocrx_word' id='word_1_820' title='bbox 1157 5257 1211 5297; x_wconf 87' lang='lat' dir='ltr'><strong>nun</strong></span> <span class='ocrx_word' id='word_1_821' title='bbox 1226 5248 1319 5313; x_wconf 90' lang='lat' dir='ltr'><strong>posset</strong></span> <span class='ocrx_word' id='word_1_822' title='bbox 1336 5240 1475 5315; x_wconf 88' lang='lat' dir='ltr'><strong>corrigere</strong></span> <span class='ocrx_word' id='word_1_823' title='bbox 1490 5238 1690 5312; x_wconf 80' lang='lat' dir='ltr'><strong>praedimtione,</strong></span> <span class='ocrx_word' id='word_1_824' title='bbox 1707 5237 1807 5294; x_wconf 88' lang='lat' dir='ltr'><strong>clausit</strong></span> <span class='ocrx_word' id='word_1_825' title='bbox 1822 5239 1850 5295; x_wconf 88' lang='lat' dir='ltr'><strong>ei</strong></span> 
     </span>
     <span class='ocr_line' id='line_1_69' title="bbox 1040 5327 1850 5389; baseline -0.007 -1"><span class='ocrx_word' id='word_1_826' title='bbox 1040 5330 1140 5389; x_wconf 73' lang='lat' dir='ltr'><strong>eurtum</strong></span> <span class='ocrx_word' id='word_1_827' title='bbox 1154 5330 1233 5386; x_wconf 89' lang='lat' dir='ltr'><strong>annis</strong></span> <span class='ocrx_word' id='word_1_828' title='bbox 1246 5330 1334 5386; x_wconf 90' lang='lat' dir='ltr'><strong>tribus</strong></span> <span class='ocrx_word' id='word_1_829' title='bbox 1359 5336 1386 5385; x_wconf 90' lang='lat' dir='ltr'><strong>et</strong></span> <span class='ocrx_word' id='word_1_830' title='bbox 1407 5328 1547 5385; x_wconf 91' lang='lat' dir='ltr'><strong>mensibus</strong></span> <span class='ocrx_word' id='word_1_831' title='bbox 1563 5344 1611 5385; x_wconf 85' lang='lat' dir='ltr'><strong>sex</strong></span> <span class='ocrx_word' id='word_1_832' title='bbox 1632 5328 1767 5386; x_wconf 89' lang='lat' dir='ltr'><strong>oratione.</strong></span> <span class='ocrx_word' id='word_1_833' title='bbox 1784 5327 1850 5383; x_wconf 85' lang='lat' dir='ltr'><strong>Plu-</strong></span> 
     </span>
     <span class='ocr_line' id='line_1_70' title="bbox 1041 5415 1849 5489; baseline -0.006 -12"><span class='ocrx_word' id='word_1_834' title='bbox 1041 5420 1083 5477; x_wconf 89' lang='lat' dir='ltr'><strong>via</strong></span> <span class='ocrx_word' id='word_1_835' title='bbox 1100 5436 1165 5477; x_wconf 84' lang='lat' dir='ltr'><strong>uera</strong></span> <span class='ocrx_word' id='word_1_836' title='bbox 1183 5436 1198 5475; x_wconf 93' lang='lat' dir='ltr'><strong>a</strong></span> <span class='ocrx_word' id='word_1_837' title='bbox 1217 5420 1288 5477; x_wconf 80' lang='lat' dir='ltr'><strong>coelo</strong></span> <span class='ocrx_word' id='word_1_838' title='bbox 1307 5418 1431 5485; x_wconf 88' lang='lat' dir='ltr'><strong>inhibita,</strong></span> <span class='ocrx_word' id='word_1_839' title='bbox 1451 5418 1587 5473; x_wconf 89' lang='lat' dir='ltr'><strong>sitibunda</strong></span> <span class='ocrx_word' id='word_1_840' title='bbox 1611 5416 1694 5474; x_wconf 87' lang='lat' dir='ltr'><strong>lellus</strong></span> <span class='ocrx_word' id='word_1_841' title='bbox 1718 5415 1849 5489; x_wconf 89' lang='lat' dir='ltr'><strong>elanguit</strong></span> 
     </span>
     <span class='ocr_line' id='line_1_71' title="bbox 1041 5504 1847 5567; baseline -0.004 -3"><span class='ocrx_word' id='word_1_842' title='bbox 1041 5508 1167 5566; x_wconf 85' lang='lat' dir='ltr'><strong>marcida</strong></span> <span class='ocrx_word' id='word_1_843' title='bbox 1181 5517 1208 5565; x_wconf 90' lang='lat' dir='ltr'><strong>et</strong></span> <span class='ocrx_word' id='word_1_844' title='bbox 1236 5508 1386 5567; x_wconf 91' lang='lat' dir='ltr'><strong>cultoribus</strong></span> <span class='ocrx_word' id='word_1_845' title='bbox 1412 5508 1469 5562; x_wconf 83' lang='lat' dir='ltr'><strong>suis</strong></span> <span class='ocrx_word' id='word_1_846' title='bbox 1496 5506 1614 5563; x_wconf 88' lang='lat' dir='ltr'><strong>minatur</strong></span> <span class='ocrx_word' id='word_1_847' title='bbox 1638 5504 1717 5562; x_wconf 84' lang='lat' dir='ltr'><strong>lamis</strong></span> <span class='ocrx_word' id='word_1_848' title='bbox 1745 5504 1847 5562; x_wconf 82' lang='lat' dir='ltr'><strong>discri-</strong></span> 
     </span>
     <span class='ocr_line' id='line_1_72' title="bbox 1041 5593 1847 5671; baseline 0 -18"><span class='ocrx_word' id='word_1_849' title='bbox 1041 5598 1123 5655; x_wconf 87' lang='lat' dir='ltr'><strong>mina.</strong></span> <span class='ocrx_word' id='word_1_850' title='bbox 1141 5600 1223 5655; x_wconf 86' lang='lat' dir='ltr'><strong>Fame</strong></span> <span class='ocrx_word' id='word_1_851' title='bbox 1241 5598 1333 5671; x_wconf 84' lang='lat' dir='ltr'><strong>itaque</strong></span> <span class='ocrx_word' id='word_1_852' title='bbox 1349 5603 1466 5666; x_wconf 83' lang='lat' dir='ltr'><strong>urgente</strong></span> <span class='ocrx_word' id='word_1_853' title='bbox 1480 5594 1597 5669; x_wconf 88' lang='lat' dir='ltr'><strong>populus</strong></span> <span class='ocrx_word' id='word_1_854' title='bbox 1612 5594 1648 5671; x_wconf 89' lang='lat' dir='ltr'><strong>ad</strong></span> <span class='ocrx_word' id='word_1_855' title='bbox 1669 5593 1772 5653; x_wconf 87' lang='lat' dir='ltr'><strong>cultum</strong></span> <span class='ocrx_word' id='word_1_856' title='bbox 1790 5596 1847 5654; x_wconf 83' lang='lat' dir='ltr'><strong>riri</strong></span> 
     </span>
     <span class='ocr_line' id='line_1_73' title="bbox 1039 5682 1844 5763; baseline -0.005 -18"><span class='ocrx_word' id='word_1_857' title='bbox 1039 5694 1066 5745; x_wconf 90' lang='grc' dir='ltr'><strong>ει</strong></span> <span class='ocrx_word' id='word_1_858' title='bbox 1080 5686 1138 5746; x_wconf 90' lang='lat' dir='ltr'><strong>veri</strong></span> <span class='ocrx_word' id='word_1_859' title='bbox 1153 5688 1203 5745; x_wconf 89' lang='lat' dir='ltr'><strong>Dei</strong></span> <span class='ocrx_word' id='word_1_860' title='bbox 1226 5687 1407 5763; x_wconf 89' lang='lat' dir='ltr'><strong>compellitur,</strong></span> <span class='ocrx_word' id='word_1_861' title='bbox 1424 5694 1451 5745; x_wconf 91' lang='lat' dir='ltr'><strong>et</strong></span> <span class='ocrx_word' id='word_1_862' title='bbox 1472 5692 1566 5744; x_wconf 86' lang='lat' dir='ltr'><strong>orante</strong></span> <span class='ocrx_word' id='word_1_863' title='bbox 1588 5684 1677 5758; x_wconf 73' lang='lat' dir='ltr'><strong>ttetua</strong></span> <span class='ocrx_word' id='word_1_864' title='bbox 1697 5690 1771 5744; x_wconf 85' lang='lat' dir='ltr'><strong>terra</strong></span> <span class='ocrx_word' id='word_1_865' title='bbox 1792 5682 1844 5741; x_wconf 91' lang='lat' dir='ltr'><strong>ha-</strong></span> 
     </span>
    </p>
   </div>
   <div class='ocr_carea' id='block_1_9' title="bbox 0 0 1976 6067">
    <p class='ocr_par' dir='ltr' id='par_1_10' title="bbox 0 0 1976 6067">
     <span class='ocr_line' id='line_1_74' title="bbox 0 0 1976 6067; baseline 0 2"><span class='ocrx_word' id='word_1_866' title='bbox 0 0 1976 6067; x_wconf 95' lang='lat' dir='ltr'><strong> </strong></span> 
     </span>
    </p>
   </div>
  </div>
 </body>
</html>
