3942 6067
113 262 165 317 aas
542 252 726 313 serentum
743 250 922 311 nucinam.
936 282 971 294 -
986 250 1105 309 senno
1124 250 1334 310 cananeus.
1415 206 1420 215 “
1468 326 1477 338 ,
1711 256 1764 311 aaa

113 382 286 451 tradebatur3
311 380 362 436 sed
384 380 483 435 misera
496 380 586 436 anima
601 380 658 450 ejus
674 379 701 435 iu
717 378 824 435 inferno
841 377 911 433 inter
926 376 954 439 A
969 393 1119 435 occurrens
1133 378 1199 433 dixit
1220 394 1269 433 cur
1292 374 1461 433 inflantibus
1476 376 1510 431 ab
1533 391 1567 433 eo
1588 376 1768 449 navigaretur

115 473 256 530 dromones
271 470 457 528 cruciabatur.
966 465 1010 523 cui
1025 465 1100 521 firma
1116 467 1221 523 arausio
1232 466 1267 536 (l0
1278 466 1327 533 66)
1336 465 1365 519 iu
1372 465 1451 521 coelis
1461 480 1479 521 a
1489 466 1548 522 Deo
1557 477 1767 539 praepararetur.

968 554 1065 610 Statim
1081 554 1144 610 navi
1158 571 1220 610 cum
1235 554 1362 609 omnibus
1377 552 1483 620 relicta,
1495 554 1618 609 solitario
1632 553 1692 625 ipse
1707 554 1770 613 soli-

968 644 1051 698 tarius
1070 642 1245 709 cohabitavit,
1262 657 1349 713 usque
1372 642 1438 697 dum
1461 643 1564 698 chorus
1589 645 1765 717 angelorum,

968 732 1063 787 labore
1094 730 1179 796 fruito,
1200 748 1263 786 eum
1294 731 1322 784 in
1345 731 1451 786 coelesti
1473 732 1580 803 gremio
1604 732 1766 793 collocavit.

970 818 994 877 0
1010 836 1093 893 quarn
1107 819 1223 877 feliciter
1237 818 1394 891 negotiatur
1407 818 1454 893 qui
1474 812 1529 875 'sibi
1553 821 1675 877 coelestia
1695 839 1770 879 mer-

970 920 1058 967 catur.

433 622 473 679 Art
484 623 602 679 milites.

153 774 219 841 Vos,
235 772 347 837 milites,
364 770 429 826 estis
445 770 583 827 brachium
602 768 743 834 Ecclesiae,
755 769 819 841 quia
834 770 916 825 debe·

119 862 153 917 tis
169 878 231 917 eam
247 862 283 916 ab
297 860 422 917 hostibus
437 859 598 915 defendere.
627 857 775 928 Oppressis
790 858 917 915 convenit

121 967 170 1006 vos
182 949 341 1015 subvenire,
358 964 373 1004 a
389 948 485 1020 rapina
500 955 526 1004 et
542 946 720 1003 fornicatione
734 946 917 1018 vosmetipsos

120 1040 268 1106 custodire,
288 1040 339 1093 bos
355 1039 399 1109 qui
415 1036 495 1091 malis
518 1036 623 1093 actibus
646 1033 799 1093 Ecclesiam
826 1035 917 1107 impu-

121 1132 208 1197 gnant
223 1123 383 1194 reprimere,
399 1121 441 1177 bis
456 1122 503 1193 qui
517 1120 708 1177 sacerdotibus
725 1120 843 1175 rebelles
858 1127 920 1175 suut

121 1208 265 1263 resistere.
301 1206 360 1261 Tali
375 1205 482 1305 'milicia
505 1205 662 1260 obtinebitis
685 1219 702 1259 a
723 1220 830 1261 summo
852 1218 919 1276 rege
1008 1230 1065 1285 po,
1079 1244 1198 1301 quoque,
1214 1227 1313 1285 [ΝΜ
1328 1228 1518 1300 θηοοῆωθὶ,
1535 1230 1694 1305 (mimum
1709 1230 1774 1288 0015,

121 1294 254 1367 preclara
267 1292 410 1350 beneficia.
436 1294 477 1349 Ne
490 1295 551 1349 haec
566 1308 583 1349 a
597 1293 683 1349 corde
698 1300 789 1350 vestro
805 1292 919 1349 delean·
975 1319 1020 1385 tis,
1035 1317 1122 1389 pedes
1137 1316 1268 1375 Ecclesia
1285 1318 1361 1386 esus,
1378 1319 1441 1392 quia
1455 1336 1516 1376 em
1530 1322 1667 1392 pascendo
1682 1329 1774 1395 pom,

121 1392 174 1447 ¹¹¹*
186 1384 329 1457 ⁸issf¹³⁰⁰¹⁰
344 1382 427 1457 hujus
442 1383 560 1455 0¹⁰¹¹¹P¹i
572 1380 710 1439 mefflffliae
721 1390 819 1438 V⁸⁵²fae
829 1380 919 1453 impfi'
976 1408 1020 1463 tis.
1037 1407 1230 1464 Sacerdotibus
1244 1407 1350 1463 debetis
1380 1408 1502 1476 obedire,
1518 1409 1553 1466 de
1566 1410 1654 1467 salute
1675 1411 1775 1469 animae

121 1481 242 1528 mamni·
976 1504 1074 1553 vestrae
1086 1503 1231 1552 monentes
1244 1496 1360 1552 libenter
1373 1497 1480 1567 audire,
1498 1499 1628 1555 terminos
1640 1516 1776 1570 agrorum

159 1588 277 1643 Militem
291 1588 437 1657 crrJrrsdam
460 1586 541 1659 regis
557 1584 704 1641 iufirmitas
728 1585 806 1643 morti
830 1583 923 1641 debita
977 1603 1033 1641 non
1047 1586 1152 1642 arando
1167 1586 1210 1642 vel
1226 1587 1353 1642 metendo
1367 1587 1515 1655 excedere,
1530 1605 1582 1645 nou
1601 1589 1703 1657 fenum,
1720 1608 1776 1648 uon

124 1676 231 1734 solvere
246 1677 373 1749 cogebat.
399 1675 485 1746 Quem
503 1692 547 1731 rex
563 1676 598 1731 ad
615 1676 799 1747 poenitentiam
815 1682 842 1729 et
856 1690 924 1731 con·
977 1675 1054 1748 ligna
1077 1675 1130 1730 uisi
1155 1675 1260 1730 statutis
1281 1675 1405 1731 terminis
1429 1677 1593 1734 sucumbere
1609 1679 1681 1750 (sic),
1699 1680 1776 1736 deci-

126 1765 272 1823 fessinnem
296 1764 436 1822 mouebat.
461 1766 508 1819 llle
523 1766 575 1821 hoc
590 1782 620 1821 se
635 1766 668 1835 (P
682 1767 714 1819 bt
731 1768 769 1834 ιθ)
788 1764 921 1821 lecturum
936 1742 962 1803 Β
978 1780 1051 1820 mam
1065 1763 1186 1819 omnium
1210 1781 1303 1820 rerum
1318 1774 1472 1820 vestrarum
1494 1767 1554 1822 Deo
1575 1764 1692 1824 fideliter
1712 1769 1777 1824 red-

126 1854 202 1920 dixit,
219 1856 242 1909 si
257 1854 354 1909 melius
375 1854 474 1909 habere
498 1870 528 1909 se
551 1869 605 1909 non
628 1852 733 1925 possit,
750 1852 853 1925 quiesi
871 1853 924 1909 hoc
977 1854 1054 1909 dere.
1072 1852 1123 1921 Qui
1139 1853 1211 1909 enim
1227 1854 1362 1909 decimam
1377 1854 1529 1922 retinuerit,
1540 1856 1663 1927 praedam
1679 1857 1712 1914 de
1724 1858 1776 1914 Dei

127 1944 163 1999 nd
178 1959 301 2014 praesens
316 1944 419 2000 faceret
434 1946 461 1998 et
476 1951 568 2013 postea
585 1941 767 1997 infirmitatem
784 1943 921 2009 evaderet,
978 1942 1063 1998 rebus
1078 1941 1163 2006 facit;
1180 1949 1207 1997 et
1221 1942 1244 1997 si
1258 1943 1315 1998 lieo
1331 1950 1436 2015 partem
1460 1960 1537 1999 suam
1561 1945 1662 2016 rapiet,
1679 1947 1738 2017 ipse
1752 1948 1780 2005 ei

126 2034 247 2089 derideri
263 2050 318 2089 sea
334 2034 464 2087 militibus
479 2033 597 2099 timeret,
614 2033 691 2104 quasi
706 2040 822 2089 mortem
838 2048 923 2103 pave·
978 2047 1077 2087 novem
1089 2030 1205 2101 auferet,
1217 2047 1288 2085 nuuc
1303 2047 1353 2101 per
1368 2039 1566 2101 tempestatem,
1580 2051 1650 2090 nunc
1665 2052 1715 2107 per
1728 2036 1780 2093 sic·

128 2132 177 2179 ret.
197 2123 280 2189 Cujus
304 2123 389 2179 verba
412 2122 571 2192 improbans
595 2121 710 2177 recessit
736 2138 795 2177 rex.
823 2122 924 2177 Postea
979 2122 1097 2187 ritatem,
1114 2136 1187 2175 nunc
1201 2136 1252 2190 per
1264 2119 1439 2192 grandinem,
1456 2136 1529 2179 nunc
1553 2138 1603 2195 per
1623 2125 1777 2193 uredinem,

127 2227 192 2268 vero
206 2228 311 2285 regrum
327 2212 449 2279 visitans,
466 2210 564 2265 iterum
588 2211 622 2267 de
646 2209 735 2266 salute
748 2209 848 2265 animae
863 2225 924 2265 cnm
979 2224 1051 2264 nrrnc
1065 2224 1115 2281 per
1129 2207 1321 2279 pestilentiam,
1338 2224 1410 2264 nunc
1432 2225 1484 2280 per
1494 2210 1616 2279 judicum
1639 2212 1683 2269 rel
1707 2213 1779 2269 mili·

127 2317 161 2358 en
174 2302 272 2372 gessit.
294 2301 341 2357 llle
359 2315 424 2356 vero
438 2299 614 2355 autichristus
629 2299 693 2354 dixit
711 2316 718 2356 :
737 2322 748 2347 α
766 2302 835 2353 Ante
850 2307 924 2354 tuurn
979 2305 1037 2352 tum
1047 2296 1213 2361 violentiam,
1226 2313 1299 2353 nunc
1314 2313 1363 2366 per
1373 2297 1446 2371 ignis
1456 2300 1636 2366 invasionem,
1647 2318 1719 2359 nunc
1729 2319 1780 2375 per

128 2392 285 2463 ingressum
304 2390 358 2445 duo
386 2388 583 2461 speciosissimi
601 2388 717 2457 juvenes
744 2387 924 2455 intraverunt,
980 2385 1068 2441 furum
1085 2384 1128 2441 vel
1144 2386 1279 2441 latronum
1294 2386 1486 2457 direptionem.
1502 2388 1564 2444 llaec
1579 2390 1680 2457 urnula,
1693 2391 1781 2448 karis-

1273 1050 1312 1108 dd
1327 1050 1477 1122 agricolus.

128 2479 234 2533 kartam
251 2478 315 2533 mihi
331 2478 357 2532 in
374 2494 470 2531 manus
486 2477 656 2531 tradiderunt
670 2476 697 2530 in
714 2492 768 2547 qua
782 2476 873 2531 aureis
886 2476 927 2529 lit·
980 2474 1051 2541 simi,
1069 2490 1085 2530 a
1100 2474 1178 2529 vobis
1192 2474 1313 2531 avertitis
1329 2475 1352 2529 si
1367 2475 1546 2531 elemosinam
1566 2479 1730 2548 pauperibus
1753 2490 1781 2537 et

127 2566 194 2623 teris
211 2568 342 2637 scriptum
359 2566 467 2637 repperi
483 2565 613 2637 quidquid
629 2579 748 2636 unquam
770 2564 834 2619 honi
860 2562 923 2620 feci.
980 2564 1116 2619 decimam
1140 2564 1200 2619 Deo
1225 2564 1411 2620 servientibus
1432 2566 1506 2634 juste
1531 2565 1660 2623 redditis.
1688 2570 1723 2625 Ut
1736 2569 1781 2628 hic

129 2658 193 2713 Post
211 2672 279 2727 quos
293 2655 505 2711 innumerabiles
526 2656 664 2710 daemones
679 2670 740 2709 cum
757 2668 857 2724 magno
872 2652 925 2707 im·
981 2667 1073 2709 sermo
1088 2651 1172 2707 menti
1187 2659 1284 2708 vestrae
1298 2651 1412 2708 firmiter
1435 2654 1553 2709 radicem
1576 2654 1683 2729 inligat,
1699 2658 1780 2729 palus

128 2752 192 2816 peto
207 2744 355 2809 irruerunt,
373 2744 473 2799 librum
489 2742 687 2813 permaximum
708 2758 801 2797 coram
816 2758 861 2797 me
875 2757 927 2812 po·

130 2841 253 2898 suerunt,
265 2832 292 2887 in
307 2849 361 2905 quo
372 2833 504 2903 scriptum
515 2831 632 2905 cognovi
643 2830 775 2902 ouidquid
789 2832 823 2885 ab
838 2830 927 2885 inlan-

129 2922 167 2977 tia
181 2922 246 2977 mali
258 2922 299 2977 vel
313 2921 375 2987 feci,
386 2930 430 2977 aut
441 2921 505 2987 dixi,
518 2920 561 2977 vel
572 2919 702 2993 cogitavi.
716 2920 839 2992 Cumque
855 2920 928 2991 prin·

130 3026 195 3082 ceps
214 3026 307 3067 eorum
325 3011 431 3067 diceret
441 3026 491 3066 cur
506 3009 543 3064 illi
553 3012 669 3079 juvenes
683 3008 749 3065 mibi
764 3009 926 3076 assiderent,

130 3114 192 3157 cum
208 3116 251 3155 me
266 3116 344 3155 suum
358 3115 420 3155 esse
433 3100 543 3165 scirent,
556 3107 700 3170 surgentes
710 3099 836 3155 exierunt
848 3104 875 3154 et
886 3114 928 3155 me
942 3106 967 3169 C

130 3189 260 3261 potestati
283 3205 379 3245 eorxrm
402 3188 582 3261 reliquerunt.
608 3188 683 3243 Tunc
701 3203 768 3243 vero
788 3188 927 3245 daemones

131 3384 175 3423 me
188 3368 336 3433 irruerunt,
353 3372 380 3423 et
394 3384 464 3423 unus
478 3384 492 3421 a
508 3367 608 3438 capite,
624 3367 694 3421 alius
716 3382 732 3421 a
754 3367 869 3439 pedibus
884 3366 928 3421 in·

131 3456 247 3527 cipiens,
262 3472 306 3511 me
321 3455 476 3513 eviscerare
497 3462 649 3525 coeperunt.
674 3457 707 3511 Et
728 3471 788 3511 cum
804 3470 876 3511 nunc
893 3454 929 3509 si·

132 3545 188 3601 mul
212 3546 404 3612 convenerint,
421 3544 525 3600 morior
539 3552 565 3599 et
580 3543 614 3598 ud
634 3542 740 3599 inferna
763 3544 799 3599 ab
821 3545 861 3599 eis
885 3558 930 3599 ra·

131 3634 226 3707 pior.»
244 3635 275 3690 ln
292 3636 341 3690 bac
356 3650 424 3690 voce
440 3633 523 3689 miser
539 3633 732 3688 miserabiliter
745 3632 867 3689 moriens
877 3640 931 3688 tra-

131 3723 206 3778 bitur
219 3723 253 3778 ad
267 3731 412 3789 tormenta,
438 3722 483 3794 qui
507 3721 604 3777 vivens
627 3722 747 3793 neglexit
761 3721 931 3792 poeuitentiae

131 3811 344 3869 medicamenta.
366 3814 429 3868 llaec
443 3810 516 3877 ideo,
535 3809 632 3865 fratres
647 3818 673 3865 et
688 3810 791 3867 domini
804 3810 868 3877 mai,
884 3825 932 3867 vo·

132 3900 175 3955 bis
188 3901 277 3969 retuli,
290 3918 334 3970 ne,
346 3900 411 3957 dum
422 3900 491 3956 bene
506 3898 627 3970 possitis,
641 3896 773 3955 differatis
783 3898 818 3954 ad
830 3899 931 3957 bonurn

132 3988 271 4046 converti.

417 4079 459 4135 dd
473 4083 654 4137 mercaturas.

168 4202 250 4259 Nunc
264 4218 316 4259 vos
331 4203 435 4273 hortor,
448 4202 494 4275 qui
508 4212 677 4260 mercatores
693 4199 769 4271 estis,
781 4217 815 4257 ne
827 4201 854 4257 in
872 4209 933 4257 tan·

133 4298 188 4348 tum
215 4292 333 4347 terrenis
348 4292 432 4347 lucris
448 4292 556 4348 inhietis
571 4301 600 4349 ut
615 4293 735 4349 animam
750 4299 868 4349 vestram
881 4307 930 4347 ve-

134 4380 223 4436 nalem
238 4380 343 4437 faciatis
368 4389 396 4437 at
420 4396 480 4436 eam
496 4380 645 4450 fraudibus,
661 4380 800 4454 periuriis,
816 4380 931 4436 menda-

981 2742 1062 2811 hujus
1075 2741 1193 2812 exempli
1208 2758 1271 2797 eum
1287 2740 1396 2799 fortiter
1410 2742 1561 2814 imprimat.

1018 2884 1133 2954 Quidam
1166 2886 1288 2957 agricola
1316 2886 1444 2944 diuturno
1467 2888 1599 2961 languore
1622 2888 1776 2949 laborabat.

983 2974 1011 3031 si
1035 2975 1142 3049 quando
1166 2975 1353 3043 alleviabatur,
1380 2975 1461 3049 agrili
1485 2977 1562 3049 operi
1587 2978 1781 3053 instabatque

983 3081 1013 3120 se
1032 3072 1059 3121 et
1082 3065 1228 3139 conjugem
1250 3073 1276 3121 et
1299 3066 1430 3137 parvulos
1453 3083 1565 3138 pascere
1587 3069 1711 3125 curabat.
1731 3070 1782 3129 llic

982 3162 1042 3211 erat
1067 3163 1122 3210 tam
1148 3156 1246 3211 tacitus
1263 3162 1290 3210 ut
1305 3162 1449 3225 putaretur
1463 3164 1567 3213 mutus.
1588 3156 1655 3214 Post
1670 3158 1781 3232 longam

980 3259 1046 3301 vero
1067 3241 1253 3299 infirmitatem
1276 3244 1400 3310 moritur,
1416 3252 1443 3301 et
1457 3261 1493 3302 eo
1508 3246 1641 3302 moriente
1661 3249 1782 3305 maxima

982 3341 1130 3404 tempestas
1145 3333 1243 3389 uritur.
1271 3332 1349 3389 Unde
1373 3348 1471 3390 omnes
1493 3335 1584 3406 capita
1600 3347 1740 3393 moventes
1755 3347 1783 3396 et

981 3424 1055 3479 huuc
1080 3422 1229 3493 pessimum
1251 3421 1384 3490 diceutes,
1401 3424 1444 3479 cui
1458 3423 1514 3479 vita
1532 3424 1688 3493 sanitatem,
1706 3444 1781 3485 mors

982 3512 1101 3581 denegat
1123 3509 1304 3583 sepulturam,
1330 3527 1363 3567 ac
1386 3511 1455 3567 fetor
1479 3516 1537 3581 ejus
1560 3511 1688 3571 homines
1710 3533 1782 3575 nnnc

982 3600 1092 3672 ingredi
1106 3595 1219 3656 vetaret.
1231 3600 1327 3656 Tereia
1337 3600 1392 3667 die,
1404 3600 1494 3659 adhuc
1504 3601 1596 3673 pluvia
1605 3604 1781 3677 impediente,

983 3689 1115 3746 dedomo
1131 3688 1246 3758 ejicitur,
1258 3696 1394 3760 utcunque
1411 3696 1492 3745 terrae
1507 3690 1645 3748 infoditur.
1662 3694 1783 3752 Econtra

984 3794 1054 3833 uxor
1077 3778 1136 3844 ejus
1159 3785 1217 3831 erat
1238 3791 1355 3847 corpore
1379 3778 1541 3848 sanissima;
1566 3779 1603 3833 ita
1625 3786 1740 3853 garrula
1754 3794 1783 3841 ut

984 3875 1083 3923 cuncta
1098 3866 1220 3921 membra
1232 3865 1292 3934 ejus
1306 3864 1464 3921 riderentur
1483 3884 1546 3922 esse
1568 3868 1676 3944 lingua.
1696 3873 1783 3932 Porro

984 3963 1057 4010 touta
1073 3954 1186 4011 libidine
1212 3953 1365 4010 insaniebat
1380 3956 1452 4026 quod
1468 3956 1511 4011 vix
1525 3956 1624 4030 aliquia
1638 3960 1673 4017 de
1687 3961 1784 4021 vicinis

985 4045 1043 4115 ejus
1058 4044 1193 4099 luxuriam
1207 4043 1349 4100 evadebat.
1363 4042 1577 4101 substantiolam
1589 4064 1674 4121 quam
1689 4051 1784 4109 habuit

984 4150 1046 4189 cum
1060 4133 1269 4190 fornicatoribus
1293 4134 1477 4205 consumpsit,
1500 4144 1579 4192 natus
1601 4139 1784 4199 mendicatum

983 4223 1025 4279 ire
1039 4222 1171 4295 permisit.
1185 4223 1334 4295 Postquam
1349 4224 1402 4280 hoc
1413 4223 1487 4279 Dens
1503 4225 1588 4281 noluit
1601 4226 1703 4285 diutins
1717 4230 1784 4301 pati,

983 4313 1126 4383 repentina
1161 4320 1249 4368 morte
1281 4310 1454 4384 defungitnr;
1479 4312 1530 4369 sed
1552 4323 1624 4371 tanta
1649 4319 1785 4376 serenitas

984 4400 1046 4457 coeli
1058 4400 1161 4456 mundo
1175 4400 1336 4469 intenditur,
1346 4408 1376 4455 nt
1390 4400 1449 4471 ipse
1463 4417 1512 4458 aer
1525 4402 1551 4459 ei
1565 4404 1599 4459 ad
1613 4406 1784 4477 sepulturam

134 4470 185 4527 ⁰5⁵
198 4469 328 4542 Pifdffls·
341 4468 442 4527 (ἶανθῑθ
456 4486 491 4526 ¹1⁰
505 4471 643 4542 ΒῙΠΨῙῘθθ8
654 4470 801 4544 0¹5811²l⁰⁵
812 4468 929 4540 deciPii·
945 4468 972 4531 Ῐ)
987 4489 1115 4546 famulari
1129 4488 1277 4545 videretur.
1293 4490 1435 4547 ambobus
1449 4490 1487 4545 ita
1501 4490 1646 4562 defunctis,
1662 4494 1718 4552 filia
1733 4499 1786 4554 ed-

134 4558 177 4625 tis,
194 4567 223 4615 ut
238 4558 277 4614 eis
295 4558 388 4615 inutile
405 4575 456 4631 pro
469 4559 527 4615 utili
543 4558 677 4616 vendatis.
694 4558 826 4617 Omnium
841 4558 931 4614 natio-

135 4664 201 4703 nurn
217 4647 333 4703 ministri
347 4648 424 4715 estis,
437 4646 502 4703 dum
517 4647 559 4704 eis
573 4646 704 4721 periculis
718 4646 872 4714 fluminum,
886 4662 933 4720 pe·

135 4735 229 4793 riculis
251 4736 397 4801 latronum,
422 4736 555 4810 periculis
579 4739 606 4792 in
630 4736 738 4803 itinere,
758 4735 890 4808 perieulis
904 4736 931 4791 iu

135 4824 282 4882 solitudine
298 4826 334 4895 (ll
348 4826 409 4883 Cor.
426 4828 475 4898 xi),
491 4842 606 4899 quaeque
621 4827 779 4883 necessaria
803 4822 928 4879 defertis.

134 4914 230 4987 ltaque
243 4930 339 4971 omnes
361 4921 456 4987 gentas
480 4915 617 4972 debitores
643 4922 706 4971 sunt
729 4921 821 4971 vestro
847 4910 934 4968 labori

135 5004 273 5061 orationes
298 5003 420 5061 reddere.
445 5003 533 5075 Quam
558 5005 690 5078 gratiam,
717 5002 863 5069 karissimi,
880 5016 934 5057 non

135 5092 242 5149 debetis
255 5092 302 5150 vili
317 5109 346 5150 re
360 5093 499 5149 amittere.
514 5094 555 5149 Ne
568 5098 625 5151 haec
640 5094 721 5149 verba
734 5098 814 5148 vento
825 5092 932 5157 deutur,

134 5182 188 5241 hoc
202 5182 327 5254 exemplo
341 5180 370 5237 iu
384 5180 513 5239 cordibus
528 5182 626 5239 vestris
641 5182 804 5238 solidentur.

172 5296 291 5367 Quidam
306 5297 440 5354 solitarius
452 5296 534 5369 peciit
548 5313 563 5351 a
578 5298 636 5353 Deo
652 5296 704 5353 sibi
719 5296 835 5352 revelari
849 5296 893 5352 cui
908 5296 935 5353 in

136 5390 250 5459 praemio
265 5388 367 5441 dehere
382 5385 445 5459 [leq.
462 5382 586 5458 deberet]
602 5385 749 5457 coaequari.
777 5384 828 5440 Cui
843 5384 936 5441 diviua

137 5491 190 5533 vox
205 5473 296 5531 retulit
310 5475 382 5547 quod
399 5476 518 5530 nondum
542 5474 578 5529 ad
600 5489 758 5529 mensnram
774 5474 935 5531 mercatoris

137 5580 210 5621 nunc
232 5565 312 5621 adse
327 5565 460 5619 venientis
483 5561 650 5634 pervenerit.
680 5563 769 5635 Hujus
793 5580 854 5619 mos
877 5572 936 5620 erat

140 5654 211 5727 quod
232 5654 360 5727 quaelibet
380 5667 441 5709 rara
456 5653 515 5709 Deo
528 5652 712 5710 servientibus
735 5652 894 5719 deferebat,
910 5661 937 5709 et

142 5750 207 5801 tunc
222 5744 334 5802 visitare
347 5743 446 5801 fratres
456 5742 567 5815 navigio
578 5740 714 5803 veniebat.
730 5742 783 5803 Cui
797 5741 937 5803 solitarius

985 4579 1096 4636 modum
1111 4578 1226 4650 parvula
1241 4578 1385 4651 superfuit,
1402 4579 1481 4650 cujus
1494 4590 1613 4638 mentem
1628 4584 1688 4640 talis
1703 4586 1784 4661 cogi-

986 4668 1052 4725 tatio
1077 4668 1182 4735 incidit,
1205 4676 1295 4724 utrnm
1316 4667 1402 4739 patris
1423 4684 1459 4724 an
1479 4674 1574 4727 matrto
1588 4670 1623 4743 (p
1636 4674 1670 4728 66
1684 4677 1726 4747 v0)
1742 4676 1783 4732 vi·

987 4766 1044 4813 tarn
1075 4756 1176 4812 imitari
1202 4756 1303 4828 possit.
1339 4756 1462 4830 Cumque
1486 4760 1574 4831 patris
1596 4759 1785 4833 infortunium,

988 4847 1086 4902 matris
1102 4850 1168 4903 vero
1180 4845 1318 4902 fortunam
1342 4856 1433 4903 mente
1456 4848 1621 4916 revolverat,
1637 4849 1739 4921 placuit
1757 4862 1788 4911 ut

988 4935 1015 4990 in
1028 4934 1122 4990 matris
1137 4934 1251 5007 vestigia
1266 4934 1375 4991 vivendi
1390 4934 1488 5005 pedem
1503 4944 1632 5007 poneret.
1649 4939 1714 4997 Haec
1727 4958 1786 4998 me·

988 5023 1078 5079 ditans
1102 5023 1276 5088 obdormivit,
1293 5030 1320 5079 et
1340 5039 1405 5079 ecce
1428 5023 1539 5096 quidam
1562 5024 1648 5099 igneo
1670 5038 1786 5101 aspectu

988 5112 1091 5178 astitit,
1113 5112 1177 5185 quid
1199 5111 1345 5167 meditetur
1366 5110 1490 5185 inquirit.
1521 5112 1570 5169 llla
1593 5116 1651 5185 eius
1674 5127 1786 5190 aspectu

993 5200 1146 5272 perterrita,
1163 5200 1351 5269 omniumque
1374 5198 1503 5270 cogitavit
1525 5201 1618 5272 oblita,
1643 5205 1710 5262 dixit
1732 5207 1785 5265 sibi

990 5289 1064 5345 nulla
1078 5288 1171 5343 inesse
1184 5287 1370 5342 meditamina.
1394 5290 1428 5343 At
1448 5287 1494 5344 ille
1516 5306 1568 5361 per
1588 5307 1699 5350 menum
1713 5296 1786 5351 arri.

990 5378 1068 5452 piens
1091 5390 1152 5433 eam
1169 5392 1176 5432 :
1195 5376 1305 5445 «Veni,
1330 5374 1433 5449 iuquit,
1458 5386 1485 5435 et
1509 5385 1654 5450 utrosque,
1679 5388 1785 5451 petrem

990 5468 1094 5525 scilicet
1108 5474 1136 5524 et
1147 5472 1274 5534 matrem,
1291 5465 1363 5534 vide,
1379 5474 1405 5521 et
1419 5466 1497 5537 cujus
1510 5475 1577 5525 tuuc
1589 5465 1678 5540 placet
1696 5469 1785 5542 magis

991 5556 1104 5627 vestigia
1117 5571 1241 5628 sequere.
1259 5574 1272 5605 s
1295 5554 1431 5627 Duxitque
1444 5570 1509 5611 eam
1524 5557 1552 5611 iu
1565 5572 1692 5628 campum
1706 5558 1785 5614 flori-

990 5648 1065 5717 dum,
1080 5644 1155 5702 omni
1167 5643 1325 5699 amoeuitate
1350 5644 1537 5717 conspicuum,
1561 5646 1630 5703 mira
1653 5648 1786 5706 suavitate

991 5735 1169 5805 odoriferam,
1182 5730 1320 5807 preclara
1332 5732 1394 5792 luce
1407 5733 1592 5808 splendidum,
1607 5734 1637 5793 ia
1651 5750 1706 5811 qun
1717 5736 1787 5796 mul·
