3942 6067
19 377 20 380 ,
120 310 184 370 tttt
624 307 724 382 ,vrrs
744 308 778 368 a.
801 304 981 367 sonutam
1001 309 1236 371 Truentuusrs.
1702 316 1769 381 itta

119 439 250 493 cabantnr
263 436 290 491 in
306 452 340 493 co
362 435 475 495 deserta
497 438 671 505 saeculorum,
693 443 722 493 et
741 432 917 489 tundamenta
930 433 960 495 Α
974 434 1054 493 tritici
1069 452 1237 493 mensuram.
1256 438 1394 511 spirituali
1409 440 1500 515 itaque
1524 442 1585 501 cibo
1606 448 1776 517 paupertatis

118 521 302 595 generationis
316 527 343 577 et
361 521 547 594 generationis
571 520 732 579 suscitabat.
758 518 824 572 lure
851 530 921 588 ergo
973 522 1093 595 inopiam
1107 541 1180 598 saepe
1195 529 1372 599 temperabat,
1389 546 1449 603 qnae
1463 533 1646 602 vehementer,
1672 544 1700 591 ut
1726 550 1776 591 su·

120 619 233 667 uocatur
246 608 396 667 edificator
411 611 519 682 sepium
532 617 667 667 avertens
682 607 794 665 semitas
807 604 836 661 in
846 604 922 676 quie·
972 612 1140 681 pradictum
1156 621 1208 682 est,
1223 631 1271 671 eos
1294 632 1487 691 nonnunquam
1513 621 1693 692 opprimebat.
1715 622 1775 679 Sta·

119 708 184 754 tam.
204 698 351 756 Habitabat
364 698 445 773 igitur
458 698 486 755 in
502 716 597 757 eremo
621 699 679 769 jam
706 694 784 769 qnasi
812 692 921 765 quidam
973 700 1036 771 pius
1051 718 1168 773 namque
1182 704 1356 761 nuntiabatur
1370 715 1397 762 et
1410 722 1512 777 panem
1525 710 1636 777 deesse,
1647 710 1778 767 infantes-

119 803 237 859 macnus
251 786 373 843 eoetesns
387 789 533 857 exereitus,
549 785 725 851 excubando,
740 785 804 839 dura
829 781 922 838 veniat
974 804 1028 859 que
1041 791 1187 849 suosvutu
1211 807 1319 858 errare,
1341 810 1392 851 nee
1416 809 1471 852 non
1492 798 1698 855 novennarium
1713 808 1772 855 tnr-

120 893 169 933 rex
183 892 278 932 eorum
289 890 352 933 cum
365 876 474 948 hymnis
488 885 516 933 et
528 876 671 933 laudibus.
975 876 1026 932 bas
1038 880 1146 946 adesse,
1162 896 1230 952 quas
1245 880 1386 938 venientes
1402 884 1437 940 da
1451 883 1532 957 longe
1546 886 1689 956 oportebat
1706 888 1776 959 jeju-

158 996 222 1055 130·
239 998 319 1056 Dicat
334 1000 380 1073 qui
393 1008 495 1073 potest,
511 999 536 1057 si
557 1013 679 1072 unquam
704 1001 752 1053 m
778 993 847 1066 legi,
874 999 923 1047 au,
976 980 1027 1021 uas
1041 981 1095 1067 nou
1111 968 1261 1069 dimittere.
1280 970 1351 1039 Quid
1363 971 1471 1071 igitur?
1486 974 1613 1073 Putasne,
1631 976 1676 1049 qui
1692 975 1775 1053 lepis,

122 1085 236 1153 audivit,
251 1088 279 1144 in
293 1089 453 1161 cujusquam
474 1088 594 1145 bominis
607 1094 720 1159 pectore
741 1092 796 1141 tam
819 1080 923 1137 inaudi·
976 1052 1164 1113 fidel¹⁵⁵¹¹¹¹¹¹¹¹¹
1180 1058 1229 1114 ⁰⁹¹
1244 1057 1384 1127 smmum*
1399 1076 1442 1117 ⁰¹¹¹
1456 1076 1534 1133 Ι)81118
1548 1061 1649 1131 deemt
1673 1072 1702 1120 et
1726 1082 1778 1137 ΡΟ·

123 1184 177 1231 mm
191 1164 333 1233 ewinus·
346 1175 683 1233 lamudmmbundm
698 1190 705 1227 ε
717 1186 771 1245 ‘3⁰
787 1169 922 1229 mmm„
974 1142 1343 1245 puluspascendusaderat,
1359 1149 1682 1219 putasveladmodicum
1699 1152 1780 1227 quasi

123 1263 190 1319 wis
224 1264 355 1321 mimi
382 1263 500 1335 'fficio’
530 1265 632 1321 nodum
661 1276 773 1335 mmm
795 1272 923 1332 prome„
976 1247 1084 1288 anatum
1100 1233 1320 1317 dubrtassequid
1333 1239 1524 1311 aperethon
1548 1240 1701 1313 dubitavit,
1723 1258 1778 1299 non

123 1350 221 1409 verbo,
238 1352 384 1412 Neminem
406 1369 527 1427 „mque
540 1353 577 1409 ,d
590 1367 621 1409 ω
633 1349 792 1407 venientem
807 1345 925 1419 repelle,
979 1320 1112 1377 haesitavit
1127 1338 1135 1377 :
1150 1320 1219 1379 tides
1233 1338 1350 1396 namque
1367 1324 1425 1395 ejus
1439 1328 1510 1385 mira
1524 1331 1559 1386 de
1579 1330 1628 1386 Dei
1654 1331 1780 1405 largitate

123 1438 180 1506 hei,
194 1440 298 1499 „upum
313 1458 409 1500 mum
426 1441 588 1499 ,ohaqu
603 1437 741 1497 ,olentem
767 1432 922 1506 „ficiem
979 1422 1147 1481 presumere
1160 1417 1331 1467 assueverat.
1351 1412 1535 1472 Promittebat
1556 1432 1626 1489 argo
1653 1434 1777 1485 securus,

123 1544 179 1585 110„
194 1544 308 1599 mum,
323 1545 379 1588 „on
393 1530 533 1597 mudum,
548 1545 604 1586 „on
617 1524 781 1599 qoflpedem,
794 1538 849 1581 no,
859 1520 925 1596 ψ,
977 1493 1053 1565 quod
1066 1507 1121 1551 nou
1135 1494 1275 1596 babebat:
1291 1496 1357 1567 quia
1374 1498 1410 1554 de
1431 1498 1632 1572 Omnipoteutia
1659 1502 1781 1559 bonitate

124 1617 237 1684 rmum,
252 1634 308 1676 ΜΠ
320 1634 470 1686 mmm
484 1618 535 1676 ,ed
548 1632 646 1675 omn„
658 1612 763 1687 pune,
785 1612 847 1669 ,inu
870 1609 924 1666 mi,
978 1580 1112 1645 confisus,
1128 1598 1158 1639 se
1172 1583 1326 1640 habiturum
1340 1602 1406 1644 rare
1424 1588 1562 1645 credebat.
1582 1588 1611 1647 Si
1632 1591 1704 1647 enirn
1726 1590 1781 1647 ali-

125 1704 285 1763 sericordite
299 1706 411 1765 dilatato
429 1706 596 1781 colligebam
618 1705 694 1762 siros
720 1717 783 1760 cum
809 1699 926 1756 mulieri·
978 1669 1090 1769 ΨΜ
1104 1671 1187 1728 ⁰⁰fd⁰
1201 1671 1333 1775 ⁸⁰J¹iffi²⁰⁸
1348 1690 1400 1747 ΡΝ)
1422 1676 1511 1733 turbis
1530 1676 1703 1777 adluentibus
1725 1680 1782 1735 Do·

125 1792 188 1861 bus,
203 1793 337 1852 lactemus
352 1812 418 1853 snos
432 1796 460 1851 in
483 1792 605 1851 humeris
628 1791 810 1865 gestantibus,
838 1786 927 1845 susci·
939 1782 964 1821 ἢ
983 1774 1088 1814 'mmm‘
1111 1768 1249 1833 ”dmm
1262 1760 1340 1830 ¹¹¹¹¹dr
1365 1764 1437 1836 quod
1462 1766 1576 1837 ⁸9⁰⁸l⁰¹¹
1604 1782 1666 1824 tum
1695 1768 1783 1825 turbat

126 1898 193 1952 pere
215 1898 271 1938 nou
287 1871 428 1941 dubitabat
443 1900 451 1955 ;
475 1882 567 1939 nullm
580 1880 690 1952 debilis,
706 1887 751 1934 aut
771 1874 931 1947 contempti·
984 1858 1165 1919 mmmm
1179 1850 1212 1905 ad
1228 1850 1383 1920 omninum·
1399 1866 1454 1953 {¹⁰¹¹
1470 1852 1783 1955 h³b⁸¹¹²⁹⁵ss¹nd⁰13⁸ff⁰ff

129 1969 202 2040 bilis,
219 1970 312 2028 nunus
325 1972 520 2045 pauperrimus
531 1968 599 2028 abii,
612 1966 750 2041 repulsus·
779 1964 859 2035 Quod
879 1980 933 2036 pu,
984 1938 1057 2003 rent,
1074 1950 1188 2010 rogasse
1203 1938 1365 2007 referuntur,
1381 1940 1524 1999 dicentes:
1544 1942 1667 2012 Domine,
1677 1946 1784 2001 dimitte

127 2057 185 2131 pilli
200 2067 227 2116 et
240 2060 356 2131 orphani
373 2060 530 2128 audientes,
548 2058 653 2116 rictum
673 2054 727 2112 sibi
749 2052 932 2111 mendicando
985 2024 1088 2089 'um'
1104 2032 1134 2081 ¹¹⁸
1147 2033 1211 2082 ⁸⁸⁰⁸
1225 2026 1252 2081 ³¹¹
1267 2028 1379 2085 “mlh
1394 2038 1420 2085 ⁸²
1434 2030 1515 2087 *³¹⁸⁸
1529 2047 1621 2089 ΒΜ
1631 2032 1683 2087 fibi
1694 2048 1783 2099 0⁸⁰²&

131 2148 319 2219 quaeritantes,
333 2148 378 2206 rel
392 2149 483 2207 aliena
497 2162 599 2220 pecora
612 2161 664 2216 per
685 2159 748 2200 rura
775 2149 931 2215 pascentes,

128 2234 341 2293 cohortabantur
364 2253 428 2293 sese
448 2244 551 2303 metuo,
575 2234 698 2291 diceutes
714 2248 752 2286 :a
775 2230 877 2285 Earum
903 2235 931 2285 et
1000 2284 1006 2297 ,

126 2339 178 2379 nos
193 2324 225 2379 ad
241 2333 352 2395 portum
367 2324 415 2399 qui
428 2323 525 2395 recipit
537 2337 647 2378 omnes.
665 2340 677 2371 ι
693 2318 816 2392 Cumque
829 2317 930 2373 sedens

129 2426 226 2467 eorum
239 2411 349 2468 medius
363 2416 428 2482 (nou
444 2412 546 2482 pudeat
561 2425 614 2475 me,
635 2406 741 2473 iratres,
764 2405 856 2462 dicere
877 2418 931 2461 nec

128 2515 178 2555 ros
192 2500 296 2570 audire,
314 2500 388 2575 quod
405 2499 482 2555 illum
504 2495 746 2556 clementissimum
767 2493 818 2550 Dei
841 2492 929 2549 uirum

130 2603 185 2643 non
198 2589 294 2659 puduit
309 2589 400 2646 lacere
414 2588 482 2644 nibil
496 2587 568 2644 enim
583 2582 742 2658 pudendum
762 2581 838 2638 duxit
858 2597 931 2653 prae·

129 2685 174 2731 ter
188 2679 355 2749 peccatum),
369 2678 492 2735 dicamus
506 2675 590 2750 igitur
606 2690 612 2729 :
629 2672 695 2729 Cum
710 2670 821 2727 sederet
834 2685 930 2726 eorum

129 2764 247 2833 medius,
264 2774 290 2823 et
305 2766 413 2822 viderat
427 2765 494 2821 istos
507 2762 655 2835 loripedes,
671 2758 733 2815 illos
751 2758 863 2816 claudos
885 2770 929 2815 ret

132 2852 338 2922 semihomines,
355 2854 413 2910 sire
431 2867 520 2910 caecos
537 2858 583 2907 aut
601 2856 765 2915 strumosos,
782 2863 830 2903 seu
849 2862 929 2902 man·

127 2940 234 2998 costel
255 2942 395 3007 distortos,
419 2940 503 2997 tacite
518 2954 613 2997 secum
634 2936 801 3008 recogitans,
825 2934 853 2990 in
868 2934 930 2990 ani·

127 3044 173 3085 mo
187 3028 296 3086 dicebat
312 3048 319 3085 :
334 3030 369 3085 lli
384 3029 501 3086 tortasse
515 3032 580 3084 sunt
592 3025 641 3081 illa
654 3022 731 3091 vilia,
756 3023 855 3096 quibus
870 3023 928 3080 Do-

984 2112 1049 2185 quia
1084 2113 1128 2171 bic
1151 2112 1179 2169 iu
1200 2114 1312 2173 deserto
1333 2116 1393 2175 loco
1408 2134 1511 2187 sumus,
1528 2120 1784 2192 quibusaitDomi·

984 2216 1066 2257 nus:
1093 2202 1146 2259 Vos
1180 2202 1242 2260 date
1273 2204 1329 2261 illis
1363 2207 1532 2265 manducare
1565 2210 1676 2281 (llottlr.
1705 2211 1782 2282 atv);

983 2301 1018 2352 st,
1033 2285 1151 2358 inquam,
1174 2287 1321 2361 aliquando
1344 2290 1508 2347 multitudini
1530 2291 1703 2349 diversorum
1731 2310 1784 2349 uu-

984 2374 1066 2447 dique
1081 2374 1202 2432 attinenti
1217 2392 1271 2432 uon
1294 2377 1462 2435 dissimiliter
1485 2380 1663 2453 compatiens,
1688 2382 1785 2439 Domi-

984 2478 1048 2517 num
1064 2465 1205 2537 rogaverit
1218 2466 1301 2522 corde
1315 2467 1440 2535 contrito,
1462 2468 1557 2526 dicens
1571 2486 1580 2527 ε
1596 2470 1722 2541 Domine,
1747 2472 1785 2527 di·

984 2550 1059 2607 mitte
1074 2567 1132 2617 eos,
1153 2560 1182 2608 ut
1194 2560 1258 2610 eant
1271 2554 1308 2609 ad
1322 2555 1420 2611 ditiora
1434 2555 1505 2624 loen,
1529 2556 1576 2612 ubi
1598 2558 1699 2615 habere
1723 2574 1786 2631 pos·

984 2639 1040 2695 siut
1062 2642 1229 2708 necessaria,
1245 2643 1309 2714 quia
1323 2644 1368 2701 hic
1387 2644 1414 2699 in
1436 2645 1546 2702 deserto
1570 2654 1597 2702 et
1616 2645 1695 2703 arido
1723 2648 1785 2704 loco

984 2744 1080 2783 sumus
1097 2746 1104 2783 :
1121 2730 1249 2787 continuo
1261 2730 1394 2789 intellexit
1408 2734 1553 2790 Dominum
1578 2734 1628 2791 sibi
1652 2734 1783 2793 diuinitus

982 2815 1148 2888 inspirando
1163 2826 1371 2894 suggerentem,
1389 2821 1462 2893 quud
1477 2822 1660 2895 aitppostolis
1677 2839 1683 2877 :
1699 2822 1738 2879 Tu
1752 2822 1787 2878 da

982 2903 1036 2959 illis
1048 2905 1224 2963 manducare.

1020 3004 1080 3059 133.
1098 3001 1274 3061 Fiducialiter
1286 3004 1511 3079 igituriuvitabat
1529 3024 1624 3066 omues
1647 3007 1681 3065 ad
1705 3023 1786 3081 pran-

128 3116 220 3173 minus
233 3117 382 3191 confringit
397 3116 487 3186 tortia,
509 3124 536 3173 et
558 3113 653 3170 talium
676 3112 776 3189 dicitur
799 3110 859 3169 lore
882 3128 930 3168 re·
944 3116 970 3182 c
985 3088 1072 3158 dium»
1088 3090 1134 3164 (lui
1148 3092 1210 3151 ⁰&ss
1225 3101 1360 3167 mim
1383 3095 1558 3153 ⁰0¹¹di¹⁰l0m
1582 3096 1701 3154 h8b0b⁸2
1714 3134 1717 3141 ·
1728 3097 1784 3153 dis·

128 3222 213 3280 prtum
226 3206 371 3263 coelorum.
395 3204 503 3260 lutirma
519 3201 593 3261 euim
619 3199 714 3257 mundi
742 3200 829 3274 elegit
843 3202 929 3268 Deus,

127 3303 156 3350 ut
171 3294 253 3351 tortia
265 3307 382 3367 quoeque
395 3292 555 3350 confundat.

164 3418 228 3475 tat.
242 3418 397 3475 consolaus
418 3424 513 3473 anum
536 3432 586 3475 eoa
605 3416 777 3483 hortabatur,
796 3414 858 3471 vita
869 3414 930 3471 bre·

129 3506 171 3561 ris
184 3504 360 3563 incommoda
373 3504 562 3575 equanimiter
575 3504 611 3560 ad
634 3504 772 3561 modicum
800 3503 930 3570 tolerare,

130 3592 226 3649 dicens
244 3609 250 3646 r
268 3616 279 3640 ι
296 3590 385 3647 Filioli
398 3591 463 3657 mei,
479 3591 621 3658 sustinete,
635 3605 785 3663 parumper
798 3606 854 3647 uon
866 3589 934 3647 dafi-

130 3680 245 3747 etentes,
260 3688 288 3737 et
306 3676 500 3737 conturbamini
519 3686 662 3748 sperantes
684 3675 712 3733 in
738 3677 859 3744 domiuo,
889 3676 935 3751 qui

129 3784 269 3841 nunqnam
280 3766 444 3839 derelinquit
459 3773 603 3837 sperantes
618 3766 646 3822 in
660 3782 700 3823 se.
712 3764 845 3822 Dominus
861 3764 934 3822 eninr

129 3856 213 3914 solvit
239 3854 427 3927 compeditos;
452 3853 585 3910 Dominus
605 3853 739 3909 illuminat
759 3869 858 3921 caecos,
874 3854 934 3909 Do·

131 3945 224 4001 minus
238 3943 319 4018 eripit
334 3943 428 4011 elisos,
443 3942 578 4000 Dominus
600 3942 689 4017 diligit
707 3942 814 4012 iustum
839 3940 936 3998 Domi·

135 4048 188 4090 uus
201 4047 351 4105 pauperem
365 4030 429 4089 iacit
444 4040 472 4087 et
493 4030 570 4096 ditat,
599 4029 723 4086 humiliat
744 4037 772 4086 et
792 4029 933 4093 sublevat:

133 4121 250 4178 suscitat
264 4119 300 4176 de
315 4119 432 4192 pulnere
454 4134 588 4191 egenum,
611 4126 637 4175 et
659 4117 695 4174 de
710 4125 832 4175 stercore
846 4117 937 4174 elevat

128 4224 292 4281 pauperem,
316 4215 346 4263 ut
368 4207 462 4263 sedeat
484 4221 546 4263 cum
569 4204 749 4279 principibus,
778 4213 805 4261 et
833 4204 933 4261 solium

132 4296 230 4371 pluria
244 4302 357 4353 teneat:
374 4293 510 4351 Dominus
524 4293 601 4350 solus
616 4303 657 4351 est
670 4294 808 4367 retugium
826 4308 934 4365 paupe-

984 3186 1171 3249 pensntorem.
1196 3180 1220 3237 0
1244 3188 1287 3237 ter
1308 3180 1376 3239 lelix
1399 3183 1497 3252 anima,
1518 3185 1652 3256 templum
1667 3184 1717 3241 Dei
1740 3186 1785 3241 Pa-

985 3261 1047 3329 tris,
1064 3261 1144 3320 sedes
1159 3263 1442 3340 Sapientin,·raquies
1456 3267 1576 3339 Spiritus
1590 3268 1690 3335 macti,
1713 3284 1787 3325 man·

987 3350 1028 3409 sio
1043 3352 1225 3411 sanctissimae
1246 3353 1402 3411 Trinitatisl
1420 3356 1542 3415 Credere
1556 3356 1598 3413 las
1612 3366 1663 3425 est,
1675 3356 1787 3430 quiadi-

985 3439 1051 3497 rina
1063 3438 1163 3513 gratie,
1179 3456 1240 3515 qum
1255 3450 1280 3499 te
1294 3442 1522 3513 indebitamque
1536 3462 1598 3518 qum
1615 3444 1723 3503 iactura
1736 3462 1786 3517 per

987 3536 1014 3585 te
1030 3538 1099 3599 erat,
1115 3538 1260 3603 autequam
1276 3530 1375 3589 tierent
1388 3533 1439 3589 tibi
1460 3533 1612 3591 revelabat.
1632 3533 1693 3603 Qua
1714 3534 1786 3591 anim

987 3624 1089 3682 menta,
1106 3616 1152 3690 qui
1167 3634 1265 3689 panem
1279 3635 1334 3676 uon
1350 3620 1477 3688 haberes,
1500 3622 1679 3681 adventantes
1707 3621 1787 3679 toties

988 3704 1022 3760 ad
1037 3703 1180 3777 prandium
1195 3705 1338 3773 invitares,
1349 3707 1400 3763 uisi
1412 3708 1507 3765 citoad
1518 3708 1647 3779 futurum,
1670 3710 1787 3767 Domino

988 3800 1163 3863 procurante.
1179 3792 1266 3851 oculis
1281 3794 1467 3866 spiritualibus
1483 3796 1685 3855 considerares.
1701 3796 1788 3870 Igitur

989 3880 1100 3953 quidet
1119 3882 1250 3953 jumentis
1271 3898 1363 3941 escam
1383 3884 1517 3956 ipsorum,
1533 3892 1561 3941 et
1582 3885 1665 3957 pullis
1686 3900 1787 3943 corro-

988 3984 1049 4025 rum
1068 3969 1258 4028 invocantibus
1281 3988 1366 4039 aum;
1393 3981 1472 4045 putas
1493 3972 1606 4032 daturus
1629 3988 1684 4031 nou
1711 3983 1789 4031 esset

987 4065 1140 4125 militiano
1169 4068 1359 4141 stipendium,
1385 4070 1497 4142 suisque
1531 4068 1789 4128 commilitonibus?

988 4165 1077 4222 Dabat
1090 4164 1228 4238 equidem,
1244 4174 1271 4222 et
1285 4166 1321 4221 ita
1335 4166 1490 4235 affluenter,
1505 4170 1536 4224 ut
1550 4167 1712 4224 mirarentur
1726 4182 1788 4223 orn-

987 4276 1047 4329 nes,
1064 4260 1180 4318 maxime
1194 4270 1283 4319 autem
1297 4262 1430 4319 increduli
1446 4270 1472 4319 et
1486 4262 1621 4322 infideles.
1638 4264 1788 4336 Continge-

128 4402 200 4455 rum,
219 4386 328 4455 adiutor
355 4384 385 4439 in
407 4382 667 4455 opportunitatibus,
690 4383 718 4439 in
742 4382 929 4439 tribulatione.
988 4358 1034 4414 Μ
1056 4374 1173 4432 ”mim
1187 4374 1312 4432 Pmlle
1326 4356 1397 4430 fieri,
1413 4359 1486 4433 (ΝΜ
1511 4361 1598 4417 ⁸0¹⁰⁹¹
1619 4361 1719 4419 s⁸⁰²⁰¹¹¹
1746 4370 1789 4419 0⁵²

129 4474 243 4541 Timete,
266 4471 429 4539 charissimi,
451 4470 600 4527 Dominum
620 4488 627 4528 :
648 4470 717 4527 nihil
746 4470 819 4528 enim
852 4472 931 4527 deest
944 4469 973 4530 ῃ
987 4458 1156 4530 temporibus
1169 4456 1266 4515 Etisei.
1286 4456 1386 4515 Clausa
1398 4466 1426 4513 ut
1440 4457 1541 4533 legitur
1552 4457 1580 4515 in
1594 4459 1666 4516 libro
1678 4460 1790 4533 Regum

129 4562 286 4619 timentibus
299 4576 382 4624 eum;
398 4567 425 4617 et
451 4559 551 4615 scitote
573 4558 636 4631 quia
656 4558 754 4616 melius
778 4566 818 4615 est
842 4558 933 4615 modi·
988 4552 1131 4612 obsidione
1146 4556 1268 4612 Samaria
1283 4557 1451 4629 renouatum
1468 4558 1517 4616 sed
1530 4559 1643 4631 gravius
1660 4558 1732 4616 lame
1749 4560 1789 4616 ai·

132 4666 192 4707 euru
209 4649 285 4723 justo
307 4663 391 4720 super
417 4646 525 4704 divitias
550 4651 727 4719 peccatorum
755 4648 868 4715 multas,
886 4646 933 4719 qui
988 4650 1059 4707 dicta
1074 4649 1284 4723 periclitabatur.
1299 4650 1457 4709 condolens
1472 4668 1539 4727 erpo
1552 4654 1789 4712 reaeivibusino·

129 4740 316 4795 fflfflfflffll
329 4744 357 4793 ²⁸
371 4737 502 4809 idssffl'ffl‘
515 4736 558 4792 ⁰¹¹¹
572 4743 745 4809 ⁰⁰⁰8f08⁸⁰¹
768 4751 830 4792 ⁸⁸⁸·
856 4735 932 4790 Pffl·
988 4752 1035 4825 pia
1048 4748 1250 4821 deficientibus,
1265 4750 1339 4809 venit
1353 4753 1388 4808 ad
1404 4752 1526 4809 Eliseum
1539 4771 1547 4821 ;
1561 4752 1608 4825 qui
1623 4768 1679 4811 nou
1700 4754 1708 4809 i
1713 4771 1787 4827 guo-

45 4904 50 4909 ,
130 4836 258 4911 13‘00'80
270 4836 298 4893 5⁰
312 4834 442 4892 widlblss
457 4834 556 4891 ”⁸³¹⁸
568 4832 687 4891 ⁰⁰¹¹¹i¹¹⁰
708 4832 831 4889 ᾶῑθθῦῑθῡ
848 4849 855 4888 ²
874 4832 934 4889 ⁰⁰·
990 4864 1055 4905 raus
1070 4862 1180 4905 eausam
1195 4849 1330 4907 adventus
1345 4850 1413 4921 ejus,
1429 4866 1491 4907 mox
1504 4850 1541 4907 sit
1555 4850 1594 4907 illi
1611 4869 1618 4905 :
1634 4850 1709 4907 Audi
1724 4869 1788 4910 ver-

130 4935 215 5003 mina,
231 4941 295 4990 ante
309 4940 336 4990 te
351 4940 392 4990 est
406 4948 488 4989 omne
501 4930 670 4989 desidorium
683 4938 818 4994 nostrum,
834 4937 862 4985 et
882 4944 935 5003 qe·
990 4944 1053 5002 pum
1068 4946 1177 5003 pomini
1194 4963 1200 5002 :
1218 4949 1296 5019 pm,
1306 4947 1400 5021 inquit,
1416 4947 1513 5005 ,odem
1522 4951 1646 5021 ,empore
1661 4950 1693 5005 ιη
1705 4952 1789 5021 porga

131 5028 215 5085 mitns
226 5036 322 5085 noster
334 5044 351 5085 a
364 5036 392 5086 te
405 5044 463 5085 non
477 5036 519 5085 est
533 5026 726 5086 absconditus.
745 5026 853 5083 Exaudi
866 5042 935 5099 pre·
991 5042 1136 5113 sirmam,
1146 5048 1319 5102 ,patmum
1331 5044 1442 5101 mosim
1453 5044 1565 5114 ,rmum
1583 5048 1612 5102 02
1629 5046 1684 5103 dm,
1702 5046 1790 5103 modi,

131 5134 179 5175 ces
193 5125 312 5185 nostras,
327 5125 354 5175 et
367 5118 438 5174 educ
452 5132 504 5174 nos
517 5116 552 5175 de
562 5117 624 5174 lacu
639 5116 758 5175 miserim
772 5123 800 5172 et
815 5114 852 5171 de
875 5114 935 5171 luto
992 5140 1088 5198 horda·
1111 5144 1218 5199 ,mm
1232 5160 1288 5200 ,mo
1308 5142 1357 5209 (W
1370 5144 1434 5214 Μ,
1454 5143 1520 5215 Ἧι).
1539 5142 1588 5200 cui
1602 5161 1672 5201 unus
1687 5143 1721 5201 de
1735 5142 1789 5201 du,

133 5213 223 5273 iaecis.
244 5215 279 5270 Et
291 5214 634 5289 abstergetDeusomuem
644 5210 936 5286 Dammamaboculis
990 5239 1077 5307 cibus·
1092 5256 1176 5312 sup„
1189 5240 1266 5310 cujus
1289 5256 1401 5297 manum
1424 5257 1473 5298 m
1491 5240 1675 5309 incumbebm,

133 5313 244 5379 tastris,
260 5312 427 5385 tristitiaque
440 5321 532 5369 nestra
551 5316 674 5369 vertetur
687 5312 716 5367 in
738 5310 881 5383 gaudium,
908 5317 936 5366 et
990 5338 1070 5396 dulus
1084 5338 1168 5396 ,erbo
1183 5338 1243 5408 ejus
1257 5338 1396 5411 respondi,
1408 5358 1416 5395 ἓ
1427 5340 1457 5397 32·

133 5410 299 5469 satiabimini
312 5424 375 5466 cum
389 5410 546 5482 apparuerit
562 5406 652 5482 gloria
666 5409 739 5480 ejus.
761 5428 774 5460 a

1703 5240 1790 5301 incre·

1464 5340 1599 5400 Dominus
1607 5342 1694 5398 etio-m
1706 5344 1788 5399 rotc-

990 5436 1596 5511 rnctusincalefaceret,nunquidbocesse
1605 5438 1790 5510 peraequum

170 5534 234 5593 tta.
253 5534 313 5593 Tali
325 5552 397 5608 pune
411 5542 473 5592 tuos
487 5534 627 5608 pascebat,
641 5532 666 5591 Ο
680 5532 799 5602 Christe,
816 5534 936 5608 pupillos
992 5540 1024 5594 tu
1045 5534 1189 5609 loqueris?
1207 5532 1322 5603 Videbis,
1337 5534 1424 5608 iuquit
1437 5536 1520 5593 bomo
1535 5535 1596 5607 Dei,
1611 5534 1703 5594 oculta
1716 5537 1785 5603 tuis,

136 5633 186 5692 iste
200 5643 262 5691 tuus
276 5632 365 5713 tidelis
379 5650 476 5692 sertus
496 5640 524 5691 et
536 5631 668 5706 prudeus,
684 5647 767 5705 quem
781 5634 935 5692 constitue·
990 5638 1018 5692 ct
1032 5652 1090 5692 nota
1109 5634 1176 5692 inde
1195 5633 1330 5692 consedes.
1355 5632 1433 5691 Haud
1447 5634 1524 5691 aliter
1537 5632 1670 5702 nonnulli,
1695 5632 1788 5707 agitati

137 5749 182 5792 ras
197 5746 281 5807 super
303 5732 433 5793 familiam
454 5740 541 5803 tuam,
553 5734 586 5789 ut
601 5730 680 5791 daret
692 5728 745 5789 illis
768 5731 795 5789 iu
811 5736 936 5809 tempore
990 5731 1147 5791 curiositate
1162 5731 1284 5803 ridendi,
1300 5731 1471 5790 accedebant
1484 5730 1614 5793 adrimm
1625 5730 1685 5801 Dei,
1696 5730 1787 5789 redar-
