3942 6067
160 274 212 333 rso
449 281 454 287 ·
810 240 1154 340 subsannantium.
1507 323 1511 332 .
1757 295 1809 347 rm

263 402 330 457 Cae.
346 398 429 457 XLtl.
446 400 534 457 -De
552 400 684 459 Pnscbuti
703 403 842 473 tempere.

194 526 325 585 osterum
340 524 440 581 dieitur
455 524 490 579 ab
505 523 619 590 orieme,
632 523 694 596 quie
709 523 778 581 sicut
791 524 829 579 ibi
844 524 886 580 sol
900 540 960 579 sur-

155 613 208 688 git,
227 616 253 670 in
270 630 371 672 occasu
387 613 466 687 quasi
481 613 616 681 maritur;
629 613 666 667 ita
677 612 722 669 hic
733 613 774 668 sel
783 612 903 681 justitie»,
914 612 961 685 qui

160 712 202 759 est
217 704 350 769 Christus,
368 702 414 775 qui
436 702 464 757 in
487 710 574 759 morte
593 718 721 759 occasum
745 702 840 769 subiit,
856 702 900 758 hic
914 718 960 757 re-

159 792 292 848 surrexit.
307 792 411 847 Eedem
426 790 531 847 scilicet
545 798 668 862 tempore
684 792 796 847 Paschae
819 798 846 847 ει
864 790 960 845 eadem

158 882 240 949 bora,
258 896 311 953 qua
326 880 451 935 Christus
464 879 595 945 surrexit,
611 879 663 934 erit
679 885 769 935 austra
784 877 958 934 resurreetio.

158 968 264 1026 Pascha
278 967 435 1026 celebratur
450 974 546 1039 quarta
561 967 670 1023 decima
685 968 760 1035 luna,
777 968 804 1023 id
819 975 862 1023 est
877 966 961 1039 Apri-

157 1057 203 1123 lis,
230 1057 340 1130 quande
364 1064 406 1112 est
431 1056 526 1127 plena.
555 1057 630 1112 Luna
646 1055 959 1127 siguificatlieclesiem,

156 1146 271 1219 quaudo
293 1160 424 1200 numerus
448 1144 597 1199 electorum
621 1145 753 1215 impletus
777 1144 872 1210 tuerit,
896 1152 961 1200 tnnc

156 1234 237 1307 quasi
253 1232 377 1289 Ecclesia
394 1232 540 1303 plauserit
558 1250 565 1286 :
581 1248 645 1289 mex
667 1232 694 1287 in
717 1241 814 1305 quarto
837 1240 960 1302 tempere

156 1322 324 1379 resurreetio
340 1322 403 1377 erit.
428 1322 517 1377 Unum
541 1328 654 1392 tempus
669 1330 732 1377 aute
745 1322 845 1393 legem,
862 1337 959 1377 saeua·

155 1412 223 1467 ditm
247 1411 299 1465 sub
324 1411 400 1483 lege.
418 1410 526 1465 tertium
550 1410 602 1464 sub
625 1412 730 1483 gratia,
756 1418 881 1481 quartum
909 1410 960 1465 sub

156 1509 260 1556 aterna
275 1499 378 1555 laetitia.
401 1499 493 1553 Prima
512 1498 557 1554 die
581 1506 623 1554 est
646 1500 813 1555 resurreetio
829 1498 960 1555 Ecclesiae

155 1606 218 1661 quae
233 1587 297 1645 dicit
312 1588 347 1643 ad
362 1603 493 1658 sponsum
506 1602 513 1640 ε
527 1588 690 1645 lterarrcai.
705 1588 826 1643 Secunda
837 1586 881 1643 die
894 1587 960 1643 dicit

156 1676 276 1747 Spiritus
303 1686 413 1732 sanctus
434 1676 592 1732 consulatur
615 1675 704 1748 ejus:
727 1676 890 1733 introduxit
913 1692 959 1731 uos

159 1766 296 1823 Dominus
310 1768 341 1821 ia
355 1770 462 1821 terram
473 1765 611 1834 liuentem
623 1767 667 1821 lac
677 1768 707 1820 ct
716 1765 782 1831 mel,
794 1764 821 1821 id
835 1773 957 1821 astemus
970 1748 997 1809 Β

155 1854 296 1910 ειιειίιειε
311 1862 337 1911 ει
350 1854 494 1909 dulcedine
508 1854 628 1924 plenam.
644 1853 736 1909 Tertia
751 1853 795 1908 die
807 1866 814 1906 τ
826 1854 904 1925 Aqua
914 1870 958 1909 sa-

154 1944 273 2017 pientia
281 1944 392 2016 potavit
402 1958 457 2008 eos,
470 1942 496 1997 id
508 1950 547 1997 εει
559 1940 728 2012 plenitudine
739 1940 859 1997 scientiae
870 1941 958 2010 reple-

155 2031 266 2086 viteus.
284 2029 387 2101 Quarta
401 2030 465 2086 dicit
482 2044 604 2100 sponsus
619 2030 654 2084 ad
670 2044 800 2100 sponsam
821 2046 828 2084 :
850 2030 954 2093 Venite,

155 2120 297 2177 benedicti
311 2120 406 2175 Putris
420 2121 490 2175 mei.
509 2120 572 2173 Neu
589 2118 668 2177 dicit.
686 2118 818 2173 benedico
833 2134 891 2183 uus,
908 2118 957 2173 sed

156 2208 221 2281 quia
234 2208 299 2263 estis
314 2208 451 2263 benedicti
473 2206 563 2263 Patris
587 2223 636 2278 per
660 2205 744 2262 tidem
770 2214 797 2261 ει
818 2206 957 2277 operatio·

156 2314 220 2353 nem
238 2314 245 2351 :
261 2296 360 2366 Quinta
375 2296 418 2352 die
433 2314 440 2350 ι
457 2296 603 2351 victricem
614 2312 745 2361 inanum,
770 2294 797 2349 id
821 2303 864 2351 est
878 2294 957 2350 Chri-

156 2394 228 2440 stum
246 2384 453 2451 laudas·ernnt,·
464 2384 541 2452 cujus
552 2382 655 2439 atrrilie
668 2390 696 2439 et
712 2382 841 2439 mundum
857 2390 883 2438 et
898 2382 958 2438 die·

154 2474 250 2530 bolum
266 2474 400 2529 vicenrnt.
418 2473 500 2529 Serta
515 2472 559 2528 die
571 2488 577 2527 :
591 2473 699 2528 Eduxit
715 2488 762 2528 eos
776 2473 957 2527 Dominusrn

155 2578 202 2635 spe
222 2568 250 2619 et
263 2564 395 2618 inimicos
406 2576 502 2618 eornm
513 2563 624 2634 operuit
643 2576 738 2629 mara,·
759 2560 832 2632 quod
847 2576 958 2631 semper

155 2658 346 2721 speraverunt,
360 2652 415 2720 jem
431 2650 545 2705 hubent.
566 2650 680 2716 inimici,
696 2650 723 2703 id
738 2657 780 2704 εει
795 2656 955 2721 perseeuto-

154 2756 202 2797 res
217 2747 245 2796 et
259 2740 397 2795 daemones
411 2738 534 2809 absorpti
549 2747 610 2793 sunt
625 2738 652 2792 iu
667 2737 735 2792 mari
752 2745 779 2794 ει
793 2738 821 2792 in
834 2737 954 2793 interno.

155 2828 276 2900 Septima
286 2828 331 2884 die
339 2847 346 2883 :
354 2828 461 2884 Eduxit
474 2828 608 2883 Dominus
624 2828 760 2900 populum
771 2827 896 2883 suumin
907 2844 956 2883 ea-

154 2918 312 2974 suttatione
323 2920 351 2973 et
361 2918 464 2974 electos
472 2932 537 2973 anos
545 2917 576 2970 in
588 2917 701 2971 laetitia.
713 2914 883 2970 Obtiuehuut
892 2925 956 2973 tunc

154 3006 285 3079 gaudium
299 3012 327 3062 ει
339 3006 460 3061 laetitiam
476 3012 503 3060 et
519 3004 603 3073 lugiet
617 3005 696 3061 dolor
706 3012 732 3059 ει
743 3004 862 3077 gemitus
875 3021 881 3057 :
892 3013 955 3061 tune

155 3094 210 3150 duo
233 3094 346 3149 Alleluia
370 3100 514 3150 cantantur
538 3092 602 3165 quia
625 3093 717 3149 anima
743 3101 770 3148 et
801 3108 904 3163 eorpus
927 3094 995 3163 inc,

154 3192 288 3239 aeteruum
302 3182 436 3239 laetantur.
459 3184 523 3237 laec
546 3182 573 3237 iu
603 3190 699 3238 octava
724 3182 768 3237 die
789 3189 957 3239 cantantur:

158 3274 242 3342 Quasi
257 3274 336 3328 modo
351 3274 443 3343 qeniti
456 3274 597 3343 insontes,
615 3271 675 3341 qnia
693 3278 721 3325 ut
737 3270 826 3325 intans
840 3271 962 3327 nascitur

155 3361 191 3416 de
215 3370 300 3415 matre
315 3362 343 3415 in
356 3362 498 3427 mundum,
520 3360 557 3415 ita
579 3360 631 3431 ipsi
657 3367 806 3415 nascuntur
821 3359 858 3416 de
871 3368 961 3417 morte

153 3448 183 3505 in
199 3453 290 3505 sitam.
307 3448 511 3522 Quinquaginta
521 3449 580 3505 dies
592 3458 687 3519 postea
702 3449 898 3520 sempiternam
914 3449 960 3506 lae·

157 3538 245 3594 titiam
260 3538 427 3613 significant.
448 3537 587 3594 Asceusio
602 3536 727 3605 Domini,
743 3545 838 3593 nostra
857 3538 959 3594 exalta·

156 3628 194 3683 tia
209 3628 236 3683 in
251 3627 341 3683 coelis.
368 3628 398 3681 ln
415 3628 575 3683 Pentecoste
593 3627 655 3681 deta
670 3633 712 3681 εει
727 3626 828 3697 populo
844 3626 958 3683 Hebraea

156 3716 201 3773 lex
217 3716 322 3771 timoris
337 3718 376 3773 nti
390 3716 477 3772 serris
490 3714 521 3771 in
538 3715 602 3789 igne
623 3714 749 3771 terroris.
777 3716 846 3787 l³ost
860 3714 958 3771 decem

158 3806 218 3861 dies
233 3805 425 3871 ascensionis,
450 3804 478 3859 id
496 3812 539 3860 est
557 3812 620 3875 post
644 3804 738 3860 decem
754 3812 892 3875 praccepta
908 3802 958 3859 Dei

966 398 996 459 Α
1045 402 1110 458 ιιι.
1126 404 1223 461 xlvi.
1240 436 1274 449 -
1288 409 1327 465 oe
1340 410 1531 469 nassitanae
1544 416 1639 470 saaca
1652 385 1771 473 suarzaa

1338 509 1482 579 Baptistae

1051 639 1168 710 Quando
1191 644 1283 718 agitur
1305 648 1455 705 Decollstio
1479 652 1507 706 S.
1534 653 1646 709 loannis
1672 657 1809 727 Baptistae,

1014 736 1078 786 tunc
1090 738 1132 786 est
1146 732 1265 790 inventio
1279 736 1374 807 capitis
1389 739 1457 808 ejus.
1484 742 1552 796 Nam
1568 744 1640 798 circa
1657 746 1767 812 Pascite,
1783 746 1811 802 id

1014 826 1057 874 est
1077 818 1104 873 in
1123 824 1328 879 ennuntiatione
1344 825 1375 881 S.
1395 828 1486 883 ilaris
1510 838 1551 886 est
1575 832 1743 901 decollatus;
1765 835 1810 891 hic

1015 916 1105 963 autem
1131 910 1273 967 recolitur.
1293 913 1333 967 Ad
1349 915 1461 972 missam
1474 918 1568 974 Gloria
1583 922 1663 976 Patri
1678 930 1705 976 et
1720 924 1814 979 Gloria

1014 997 1046 1051 in
1063 998 1184 1053 excelsis
1200 1009 1226 1054 et
1242 1002 1364 1058 Alleluia
1378 1021 1432 1060 nou
1448 1007 1561 1076 canitur,
1577 1026 1650 1064 more
1676 1012 1813 1080 passionis

1015 1084 1113 1141 Christi
1137 1095 1164 1142 et
1186 1089 1250 1159 quia
1272 1098 1334 1147 ante
1358 1092 1457 1149 Christi
1487 1098 1717 1154 resurrectionem
1743 1115 1812 1156 con-

1014 1174 1088 1247 tigit.

1086 1326 1152 1384 Car.
1169 1328 1285 1383 xtt'lt.
1304 1360 1339 1370 -
1354 1332 1391 1387 De
1404 1335 1559 1390 matutinis
1572 1338 1735 1395 canonicis.

1050 1452 1081 1505 la
1096 1453 1236 1509 matutinis
1250 1454 1278 1509 iu
1292 1456 1387 1526 primis
1402 1472 1408 1511 :
1426 1460 1551 1515 Domino.
1571 1462 1646 1518 labia
1659 1480 1723 1521 orca
1742 1482 1812 1536 apo·

1014 1541 1071 1595 ries
1099 1540 1208 1608 dicitur,
1234 1551 1263 1597 ut
1284 1545 1329 1615 qui
1352 1545 1388 1599 ad
1410 1544 1623 1615 Completorium
1654 1567 1717 1606 cum
1750 1568 1813 1611 ver-

1014 1644 1070 1683 su:
1091 1630 1207 1687 Custodi
1230 1647 1291 1697 nos,
1316 1633 1443 1702 Domine,
1469 1642 1501 1691 ut
1524 1637 1668 1710 pupillam
1681 1642 1767 1704 oculi,
1786 1649 1819 1710 ει,

1012 1732 1075 1772 cam
1091 1716 1186 1773 ultima
1200 1719 1389 1776 benedictione
1403 1724 1482 1793 quasi
1497 1726 1548 1779 snb
1563 1726 1706 1797 signaculo
1731 1729 1812 1785 alau-

1012 1805 1157 1877 debantur,
1182 1823 1255 1865 nnuc
1284 1810 1318 1864 ad
1345 1808 1454 1867 landem
1479 1814 1529 1869 Dei
1551 1816 1719 1885 aperiantur.
1758 1819 1813 1875 De·

1011 1893 1075 1950 inde
1098 1912 1149 1967 per
1167 1912 1277 1952 versum
1301 1912 1308 1953 :
1333 1900 1417 1965 Deus,
1447 1903 1480 1957 in
1508 1902 1686 1972 adjutorium
1716 1923 1813 1963 meum

1011 1984 1144 2050 intendo,
1171 1985 1300 2040 auxilium
1322 1987 1443 2043 divinum
1463 1988 1626 2058 invocatum
1643 1993 1742 2050 exinde
1763 2011 1814 2067 per

1013 2072 1114 2128 Gloria
1140 2076 1224 2129 Patri
1246 2085 1342 2131 saneta
1366 2076 1486 2133 Trinitas
1512 2079 1698 2151 glorificatur,
1724 2092 1752 2139 et
1778 2082 1814 2139 de

1011 2161 1155 2231 preteritis
1178 2170 1205 2217 et
1228 2162 1263 2218 de
1288 2165 1471 2233 presentibus
1496 2175 1523 2222 et
1536 2168 1571 2224 de
1586 2168 1696 2226 futuris.
1715 2172 1814 2228 Postea

1012 2248 1075 2303 tuba
1090 2250 1210 2305 cantoris
1225 2251 1272 2305 dat
1287 2251 1396 2325 signum
1418 2270 1467 2323 per
1490 2256 1666 2326 antiphonam
1681 2259 1813 2316 inritato-

1011 2335 1056 2403 rii,
1072 2344 1101 2392 ut
1115 2338 1266 2394 excitentur
1279 2340 1425 2396 Christiani
1440 2343 1668 2417 circumquaque,
1693 2356 1721 2403 et
1743 2363 1811 2404 eou-

930 2473 935 2486 .
1011 2433 1125 2481 currant
1143 2427 1178 2482 ad
1199 2426 1321 2483 scholam
1335 2428 1481 2485 doctorum
1505 2439 1531 2489 et
1555 2441 1694 2503 pastorum
1709 2437 1811 2493 Eccle-

1011 2514 1069 2568 siae.
1086 2513 1191 2570 Deinde
1205 2524 1342 2572 canuntur
1356 2518 1504 2575 duedecim
1528 2521 1645 2591 psalmi,
1670 2540 1718 2595 per
1743 2540 1813 2596 quos

1011 2601 1154 2673 signantur
1164 2605 1265 2672 Patres,
1276 2604 1322 2676 qui
1336 2613 1398 2661 ante
1412 2607 1503 2677 legem
1518 2611 1696 2665 excoluerunt
1706 2628 1812 2669 vineam

1011 2690 1131 2746 Domini.
1157 2691 1205 2746 llis
1228 2692 1411 2760 instruuntur,
1427 2696 1473 2766 qni
1494 2696 1531 2751 ad
1552 2697 1670 2753 officium
1694 2714 1812 2757 conem-

1010 2786 1071 2833 runt
1085 2780 1243 2835 nocturnale
1252 2781 1288 2837 de
1297 2797 1341 2849 eo,
1353 2783 1426 2853 quod
1436 2784 1570 2840 Dominus
1583 2788 1616 2841 ab
1630 2787 1812 2846 luitiemuudi

1009 2867 1105 2923 babuit
1118 2868 1316 2937 predicatores
1340 2870 1368 2925 in
1391 2888 1442 2927 sna
1456 2874 1599 2940 Ecclesia3
1616 2877 1662 2948 qui
1678 2876 1812 2948 populum

1009 2956 1059 3011 Dei
1074 2955 1216 3012 coluerunt
1230 2958 1287 3013 suis
1302 2959 1440 3015 labor‘bus
1456 2979 1463 3015 :
1480 2970 1509 3016 ut
1523 2964 1639 3019 reditum
1654 2970 1815 3036 quaererent

1010 3044 1045 3101 ad
1059 3046 1197 3117 propriam
1212 3046 1328 3117 patriam
1347 3058 1409 3119 pust
1431 3050 1533 3106 Christi
1562 3054 1807 3112 resurrectionem.

1016 3134 1119 3189 Primus
1134 3134 1258 3205 psalmus
1270 3154 1277 3191 :
1290 3140 1392 3194 Dentur
1407 3140 1460 3206 vir,
1477 3140 1596 3197 concinit
1609 3145 1813 3214 quodammodo
1841 3134 1845 3145 ¹

1018 3222 1083 3278 Abel
1095 3224 1170 3291 justo
1185 3224 1387 3294 hominicolas
1401 3230 1517 3301 sanguis
1531 3228 1638 3286 etiusns
1653 3241 1694 3287 est
1709 3234 1735 3288 iu
1750 3242 1815 3307 typo

1014 3311 1154 3385 sanguinis
1168 3312 1233 3367 Jesu
1256 3313 1366 3370 Christi.
1382 3316 1416 3371 Et
1429 3318 1550 3388 psalmus
1566 3336 1572 3373 :
1591 3320 1720 3387 Domino,
1741 3324 1815 3379 Deus

1014 3418 1118 3470 meus,
1140 3404 1169 3457 in
1187 3407 1215 3458 te
1232 3405 1362 3475 spereat,
1392 3407 1518 3463 convenit
1542 3409 1601 3465 Noe
1623 3419 1650 3465 ει
1669 3410 1732 3465 tiliis
1754 3412 1815 3481 ejus

1012 3496 1040 3543 ει
1054 3488 1194 3554 uxoribus,
1210 3505 1270 3561 quea
1288 3490 1371 3549 salvae
1393 3492 1474 3551 iactae
1497 3505 1561 3552 sunt
1584 3513 1635 3568 per
1654 3515 1763 3570 aquam.
1779 3502 1815 3556 itt

1013 3573 1139 3642 psalmus
1157 3588 1164 3628 :
1179 3574 1294 3631 Saluum
1306 3593 1351 3633 me
1365 3580 1431 3648 sue,
1448 3581 1583 3652 quoniam
1599 3584 1704 3654 defecit
1728 3601 1814 3641 snae-

1013 3665 1071 3728 tus,
1088 3662 1205 3719 Abrahae
1219 3667 1356 3737 congruit,
1367 3667 1413 3737 qui
1429 3667 1506 3723 solus
1519 3670 1627 3734 restitit,
1639 3687 1674 3727 ue
1687 3675 1815 3729 adoraret

1011 3748 1092 3813 idaia,
1109 3751 1216 3806 caeteris
1231 3754 1423 3809 corruentibus
1447 3754 1475 3809 iu
1494 3772 1538 3811 ea.
1563 3758 1670 3815 Dehinc
1692 3762 1815 3833 sequitur

1012 3853 1112 3894 versus
1125 3855 1175 3908 per
1189 3856 1271 3911 quem
1293 3842 1409 3896 vertitur
1429 3842 1543 3900 intentio
1561 3847 1595 3901 ad
1615 3846 1687 3911 alia.
1709 3850 1817 3909 scilieet

160 3894 336 3963 subiectionis
358 3893 422 3948 data
446 3899 488 3949 est
513 3893 555 3948 lex
577 3892 679 3947 ameris
702 3891 730 3947 in
751 3890 824 3965 igne'
840 3892 957 3965 Spiritus
1008 3927 1045 3982 de
1059 3926 1214 3997 psalmodia
1234 3933 1268 3983 ad
1292 3930 1448 3998 lectionem,
1465 3932 1508 3987 ,el
1523 3934 1557 3987 „d
1572 3937 1703 4005 hymnum
1718 3938 1814 3993 Em,

157 3982 246 4040 sancti
259 3981 362 4055 populo
377 3980 542 4049 Christiano,
558 3988 587 4036 ut
601 3980 675 4036 tiliis.

1010 4013 1140 4087 gelicum,
1158 4016 1255 4083 idest,
1275 4018 1453 4090 ltuqnificut,
1479 4021 1523 4077 vel
1543 4023 1730 4093 benedictur,·
1753 4028 1813 4085 sire

175 4106 239 4163 Car.
256 4106 400 4163 xant-
414 4107 452 4163 De
465 4109 539 4179 sorte
554 4106 649 4163 sancti
661 4107 779 4163 loannis
794 4106 936 4179 Baptista.
1010 4104 1045 4159 ad
1062 4103 1213 4160 orationem
1230 4106 1414 4177 Dominicam,
1428 4110 1507 4179 cujus
1528 4110 1662 4185 prologus
1677 4122 1721 4170 est
1734 4117 1816 4188 liprie

193 4224 224 4278 ln
243 4222 383 4279 nativitate
398 4222 429 4278 S.
447 4222 562 4279 loannis
578 4222 703 4293 Baptista
726 4230 849 4279 cantatur
872 4221 956 4277 missa

1012 4193 1139 4258 alchon,
1164 4194 1274 4252 Christe
1297 4197 1421 4265 eleisum·
1436 4214 1485 4253 seu
1501 4198 1536 4254 ad
1551 4200 1715 4265 orationem.
1730 4220 1816 4277 quam

156 4324 246 4373 mane,
263 4307 451 4380 qujaangdus
466 4306 589 4378 ppaedixp
603 4306 731 4378 gaudium
746 4306 861 4362 mesas:
875 4306 956 4363 pum
1009 4281 1086 4336 solus
1119 4282 1248 4339 sacerdes
1270 4282 1349 4340 dicit.
1387 4286 1465 4343 Tunc
1487 4296 1595 4345 vertunt
1618 4307 1648 4346 sa
1671 4292 1706 4347 ud
1730 4294 1816 4350 altare

157 4398 190 4453 tn
204 4398 357 4453 nativitate
372 4398 434 4459 eins
447 4396 623 4469 pandebant.

176 4521 242 4579 cas.
259 4521 352 4576 XLIV.
363 4550 397 4559 -
413 4520 449 4575 De
463 4506 536 4589 seito
551 4518 646 4575 saneti
663 4516 740 4573 Petri
754 4516 790 4573 od
810 4518 937 4574 Vincula.

193 4637 260 4693 Dies
271 4635 453 4691 Kalendarum
465 4632 581 4705 Augusti
595 4631 660 4687 elim
675 4630 792 4687 celebris
803 4630 958 4687 habebatur

157 4726 193 4783 eb
207 4725 350 4783 victoriam
365 4723 479 4780 Caesaris
494 4720 618 4795 Augusti.
650 4719 707 4789 Qua
727 4720 771 4776 die
786 4728 880 4791 postea
895 4718 957 4775 vin·

158 4815 218 4871 cula
234 4815 264 4871 S.
284 4813 357 4870 Petri
372 4813 468 4869 collata
489 4820 551 4867 sent
574 4812 666 4865 liomae
682 4826 689 4863 ι
705 4816 734 4864 ut
747 4809 818 4865 sicut
840 4809 915 4882 prius
930 4809 958 4863 in

158 4904 262 4959 bonore
277 4901 409 4973 principis
423 4900 506 4964 orbis,
524 4898 561 4954 ita
576 4914 650 4953 nune
665 4896 692 4951 iu
708 4897 812 4953 bonore
825 4897 959 4969 principis

158 4989 342 5063 apestolorum
358 4989 527 5047 celebretur.

158 5141 229 5199 Cae.
245 5142 327 5197 xtv.
343 5140 430 5196 -Do
445 5139 603 5196 Natiuitutc
615 5137 703 5195 leura
718 5138 837 5210 ntroinis
852 5138 957 5193 Maria.

194 5257 313 5327 Quidam
329 5254 467 5312 solitarius
480 5254 608 5310 audiebat
618 5253 734 5326 quadem
750 5260 829 5308 nocte
844 5252 959 5325 singulis

157 5347 238 5403 anuis
253 5334 424 5401 harmoniam
439 5343 467 5398 iu
482 5342 565 5400 coelo.
592 5342 645 5413 Qui
667 5358 728 5398 eum
744 5341 898 5407 miraretur,
915 5339 960 5397 di-

157 5444 233 5493 etum
248 5441 291 5491 εει
304 5435 340 5501 ei,
354 5432 427 5506 quod
443 5439 538 5488 sancta
552 5430 637 5485 llaria
650 5440 715 5485 nata
736 5430 771 5484 sit
793 5430 843 5485 hac
862 5438 954 5487 nocte.

159 5524 229 5595 Quae
242 5539 304 5580 cum
318 5522 353 5579 ab
369 5521 525 5577 bominibus
539 5518 687 5586 nesciatur,
704 5518 739 5574 ab
754 5518 860 5592 angelis
876 5534 959 5575 vene-

160 5613 283 5669 rabiliter
298 5611 463 5669 eelebratur.
487 5609 545 5665 Hoc
558 5606 603 5663 ille
618 5608 741 5665 reterens
754 5607 900 5677 Ecclesiae,
915 5606 959 5663 ia-

160 5702 254 5759 stituta
269 5710 312 5759 est
326 5699 389 5757 coli.

1014 4366 1082 4437 quia
1095 4374 1203 4423 mentes
1216 4377 1317 4424 nostra
1330 4370 1433 4426 debent
1455 4374 1578 4429 converti
1602 4374 1639 4429 ad
1660 4376 1811 4433 Christum.

969 4434 997 4497 D
1014 4455 1133 4511 Romani
1147 4464 1237 4513 tamen
1260 4474 1316 4513 uon
1338 4468 1450 4515 cantant
1470 4461 1641 4519 Dominiaam
1665 4466 1816 4523 orationem

1011 4551 1074 4599 ante
1091 4543 1250 4600 lectionem.
1279 4547 1357 4603 Teuc
1381 4547 1511 4605 lectiones
1533 4561 1693 4623 sequuntur,
1718 4562 1746 4611 et
1767 4572 1815 4611 re·

1012 4632 1167 4702 sponsoris,
1182 4650 1243 4707 quae
1257 4632 1414 4707 significant
1424 4645 1530 4708 tempus
1542 4640 1666 4709 Abrabae,
1678 4643 1724 4714 qui
1738 4652 1817 4699 serta

1013 4719 1083 4776 hora
1095 4723 1242 4793 ingressus
1256 4732 1298 4780 est
1312 4723 1422 4779 vineam
1440 4742 1447 4779 ε
1463 4743 1513 4783 nos
1534 4743 1598 4784 veru
1622 4730 1711 4785 media
1733 4743 1816 4790 necte

1014 4808 1197 4865 admonemur
1211 4812 1362 4881 precedere
1376 4823 1438 4869 ante
1453 4814 1550 4879 Deum,
1566 4825 1596 4870 ut
1610 4817 1708 4871 dicitur
1719 4835 1725 4871 :
1737 4822 1816 4877 Proe·

1017 4898 1082 4953 ueni
1097 4900 1128 4953 in
1142 4901 1331 4967 maturitate,
1355 4903 1407 4958 hec
1429 4911 1470 4957 est
1496 4904 1588 4958 media
1611 4914 1699 4961 necte.
1725 4907 1815 4966 Omne
1846 4909 1851 4919 ’

1015 4991 1123 5057 tempus
1137 4996 1200 5042 ante
1215 4988 1353 5043 Christum
1375 5007 1426 5061 pro
1449 4999 1529 5046 nocte
1544 4992 1662 5062 ponitur,
1680 4998 1812 5053 memoria

1013 5083 1184 5130 mortuorum
1197 5076 1225 5131 in
1237 5076 1344 5133 Christo
1357 5089 1522 5148 pernoctem
1534 5081 1676 5137 recolitur:
1686 5085 1816 5155 quoniam

1014 5178 1111 5219 eorum
1125 5165 1258 5219 transitus
1272 5173 1299 5219 et
1314 5164 1393 5236 quies
1406 5168 1479 5223 noeti
1495 5178 1677 5240 eomparatur.

1051 5253 1101 5308 t’er
1121 5251 1243 5323 psalmos
1263 5268 1332 5324 opus
1355 5256 1585 5325 predicatorum,
1610 5274 1661 5330 per
1683 5258 1815 5318 lectiones

1014 5339 1137 5396 doctrinm
1151 5349 1318 5397 monstratur
1331 5358 1437 5399 eortrm.
1463 5346 1678 5416 Responsurium
1693 5348 1755 5404 ideo
1769 5349 1814 5405 di·

1015 5429 1085 5485 titur
1099 5430 1161 5502 quie
1175 5432 1324 5501 respondet
1347 5431 1470 5489 lectioni.
1490 5434 1590 5490 Cantor
1603 5438 1693 5508 surgit
1714 5437 1750 5493 ad
1770 5453 1815 5495 re-

1014 5519 1201 5588 sponsorium,
1217 5529 1247 5573 ut
1260 5519 1360 5576 excitet
1374 5528 1491 5588 mentes,
1514 5540 1575 5594 quae
1597 5523 1739 5583 audierunt
1761 5528 1814 5584 de·

1014 5606 1131 5663 utrinam
1154 5607 1182 5661 iu
1203 5606 1337 5675 lectione,
1353 5617 1468 5682 surgant
1490 5612 1526 5667 ad
1549 5613 1670 5671 actiones
1685 5616 1771 5673 bonas
1785 5617 1814 5672 in

1014 5696 1186 5768 operatione.
1212 5696 1289 5753 Meus
1303 5698 1486 5755 exhortatoris
1507 5716 1589 5758 versa
1608 5704 1763 5779 stringitur,
1784 5706 1814 5763 in

1950 4923 1962 5008 Ἰ

1951 5073 1961 5128 ,ι

1950 5167 1961 5467 l

1941 5499 1957 6042 l
