3942 6067
162 285 215 338 tto

493 281 641 342 llONOllll
660 279 910 340 AUGUSTODUN.
928 279 1008 336 OPP.
1027 279 1113 334 PARS
1134 279 1166 332 ll.
1183 309 1217 318 -
1231 275 1443 333 exhauriet.

1755 271 1806 324 lib

119 381 123 386 ’
162 420 271 480 sponsae
284 405 431 476 collaudat,
447 424 507 464 cum
520 408 643 464 Christus
654 406 764 480 singula
778 421 861 478 opera
870 403 959 461 fidelis
972 403 1000 463 A
1013 402 1144 476 egrlnans
1164 408 1206 457 est
1219 398 1361 455 multitudo
1375 397 1403 453 in
1418 403 1531 468 utraque
1545 394 1601 452 rita
1614 391 1736 451 celestia
1749 407 1800 447 su-

162 494 260 552 auimae
277 497 453 568 comprobat,
479 497 560 552 hahet
574 496 674 568 quippe
690 503 717 552 et
731 495 789 568 ipsa
803 511 853 552 sua
868 511 956 550 mem-

162 583 224 652 bra,
253 583 305 640 sibi
333 601 465 658 congrua,
483 586 581 655 quibas
596 585 704 658 peragit
729 599 778 640 sua
793 583 882 640 officia
897 599 958 655 quae

162 679 205 728 est
220 672 309 729 amica
323 673 386 746 quia
401 673 464 729 lacit
478 673 576 728 Christi
590 681 737 746 praecepta.
753 672 819 743 Quae
834 673 876 727 bis
890 671 958 728 dioi-

164 767 208 816 tur
222 761 346 834 pulchra,
363 762 425 832 quia
441 763 474 816 ab
491 762 618 835 originali
629 771 655 817 et
670 763 768 818 actuali
778 761 839 817 labe
854 768 958 832 estpur·

163 856 236 922 gata,
254 851 330 918 cujus
344 849 486 905 oculisunt
501 850 607 906 ratioet
622 852 747 917 intentio,
762 865 874 924 utrorum
890 864 958 905 acu-

163 955 226 994 men
243 937 379 1008 spiritales
391 954 489 994 sensus
505 939 652 1011 Scripturas
665 939 761 1006 cernit,
779 947 804 994 at
820 938 959 1010 sequenda

163 1025 292 1094 intendit,
319 1027 364 1097 qui
383 1026 455 1083 oculi
471 1036 533 1082 sunt
549 1028 748 1094 columbarum,
761 1027 784 1082 si
800 1026 959 1098 simpliciter

162 1113 255 1186 implet
266 1131 326 1186 quae
341 1115 467 1172 facienda
482 1116 567 1172 ridet.
589 1117 673 1186 llujus
687 1115 777 1187 capilli
792 1123 855 1170 sunt
870 1115 958 1170 subti-

162 1203 204 1258 les
218 1203 401 1276 cogitationes
417 1205 551 1275 decapite
566 1204 637 1276 ejus,
654 1204 679 1259 id
696 1214 739 1261 est
753 1213 843 1261 mente
857 1219 960 1275 proce-

160 1291 268 1357 dentes,
300 1291 345 1363 qui
366 1299 393 1347 ιιι
415 1309 517 1364 greges
537 1309 676 1364 caprarum
693 1294 727 1350 ad
743 1293 845 1350 Galaad
859 1308 959 1350 asceu-

162 1379 239 1445 dant,
254 1396 316 1435 cum
331 1380 365 1436 ad
379 1380 524 1437 imitandos
538 1391 671 1454 martyres
686 1381 839 1438 intendunt.
856 1383 959 1438 Dentes

162 1468 221 1537 ejus
244 1473 307 1522 sunt
325 1469 407 1541 juges
426 1468 616 1526 meditationes
635 1471 733 1544 quihus
753 1471 837 1527 duros
859 1485 959 1526 sensus

163 1555 311 1626 Scripturas
337 1557 459 1626 conterit,
484 1559 552 1613 etin
579 1567 671 1616 ventre
686 1561 826 1616 memoriae
847 1559 960 1631 trajicit,

164 1644 286 1715 quisunt
301 1653 329 1701 ut
343 1647 643 1719 ouesdetonsae,quiaa
658 1649 803 1721 superfluis
818 1648 961 1721 cogitatio·

1011 491 1130 563 spirans.

1047 614 1169 672 Ecclesia
1197 614 1227 669 in
1251 612 1329 670 ecelis
1356 626 1476 686 regnans
1497 617 1540 666 est
1553 609 1632 666 turba
1653 607 1806 663 animarum

1013 719 1074 774 quae
1101 701 1246 773 prasentia
1272 699 1372 756 Christi
1392 699 1433 754 sui
1446 696 1540 770 spousi
1551 697 1607 766 jam
1623 694 1732 750 fruitur.
1750 694 1807 749 Ec-

1011 790 1095 848 clesia
1116 790 1201 863 igitur
1224 787 1402 862 peregrinans
1423 803 1471 842 sua
1492 785 1573 841 hahet
1587 784 1720 848 membra,
1736 782 1809 840 sicut

1012 889 1038 936 et
1053 879 1190 951 primitiva
1211 877 1337 935 Ecclesia
1352 876 1445 932 habuit
1459 891 1518 930 sua.
1540 873 1670 931 Ecclesiae
1685 878 1750 927 ante
1765 872 1807 926 le-

1012 985 1075 1041 gem
1103 968 1175 1024 oculi
1202 966 1309 1022 fuerunt
1338 965 1510 1037 patriarcba,
1541 962 1586 1034 qui
1616 962 1641 1018 ei
1669 960 1808 1017 Christum

1012 1056 1271 1129 praefiguraverunt.
1300 1054 1433 1112 Ecclesiae
1454 1062 1545 1109 autem
1571 1050 1707 1123 sublege
1735 1048 1807 1105 oculi

1010 1147 1121 1202 fuerunt
1147 1145 1293 1217 propheta,
1318 1144 1364 1216 qui
1396 1142 1422 1198 ei
1457 1141 1592 1197 Christum
1624 1138 1810 1211 praeviderunt

1012 1234 1131 1305 scriptis.
1159 1232 1291 1290 Ecclesiae
1319 1233 1370 1287 sub
1398 1229 1486 1304 gratia
1513 1228 1586 1286 oculi
1614 1227 1722 1286 fuemot
1739 1241 1809 1297 apo-

1011 1323 1081 1386 stoli,
1099 1322 1146 1394 qui
1159 1338 1221 1377 eam
1234 1321 1321 1394 signis
1336 1329 1363 1376 ct
1382 1317 1522 1375 miraculis
1538 1318 1573 1373 ad
1590 1316 1727 1372 Christum
1742 1330 1810 1386 per-

1013 1411 1161 1467 duxerunt.
1193 1409 1327 1466 Ecclesiae
1353 1405 1556 1480 peregrinantis
1570 1404 1642 1462 oculi
1663 1412 1727 1460 sunt
1746 1402 1810 1474 epi-

1013 1500 1090 1571 scopi
1108 1506 1135 1556 et
1153 1498 1199 1554 alii
1223 1497 1339 1570 praelati,
1362 1497 1407 1569 qui
1429 1511 1492 1552 earn
1524 1492 1763 1567 predicationibus
1782 1498 1810 1547 et

1013 1586 1146 1659 exemplis
1169 1586 1203 1643 ad
1227 1586 1310 1643 vitam
1324 1593 1453 1641 aeternam
1468 1582 1633 1655 perducunt,
1648 1597 1708 1654 qum
1721 1580 1809 1636 amica

1013 1676 1112 1732 Christi
1136 1675 1244 1742 dicitur,
1265 1675 1329 1746 quia
1349 1674 1383 1728 ad
1406 1672 1528 1730 coelestia
1549 1677 1656 1727 secreta
1677 1677 1804 1725 vocator.

163 1733 320 1800 nibussunt
330 1735 420 1802 uudae,
433 1735 501 1791 labia
516 1739 574 1807 ejus
589 1747 650 1792 sunt
677 1737 823 1802 confessio,
836 1752 890 1808 qua
912 1752 959 1792 ore
974 1756 1001 1816 Β
1017 1764 1066 1820 Cu,
1092 1764 1135 1819 big
1149 1764 1249 1820 dicitur
1271 1762 1343 1836 qnod
1363 1761 1480 1834 pulchra
1491 1761 1535 1826 sit,
1551 1759 1614 1832 quia
1637 1758 1665 1813 in
1680 1757 1770 1814 activa
1783 1764 1810 1812 ol

165 1820 319 1880 confitendo
333 1824 368 1880 ad
389 1825 515 1893 salutem,
532 1826 626 1897 aperit,
646 1827 718 1899 quod
733 1825 816 1882 corde
831 1825 959 1894 adjusti-

164 1910 228 1965 tiam
244 1913 340 1968 credit.
354 1911 420 1982 Quae
435 1913 507 1970 labia
521 1923 583 1970 suut
596 1915 659 1972 vitta
670 1915 799 1972 coccinea
812 1915 875 1970 dum
891 1930 959 1971 con-

164 1997 254 2055 fitetur
269 2001 430 2074 sanguinem
445 2002 545 2058 Christi
553 2019 615 2060 esse
630 2003 749 2074 pretium
763 2003 960 2075 redemptionis

164 2103 231 2156 suae,
248 2096 273 2144 et
287 2105 337 2162 per
352 2090 421 2146 hanc
446 2091 554 2148 cohibet
574 2091 698 2163 capillos,
715 2091 743 2146 id
758 2100 798 2147 est
813 2091 959 2164 cogitatio-

163 2189 211 2232 nes
227 2192 291 2232 suas
312 2195 327 2232 a
342 2179 475 2250 peccatis.
501 2181 587 2250 liujus
609 2196 689 2252 genae
707 2188 769 2236 sunt
783 2181 958 2248 verecundia,

163 2280 217 2335 qua
237 2266 373 2322 erubescit
394 2283 520 2339 peccare,
543 2270 588 2324 vel
606 2285 745 2340 peccasse.
765 2268 832 2338 Qum
856 2277 918 2324 suut
933 2279 961 2326 ut

164 2351 290 2424 fragmen
305 2353 369 2409 mali
383 2353 484 2425 punici,
500 2355 564 2428 quia
574 2357 694 2413 exterius
709 2357 808 2412 rubent
817 2356 960 2424 charitate,

165 2439 279 2497 interius
303 2442 445 2500 albescunt
465 2446 603 2510 castitate;
627 2445 725 2502 collum
743 2445 801 2515 ejus
822 2454 864 2502 est
879 2445 962 2502 intel-

164 2527 263 2596 lectus,
282 2531 326 2602 qui
344 2531 436 2604 iungit
450 2533 573 2604 spiritum
588 2543 614 2590 ct
633 2535 761 2601 animam,
776 2535 839 2590 dom
856 2543 961 2590 utrum·

165 2633 217 2689 que
233 2619 360 2690 intelligit
374 2637 455 2678 uuam
471 2637 533 2677 esse
552 2623 745 2678 substantiam.
765 2622 846 2686 Quod
863 2623 961 2680 collum

164 2713 214 2772 est,
232 2708 354 2762 ultumis
369 2707 454 2765 David
469 2725 529 2767 cum
545 2711 756 2782 propugnaculis
770 2720 796 2766 et
810 2711 884 2767 mille
901 2711 962 2783 cly-

165 2795 235 2865 peis,
261 2796 324 2868 quia
345 2795 499 2853 intellectus
521 2799 653 2870 sapientis
676 2800 773 2855 animae
789 2800 906 2856 munitus
921 2810 962 2857 est

167 2883 241 2938 mille
261 2885 463 2956 scripturarum
486 2887 642 2942 sententiis.
663 2889 751 2943 llbera
767 2889 826 2956 ejus
842 2897 903 2943 sunt
916 2906 962 2944 sa-

162 2969 266 3040 pientia
281 2980 308 3027 et
331 2973 453 3042 scientia,
471 2974 571 3045 quibus
585 2977 690 3047 praebet
704 2976 821 3032 indoctis
835 2977 878 3034 lac
893 2977 963 3033 doc-

1014 1852 1224 1925 coutemplativa
1232 1851 1296 1920 vita,
1308 1851 1362 1908 fide
1376 1856 1405 1908 et
1418 1865 1504 1923 opere
1518 1856 1560 1904 est
1574 1847 1709 1919 speciosa.
1721 1846 1810 1916 llujus

1014 1941 1106 2014 capilli
1127 1950 1189 1998 suut
1213 1941 1292 2013 pueri
1314 1939 1358 1996 rel
1381 1939 1454 2007 laici,
1469 1937 1566 1996 dentes
1580 1934 1724 2009 spontanei
1738 1950 1810 2007 pau-

1015 2045 1105 2102 peres,
1131 2029 1203 2085 labia
1226 2029 1331 2098 clerici,
1346 2042 1425 2100 gena
1438 2025 1576 2093 monachi,
1593 2023 1693 2082 collum
1707 2022 1811 2079 eremi-

1016 2126 1059 2188 ta,
1075 2117 1160 2174 ubera
1181 2117 1319 2190 magistri.
1342 2117 1406 2189 lpsa
1419 2123 1462 2172 est
1475 2113 1612 2181 columba,
1628 2112 1693 2186 quia
1706 2120 1812 2184 septem

1015 2206 1094 2264 donis
1113 2207 1230 2278 Spiritus
1253 2205 1342 2262 sancti
1363 2213 1406 2261 est
1426 2204 1526 2276 plena3
1549 2203 1611 2274 ipsa
1634 2215 1728 2274 capra,
1747 2200 1812 2272 quia

1014 2296 1082 2368 petit
1095 2296 1167 2366 alts;
1182 2295 1244 2367 ipsa
1257 2294 1327 2361 ovis,
1343 2294 1409 2368 quia
1421 2291 1573 2358 innoceus;
1588 2290 1649 2362 ipsa
1663 2289 1739 2357 vitta,
1748 2288 1812 2366 quia

1016 2383 1150 2456 religione
1170 2383 1313 2450 districta3
1334 2383 1396 2454 ipsa
1416 2380 1647 2452 malogranatum,
1663 2378 1728 2449 quia
1741 2391 1811 2450 gra·

1016 2473 1059 2528 nis
1072 2472 1208 2528 honorum
1222 2487 1337 2544 operum
1351 2471 1450 2542 plena;
1467 2469 1528 2541 ipsa
1541 2468 1625 2524 turris
1635 2465 1736 2534 David,
1749 2466 1812 2538 quia

1017 2562 1052 2618 ah
1065 2561 1205 2618 hereticis
1218 2558 1440 2632 inexpugnabilis
1453 2578 1460 2624 ;
1480 2558 1542 2631 ipsa
1557 2570 1666 2628 caprea,
1682 2555 1746 2627 quia
1759 2553 1814 2609 eli-

1017 2649 1056 2720 git
1076 2662 1093 2704 a
1113 2647 1193 2705 malis
1209 2649 1289 2704 bona.
1309 2650 1359 2703 Per
1371 2648 1424 2702 has
1438 2647 1552 2702 virtutes
1571 2645 1599 2700 in
1612 2644 1670 2700 suis
1683 2642 1813 2698 membris

1017 2746 1117 2808 regnat
1128 2737 1188 2808 jam
1203 2738 1231 2791 iu
1246 2735 1333 2793 coelis.
1350 2734 1503 2793 Ecclesiam
1517 2733 1739 2807 peregrinantem
1748 2747 1815 2803 praa

1018 2824 1146 2898 figuravit
1159 2825 1365 2882 tabernaculum
1374 2824 1460 2896 lloysi
1473 2823 1500 2878 in
1514 2822 1611 2879 itinere
1623 2821 1809 2893 deportatum.

1017 2914 1172 2971 Ecclesiam
1219 2922 1380 2987 regnantem
1430 2911 1614 2985 prefigurarit
1659 2909 1814 2965 Salomonis

1018 3002 1159 3074 templum,
1189 3003 1217 3057 in
1244 3002 1332 3074 patria
1359 3000 1542 3058 aedificatum:
1579 3000 1608 3054 ia
1634 2998 1814 3055 tabernaculo

162 3059 253 3126 ll'lssae·
268 3053 338 3132 ι(ιῡθῦ
360 3068 422 3117 ⁵¹¹¹st
437 3071 463 3116 ¹¹²
480 3063 594 3119 hinnuli
609 3081 726 3138 coprem,
754 3065 815 3136 ‘lm
829 3066 960 3137 parrulos
975 3088 1000 3151 C
1015 3099 1093 3147 erant
1112 3098 1216 3156 sancta,
1239 3091 1269 3145 in
1292 3091 1392 3163 quibus
1414 3090 1531 3162 populus
1545 3086 1715 3157 immolabat,
1732 3094 1814 3142 eraut

162 3149 190 3204 in
207 3148 325 3218 Christo,
348 3149 375 3205 id
395 3157 435 3206 cst
459 3151 576 3206 humiles
598 3153 731 3210 Ecclesiae
745 3154 813 3210 lacte
827 3155 960 3212 doctrinae

163 3236 285 3294 nutriunt
300 3247 327 3294 et
340 3237 375 3293 ad
390 3239 445 3294 alta
465 3240 593 3298 uirtutum
609 3243 776 3313 provehunt.

197 3379 275 3436 Juxta
290 3383 442 3454 anagogen
457 3383 538 3438 altius
546 3384 706 3457 intelligitur
714 3385 748 3441 de
759 3386 881 3442 Ecclesia
897 3401 958 3458 per·

163 3467 317 3535 egrinaute.
338 3470 371 3524 Et
386 3486 419 3525 ne
433 3470 550 3543 aliquem
575 3482 681 3528 moreat
697 3475 769 3546 quod
785 3490 958 3548 synagogam

162 3567 188 3610 ct
202 3555 353 3615 Ecclesiam
363 3558 479 3614 dicimus
492 3579 498 3614 :
515 3559 696 3618 differentiam
707 3577 839 3634 ponamus
850 3579 955 3632 earum,

161 3651 188 3698 et
202 3645 278 3715 prius
292 3645 327 3702 de
340 3661 480 3721 synagoga
490 3657 517 3704 et
528 3649 661 3706 Ecclesia.
675 3651 821 3725 synagoga
834 3660 874 3708 est
885 3651 957 3708 mul·

90 3727 95 3742 ¹
161 3732 246 3790 titudo
268 3733 387 3790 fidelium
412 3736 550 3810 sublege.
575 3737 701 3796 Ecclesia
714 3749 756 3796 est
770 3740 956 3812 multiplicitas

159 3821 326 3880 credentium
343 3825 394 3881 sub
409 3826 509 3898 gratia.
530 3827 676 3902 Syuagoga
693 3829 789 3886 dicitur
803 3845 958 3904 congrega·

159 3910 207 3978 tio,
223 3913 296 3984 quod
311 3914 428 3985 pertinet
443 3915 477 3970 ad
493 3915 690 3972 irrationabilia
705 3919 748 3974 vel
772 3918 878 3989 lapides
893 3919 958 3990 quia

158 4001 246 4056 ludaei
274 4001 373 4058 baculo
398 4003 468 4075 legis
500 4006 744 4078 congregabantur
773 4016 801 4061 ut
835 4007 896 4061 duri
921 4008 956 4063 ad

158 4087 261 4144 cultum
295 4091 355 4146 Dei.
387 4091 511 4147 Ecclesia
543 4101 632 4148 autom
661 4093 758 4150 dicitur
783 4095 953 4162 convocatio,

119 4250 120 4259 ἵ
158 4177 230 4247 quod
251 4179 369 4247 pertinet
395 4180 429 4233 ad
457 4179 593 4246 homines,
621 4181 686 4252 quia
705 4181 854 4237 Christiani
872 4183 955 4239 verbo

157 4263 359 4333 praedicationis
387 4267 529 4323 convocati
555 4277 618 4324 sunt
655 4270 689 4323 ad
721 4270 801 4326 fidem
836 4271 950 4326 Cluisti.

157 4351 297 4408 Primitira
320 4354 444 4411 Ecclesia
459 4355 560 4411 dicitur
572 4357 753 4414 numerositas
766 4358 901 4429 justorum
918 4359 952 4414 ah

1015 3187 1042 3235 et
1070 3187 1340 3236 sanctasanctorum
1364 3178 1513 3251 inquibus
1537 3176 1695 3233 sacerdotes
1715 3173 1814 3231 offere·

1014 3268 1102 3335 bant;
1127 3284 1178 3339 per
1198 3275 1291 3323 sancta
1312 3267 1445 3338 accipitur
1463 3266 1553 3324 activa
1567 3265 1633 3333 vita,
1650 3265 1678 3320 in
1693 3280 1744 3336 qua
1758 3280 1813 3320 sae-

1015 3357 1122 3413 culares
1137 3356 1273 3420 militant;
1299 3363 1459 3427 persanata
1474 3363 1628 3411 sanctorum
1641 3352 1813 3424 contempla-

1015 3445 1071 3501 tiva
1097 3445 1159 3511 rita,
1175 3445 1204 3500 iu
1231 3460 1285 3517 qua
1299 3444 1456 3516 spirituales
1478 3444 1616 3500 laborant.
1635 3442 1689 3498 Sed
1703 3449 1731 3498 et
1744 3457 1811 3498 cun·

1014 3542 1058 3589 cta
1081 3533 1225 3604 presentis
1249 3533 1382 3589 Ecclesia
1403 3533 1543 3604 mysteria,
1559 3532 1587 3587 in
1602 3531 1700 3587 eodem
1715 3529 1809 3585 taber-

1013 3621 1111 3679 naculo
1138 3628 1202 3676 ¹sunt
1224 3637 1368 3693 expressa.
1398 3620 1616 3678 Tabernaculum
1638 3619 1674 3674 de
1701 3618 1810 3674 loeoad

1014 3710 1105 3767 locum
1128 3710 1293 3775 mutabatur,
1310 3718 1336 3764 et
1356 3725 1373 3764 a
1388 3710 1488 3780 populo
1503 3708 1539 3763 ad
1556 3707 1671 3780 patriam
1685 3706 1812 3763 tendente

1013 3799 1186 3871 portabatur.
1214 3797 1259 3854 Sic
1274 3797 1397 3854 Ecclesia
1420 3797 1455 3853 de
1468 3796 1602 3863 inferiori,
1619 3796 1655 3852 ad
1669 3793 1811 3850 meliorem

1013 3894 1113 3942 statum
1141 3893 1270 3951 mutatur,
1295 3886 1383 3942 donea
1404 3893 1517 3957 peracto
1532 3885 1630 3940 itincre
1655 3884 1735 3952 hujus
1749 3883 1811 3940 ritae

1013 3975 1040 4029 iu
1050 3974 1166 4045 patriam
1180 3974 1302 4045 paradisi
1317 3973 1506 4029 transferatur.
1522 3972 1666 4044 Templum
1680 3981 1769 4027 autem
1782 3971 1810 4026 iu

1012 4063 1100 4133 patria
1127 4078 1144 4117 a
1167 4062 1314 4118 Salomone
1342 4069 1448 4133 septem
1475 4068 1516 4117 est
1544 4060 1622 4117 annis
1646 4059 1810 4117 aedificatum

1012 4151 1047 4206 de
1074 4151 1160 4205 trihus
1189 4151 1323 4214 materiis,
1348 4150 1451 4207 scilicet
1467 4151 1502 4206 de
1521 4150 1604 4206 sectis
1619 4149 1758 4222 lapidibus
1773 4149 1808 4203 de

1011 4239 1081 4293 mari
1109 4239 1234 4305 sublatis,
1258 4238 1292 4294 de
1316 4238 1399 4309 liguis
1426 4237 1558 4306 cedrinis,
1575 4246 1602 4293 et
1625 4239 1660 4294 dc
1674 4253 1740 4294 auro
1756 4254 1809 4309 pu-

1012 4327 1130 4392 rissimo,
1159 4327 1224 4397 quia
1252 4326 1376 4382 Ecclesia
1404 4327 1536 4398 templum
1560 4327 1612 4382 Dei
1635 4327 1663 4381 in
1693 4341 1810 4398 superna

156 4441 229 4496 Abel
258 4459 345 4514 usque
371 4445 406 4499 ,d
435 4443 583 4511 Christum·
603 4447 713 4517 proprie
741 4457 831 4502 autem
855 4425 997 4519 primi-D
1012 4413 1260 4487 patria,aChristo
1274 4431 1339 4470 vero
1352 4414 1466 4486 pacifico
1480 4431 1530 4486 per
1540 4423 1645 4486 septem
1660 4413 1732 4470 dona
1745 4413 1809 4485 Spi-

155 4530 211 4586 tiva
237 4531 364 4588 Ecclesia
383 4540 425 4590 ast
456 4532 620 4590 universitas
644 4533 775 4604 fidelium,
797 4552 848 4607 per
869 4537 952 4592 Chri-

155 4628 224 4673 stum
256 4627 280 4675 ιι
309 4621 448 4692 apostolos
476 4621 511 4676 de
538 4621 641 4678 ludaeis
659 4633 686 4678 et
709 4625 836 4697 gentihus
864 4626 952 4696 primo

155 4713 280 4779 tempore
309 4710 435 4766 collecta.
460 4710 584 4767 Ecclesia
608 4712 729 4783 gentium
749 4724 790 4768 est
810 4713 953 4771 multitudo

155 4796 326 4852 credentium
342 4815 391 4870 per
415 4799 554 4870 apostolos
569 4808 705 4856 eteorum
720 4817 909 4870 successores,
919 4803 954 4858 de

154 4885 281 4942 omuibus
296 4887 425 4958 geratibos
445 4887 479 4942 ad
494 4887 574 4944 fidem
597 4888 698 4944 Christi
720 4890 865 4961 perdocta.
887 4891 955 4946 Uni-

159 4975 275 5030 versalis
298 4977 421 5032 Ecclesia
435 4985 477 5032 est
492 4978 581 5033 omnis
600 4979 793 5034 Christianitas
808 4995 856 5050 por
872 4996 954 5034 muu-

157 5063 221 5118 dum
233 5063 343 5120 diffusa.
364 5065 488 5122 Ecclesia
503 5065 726 5138 imperfectorum
742 5075 784 5122 est
797 5068 913 5138 populus
928 5068 955 5122 in

154 5153 242 5208 activa
266 5154 318 5211 vita
346 5153 461 5225 degens,
486 5171 547 5226 quac
576 5155 628 5208 lroo
652 5155 753 5210 mundo
783 5156 866 5210 utitur
894 5163 955 5211 tan-

154 5255 235 5311 quam
261 5258 315 5297 non
342 5251 442 5311 utatur,
473 5250 500 5297 et
527 5241 699 5298 dilectionem
729 5243 843 5314 proximi
864 5253 957 5302 serrat

155 5326 220 5383 dum
249 5330 288 5385 eis
313 5331 472 5387 necessaria
496 5329 696 5386 subministrat.
721 5333 846 5388 Ecclesia
861 5331 955 5404 perfe-

155 5424 261 5471 ctorum
290 5427 333 5474 est
361 5418 450 5474 clerus
476 5418 504 5472 in
533 5419 742 5490 contemplativa
779 5420 833 5476 rita
862 5421 955 5478 coasi-

157 5512 242 5572 steas,
267 5506 313 5577 qui
342 5507 473 5562 mundum
501 5515 690 5578 transgressus
706 5508 880 5564 dilectionem
907 5509 958 5566 Dei

157 5593 275 5666 legendo
304 5601 330 5650 et
357 5595 460 5650 orando
489 5594 604 5666 implere
627 5596 731 5652 nititur.
757 5598 882 5656 Ecclesia
896 5616 960 5671 per-

1009 4503 1075 4557 ritus
1103 4502 1190 4557 sancti
1207 4503 1234 4557 io
1257 4503 1441 4558 babitaculum
1467 4504 1526 4559 Deo
1555 4501 1749 4572 coaedificatur,
1774 4501 1809 4556 de

1010 4591 1094 4645 tribus
1109 4590 1253 4645 ordinibus
1268 4591 1428 4659 electorum,
1445 4590 1548 4646 seilicet
1563 4591 1597 4645 de
1611 4590 1764 4662 conjugatis
1781 4589 1809 4644 in

1010 4679 1069 4735 salo
1093 4678 1186 4734 saeculi
1211 4678 1433 4734 tribulationibus
1449 4678 1599 4750 quadratis,
1614 4678 1649 4733 de
1663 4677 1808 4734 coutinen-

1010 4769 1082 4824 tihus
1104 4767 1132 4821 in
1154 4767 1300 4823 virtutibus
1324 4766 1476 4835 odoriferis,
1494 4767 1529 4821 de
1544 4766 1702 4823 doctoribus
1716 4767 1744 4820 in
1757 4765 1810 4822 ad-

1009 4857 1138 4912 versitate
1153 4865 1182 4910 ut
1199 4871 1297 4910 aurum
1312 4855 1474 4911 examinatis
1488 4863 1516 4910 et
1531 4854 1664 4927 sapientia
1679 4853 1803 4926 fulgidis.

1011 4947 1042 4999 ln
1055 4946 1109 5000 hoc
1125 4944 1256 5014 templum
1273 4943 1436 4998 translatum
1453 4951 1494 4998 est
1508 4942 1728 5011 tabernaculum,
1744 4942 1809 5015 quia

1011 5048 1136 5104 praesens
1147 5031 1271 5089 Ecclesia
1287 5031 1449 5088 transfertur
1461 5031 1488 5087 in
1507 5032 1580 5086 illius
1593 5031 1653 5103 jam
1667 5030 1809 5102 regnantis

1012 5119 1189 5186 consortium,
1205 5119 1268 5174 ideo
1283 5128 1309 5174 et
1328 5120 1426 5192 regina
1440 5120 1523 5175 austri
1538 5119 1573 5176 de
1587 5119 1722 5191 AEtlriopia
1736 5119 1809 5174 veuit

1013 5210 1040 5263 in
1064 5207 1130 5264 illud
1144 5207 1286 5278 templum,
1303 5208 1368 5280 quia
1392 5209 1450 5264 lraec
1473 5207 1597 5265 Ecclesia
1625 5209 1659 5265 dc
1686 5207 1809 5264 tenebris

1012 5296 1106 5352 mundi
1121 5296 1230 5351 intrabit
1247 5294 1276 5350 in
1289 5295 1397 5352 coelum.

1049 5422 1195 5494 Postquam
1217 5436 1266 5476 rer
1284 5435 1347 5477 cum
1371 5420 1469 5492 regina
1489 5421 1644 5478 convivium
1664 5420 1734 5489 iniit,
1745 5421 1809 5476 iude

1015 5527 1133 5584 surgens
1161 5509 1197 5565 ad
1218 5518 1339 5566 montem
1359 5511 1491 5581 myrrhae,
1515 5509 1543 5564 id
1566 5510 1657 5565 estad
1677 5510 1810 5566 libanum

1015 5598 1091 5656 abiit.
1106 5601 1138 5654 ln
1153 5597 1256 5655 bibano
1273 5597 1374 5671 quippe
1386 5598 1500 5654 arbores
1512 5607 1648 5669 crescunt,
1659 5597 1694 5654 de
1710 5598 1810 5670 quibus
