3942 6067
82 271 149 329 rasa
239 250 280 275 ’·
425 200 432 219 ⁸
624 273 627 281 ·
785 198 1011 305 nrrnouaras
1111 280 1116 301 .
1664 256 1733 315 135,

79 411 215 463 caremus,
231 399 287 451 eta
309 387 475 449 secularium
497 382 636 441 bominum
658 376 751 434 illicita
773 389 876 447 perva-
890 374 921 435 Α
1309 379 1356 435 [ιιΙ

78 487 157 543 sione
170 482 363 554 emancipatas,
379 474 546 533 amatoribus
561 469 660 527 Christi
675 466 787 523 liberius
808 463 877 519 sub·
1007 528 1013 541 .
1366 530 1372 545 ⁹
1411 530 1417 545 Ι

80 576 219 632 aeremia.
235 572 297 644 ugo
317 568 402 641 igitur
426 560 594 636 niginaldus
613 557 649 613 ιι
672 554 793 612 omarum
824 558 878 606 um
963 528 1119 585 rainarius
1134 530 1278 585 armenio
1292 530 1519 604 arrtupscopu
1541 532 1694 602 σοπιινιιαι

79 661 255 737 presentium
283 673 367 731 quam
391 654 543 711 futuromm
567 647 691 705 notitiam
717 641 879 715 protrahere
994 620 1666 691 ⁰m⁷10³ll⁰⁸⁸⁶⁸⁸i⁰l¹⁶⁸mtnttletiiSilirtcurtis.

80 752 181 816 studui,
197 749 274 823 quod
288 762 381 805 comes
395 741 557 800 Eustachius
572 738 669 792 timore
683 731 798 790 extremi
813 746 879 785 exa·
1235 744 1326 815 (Anno
1342 743 1434 816 1135)

109 840 115 851 '
139 840 144 850 '
312 834 318 845 '
525 843 551 881 ιιι
571 824 619 881 rell
641 823 699 878 'osa
723 825 807 875 matre
830 817 879 871 ida
1267 868 1273 880 ,

79 835 531 985 ppwpippeatpgpilpissssiffilaultpuppi
555 840 649 972 comit¹
671 912 776 967 loanne
801 908 880 962 bonae
1093 864 1185 939 [Gaii
1208 867 1325 936 ΨΜ·
1342 875 1365 924 ῑ·
1382 868 1420 937 Χ,
1435 868 1489 925 0⁰1·
1506 868 1587 942 3054

80 1016 219 1075 memoria
233 1011 382 1071 hiorinensi
396 1008 535 1081 episcopo,
549 1006 594 1074 jus
608 1016 689 1058 omna
705 997 778 1072 quod
792 995 879 1051 habe·
968 991 1149 1047 haoruauous
1176 992 1269 1049 divina
1293 993 1483 1065 propitiatione
1511 995 1657 1051 Remorum
1683 1010 1732 1052 ur·

81 1108 127 1163 hat
141 1106 170 1162 in
183 1101 331 1161 ecclesiam
347 1096 438 1156 Sancti
451 1092 568 1151 wlmari
581 1092 610 1147 in
623 1089 736 1147 civitate
759 1082 880 1141 boloniae
932 1080 1133 1152 chiapircopus,
1146 1082 1282 1138 universis
1293 1090 1393 1139 sauctae
1406 1083 1538 1141 Ecclesia
1549 1082 1610 1140 tiliis
1624 1084 1654 1140 in
1664 1100 1731 1158 per·

81 1196 170 1263 sitam,
183 1193 299 1249 liberum
314 1197 341 1246 et
363 1185 519 1244 absolutum
543 1180 660 1238 Domino
681 1178 746 1233 iesu
770 1173 880 1231 Christo
933 1178 1055 1243 potuum.

82 1282 227 1351 concessit,
243 1296 276 1337 ιο
290 1277 417 1335 videlicet
430 1283 524 1330 tenore
546 1268 620 1344 quod
644 1264 767 1325 canonici
782 1278 880 1319 secun·
969 1258 1038 1313 Cum
1052 1256 1087 1313 ad
1102 1257 1172 1313 bene
1186 1258 1356 1331 operandum
1371 1260 1540 1319 subditorum
1564 1261 1670 1319 animos
1685 1262 1731 1317 irr-

83 1373 147 1430 dum
163 1369 286 1444 regulam
302 1364 389 1423 suncti
400 1360 552 1437 Augustini
565 1356 729 1430 regulariter
743 1353 878 1417 viventes,
934 1347 1053 1403 iormsre
1067 1352 1096 1402 et
1109 1346 1170 1403 vitas
1183 1348 1325 1419 exemplar
1350 1364 1412 1405 esse
1436 1349 1596 1418 debeamus,
1621 1350 1645 1406 si
1669 1364 1733 1422 pec-

81 1462 120 1517 ibi
141 1459 379 1517 substituerentur.
404 1454 482 1509 Hanc
504 1450 592 1521 ipsam
616 1444 789 1501 donationem
814 1454 880 1497 suc·
934 1436 1002 1493 catis
1022 1436 1194 1508 exigentibus
1220 1436 1338 1507 pastoris
1361 1436 1479 1494 officium
1504 1437 1617 1495 minime
1640 1439 1732 1495 adim·

82 1564 178 1607 cessor
191 1546 271 1617 huius
285 1560 380 1602 comes
396 1541 561 1613 Stephanus,
578 1551 640 1593 cum
654 1548 742 1589 uxore
757 1545 807 1586 sua
822 1530 881 1584 hia·
935 1526 1012 1596 ptere
1027 1524 1161 1590 vatemus,
1176 1540 1272 1580 eorum
1287 1524 1330 1581 vel
1345 1526 1424 1581 bonis
1439 1526 1567 1597 operibus
1588 1536 1732 1600 cougratu.

82 1637 177 1705 thilda,
192 1632 380 1708 inpraesentia
394 1628 487 1687 domni
502 1624 611 1683 Milonis
635 1620 803 1678 successoris
825 1619 881 1688 jam
935 1613 998 1681 luri,
1015 1620 1041 1670 et
1056 1613 1082 1667 in
1097 1613 1189 1685 atiquo
1211 1612 1359 1685 participes
1376 1630 1439 1671 esse
1459 1615 1631 1672 studeamus.
1648 1616 1733 1673 luctis

83 1727 149 1783 dicti
162 1724 276 1785 ioannis
290 1716 472 1787 confirmarit,
485 1724 565 1788 atque
574 1709 793 1768 distributionem
808 1722 880 1778 prae·
895 1726 921 1789 B
936 1702 1020 1775 igitur
1032 1701 1210 1773 petitionibus
1224 1702 1387 1758 venerabilis
1403 1701 1549 1759 confratris
1565 1704 1651 1760 nostri
1663 1703 1734 1761 Gua-

82 1814 242 1877 bendarum,
257 1819 285 1867 et
300 1812 345 1881 ius
359 1823 441 1864 omne
454 1805 528 1877 quod
550 1802 578 1856 iu
604 1799 737 1873 praedicta
761 1795 881 1851 ecclesia
936 1791 989 1846 riui
1004 1790 1209 1846 Ambianensis
1225 1790 1357 1862 episcopi,
1382 1798 1463 1861 prout
1486 1791 1599 1863 dignum
1621 1799 1673 1860 est,
1687 1808 1736 1864 pa-

84 1912 148 1977 post
174 1900 314 1973 praelatam
348 1895 521 1954 donationem
552 1890 654 1960 iniuste
690 1891 880 1957 usurpaverat,
935 1888 1015 1935 teruo
1037 1878 1134 1935 affectu
1156 1886 1318 1944 annuentes,
1342 1879 1435 1936 lacurn
1457 1878 1485 1935 iu
1507 1878 1669 1938 Selincuriae
1683 1896 1736 1955 pa-

85 2000 214 2065 rastituit,
229 2006 256 2055 et
275 1995 407 2053 iratribus
436 1992 488 2048 sub
513 1987 609 2062 regula
634 1982 705 2041 beati
736 1980 882 2054 Augustini
936 1966 1218 2025 l⁰⁰hi⁸⁰⁰11⁵¹il¹¹lum
1246 1966 1387 2024 (ἷῡθῑῑθΐῖθ
1415 1966 1508 2023 abbati
1534 1969 1648 2041 eiusque
1675 1986 1737 2027 ⁸¹¹⁰·

86 2089 215 2162 religiose
243 2087 270 2143 iu
295 2093 435 2158 posterum
463 2078 575 2137 victuris
608 2074 708 2131 ibidem
737 2069 882 2129 concessit.
937 2055 1095 2112 sessoribus
1113 2055 1246 2112 canonice
1268 2055 1481 2126 promovendis,
1507 2062 1534 2112 et
1558 2056 1684 2113 tratribus
1709 2056 1738 2113 in

86 2185 171 2245 Vobis
187 2200 267 2259 ergo,
281 2183 378 2239 iratres
401 2176 556 2237 charissimi
575 2174 602 2229 in
628 2171 746 2229 Domino
770 2185 802 2225 sc
826 2166 883 2235 lilii,
939 2144 1037 2202 0⁰d⁰¹¹¹
1052 2144 1112 2203 ¹⁰⁰⁰
1136 2144 1296 2200 ⁰³⁰⁰¹¹i⁰⁸⁰¹
1321 2144 1395 2199 belii
1416 2142 1563 2216 Ᾰῦἕῦὓῑῑῠῑ
1585 2146 1737 2203 Observan-

87 2283 227 2358 ΝΜ
247 2280 393 2339 ecelesiam
418 2279 534 2351 ejusque
556 2271 747 2346 possessiones
768 2282 835 2340 quas
858 2265 886 2321 in
939 2234 1004 2332 tiam
1018 2231 1206 2305 profitentibus
1227 2248 1375 2305 eorumque
1397 2232 1618 2301 successoribus,
1632 2241 1659 2289 et
1678 2248 1739 2290 om·

87 2380 226 2453 menn,
242 2377 374 2450 possidet.
402 2375 447 2432 νει
474 2373 503 2428 in
530 2370 652 2427 futurum
680 2365 831 2442 possidebu
859 2370 886 2419 et
939 2336 985 2377 nra
1000 2338 1062 2394 quas
1076 2322 1103 2377 in
1117 2322 1247 2394 prasenti
1264 2320 1397 2394 praenioto
1415 2320 1476 2379 ioco
1498 2336 1513 2376 a
1539 2318 1666 2378 fidelibus
1681 2322 1741 2378 col·

158 2477 189 2489 ..
410 2473 416 2485 .
649 2468 655 2478 ‚
939 2409 996 2466 lata
1010 2418 1081 2479 suut,
1099 2425 1212 2483 quaeque
1228 2410 1309 2466 etiam
1330 2410 1357 2465 iu
1379 2410 1471 2466 tuturo
1495 2408 1624 2481 praedicta
1646 2409 1739 2467 eccle·

86 2485 251 2551 acquisitura
264 2482 315 2543 est,
332 2481 488 2543 vestrisque
503 2468 708 2527 successoribus
724 2465 775 2521 sub
790 2461 887 2536 regula
940 2500 982 2556 sia
996 2498 1190 2555 rationabiliter
1203 2514 1365 2571 possessum
1380 2506 1431 2565 est,
1448 2513 1481 2555 ea
1504 2498 1586 2555 etiam
1611 2514 1671 2572 φη
1693 2497 1739 2554 in·

88 2576 160 2633 bfflli
173 2572 320 2647 iniustini
342 2573 401 2628 ⁰⁰⁰
426 2567 580 2625 mmmm
604 2563 812 2636 Ιιὶθιι’0901ἰίαιηι
835 2577 887 2617 ⁸¹¹¹
942 2588 1027 2645 iarius
1056 2587 1260 2656 adnotabimus,
1288 2589 1432 2659 praesentis
1457 2586 1592 2661 privilegii
1616 2588 1737 2644 auctori-

88 2672 210 2730 ctoritate
225 2668 429 2727 confirmamus.
444 2666 513 2721 illud
528 2680 595 2720 saue
609 2661 763 2735 religionis,
779 2667 834 2716 etc.
854 2660 889 2715 Ut
942 2685 997 2734 mg
1012 2675 1218 2734 oonfipmgmug
1240 2677 1306 2733 ΗΜ
1320 2685 1410 2732 ΜΘΗ,
1426 2683 1490 2731 ,ung
1504 2692 1565 2749 φη
1587 2674 1739 2743 firmamus,

87 2779 176 2827 autem
191 2767 274 2841 hujus
295 2765 433 2823 schedula.
459 2763 624 2820 coutinentia
651 2758 750 2816 tuturis
778 2766 887 2828 tempo·
943 2766 1071 2821 videlicet
1084 2774 1157 2822 terra
1172 2782 1233 2837 quae
1246 2772 1289 2821 est
1303 2765 1378 2821 circa
1392 2763 1547 2831 ecclesiam,
1560 2772 1626 2831 eto,
1637 2766 1698 2837 {era
1707 2766 1741 2820 ct

88 2868 167 2923 ribus
181 2872 240 2921 rata
265 2872 292 2921 et
318 2861 481 2921 inconvulsa
507 2866 677 2933 permaneat,
706 2853 890 2928 probabilium
942 2856 975 2911 iu
991 2855 1092 2912 charta
1108 2854 1228 2911 Guarini
1246 2852 1370 2927 episcopi
1384 2852 1433 2925 (6).
1449 2854 1484 2910 Ut
1499 2861 1589 2909 autem
1604 2852 1684 2922 hujus
1697 2848 1741 2909 de·

88 2980 265 3040 personarum
286 2959 476 3017 subnotatione
504 2967 532 3015 ιι
554 2956 638 3030 sigilli
662 2954 749 3011 nostri
771 2954 890 3026 impres·
943 2943 1011 3001 creti
1024 2942 1124 3015 pagina
1152 2944 1337 3014 inposterum
1362 2954 1420 2997 rata
1444 2949 1470 2997 et
1494 2940 1655 2997 inconuulsa
1680 2956 1742 3012 per·

89 3064 167 3120 sione
182 3076 242 3119 eam
257 3058 428 3117 comborn&
443 3056 567 3113 fecimus·
904 3041 1063 3139 Cmaneat,
1079 3030 1205 3103 imaginis
1224 3038 1324 3086 nostre
1347 3030 1536 3101 impressione,
1562 3036 1589 3085 et
1610 3028 1742 3102 probabi·

942 3122 1009 3178 lium
1038 3136 1216 3193 personarum
1253 3117 1434 3176 intitulatione
1469 3134 1529 3174 eam
1564 3115 1741 3176 corroborari

944 3211 1069 3269 lecimus.

977 3298 1091 3373 Signum
1105 3298 1207 3355 Joslani
1223 3296 1431 3355 Suessiouensis
1441 3296 1578 3369 episcopi.

979 3388 1038 3462 Sig.
1053 3386 1166 3444 loffredi
1178 3387 1383 3443 catalaunensis
1398 3386 1532 3459 episcopi.

126 3162 242 3233 Signum
255 3159 364 3215 losseui
378 3155 585 3213 suessionensis
600 3151 732 3227 episcopi.

126 3260 157 3317 S.
173 3258 280 3315 llilonis
295 3254 458 3314 lloriuensis
473 3252 605 3327 episcopi.

127 3356 159 3413 S.
176 3354 305 3413 Ursiouis
318 3353 426 3410 abbatis
442 3352 535 3409 Sancti
550 3347 697 3421 Dionyssi.

127 3456 157 3510 S.
172 3452 297 3524 Hugouis
310 3450 418 3508 abbatis
433 3450 468 3505 de
482 3450 574 3505 llonte
588 3447 681 3504 Sancti
694 3444 791 3520 Eligii.
980 3477 1008 3533 S·
1025 3476 1112 3533 misi
1126 3476 1308 3533 Atrebatemis
1323 3474 1455 3547 episcopi·

127 3552 159 3608 S.
178 3549 304 3608 Balduini
330 3550 438 3605 abbatis
465 3548 559 3605 Sancti
593 3547 726 3605 vincentii
762 3545 890 3602 Silvane-
980 3564 1010 3621 s·
1026 3566 1134 3622 Milonis
1149 3564 1312 3621 postumi,
1327 3562 1461 3636 episcopi,

91 3649 206 3707 ctensis.
980 3654 1009 3711 S.
1026 3652 1130 3710 Odonis
1145 3652 1252 3708 abbatis
1264 3652 1355 3708 Sancti
1370 3651 1502 3723 Remigii.

127 3739 163 3795 S.
182 3737 297 3795 loannis
310 3736 417 3793 abbatis
430 3736 521 3792 30⁸¹ae
533 3733 624 3790 litii&
635 3731 818 3791 Bolosslelllil·
979 3742 1012 3800 S.
1030 3740 1190 3815 ingulranni
1204 3738 1424 3796 hltoriltsrensis
1438 3739 1557 3795 abbatis.

129 3834 158 3891 S.
173 3834 240 3891 hdie
254 3832 361 3889 abbatis
375 3830 468 3889 Sancti
481 3830 581 3887 tutori
595 3829 622 3884 in
638 3828 771 3886 Nemore.
980 3830 1009 3887 S.
1023 3829 1135 3886 toranni
1148 3826 1255 3884 abbatis
1269 3827 1360 3884 Sancti
1374 3826 1507 3883 Nichasii.

128 3933 227 3990 actum
240 3930 333 3987 hemis
347 3944 419 3985 anno
430 3928 509 3996 ttae,
523 3934 660 4001 regnante
674 3925 812 3983 ludovico
823 3938 891 3999 rege
979 3918 1105 3976 Ursionis
1120 3916 1228 3977 abbatis
1243 3915 1340 3973 Sancti
1355 3914 1490 3987 Dionysii.

94 4028 261 4084 Francorum
275 4039 347 4080 anuo
361 4037 432 4078 xxvi
446 4024 486 4095 (5)
500 4022 579 4095 regni
601 4022 653 4091 sui,
668 4020 891 4093 archiepiscopa-
980 4008 1012 4065 S·
1032 4008 1156 4079 Hussonis
1172 4005 1280 4062 abbatis
1294 4004 1329 4061 de
1343 4006 1434 4061 Monte
1448 4002 1543 4061 Sancti
1556 4000 1650 4077 Eligii.

93 4132 140 4181 gu„
154 4138 219 4185 pem
233 4121 337 4181 domini
350 4118 478 4178 ggngpfi
492 4134 564 4177 guno
580 4135 623 4175 η,
942 4102 945 4107 ’
981 4097 1012 4152 S.
1031 4094 1194 4151 Theoderici
1208 4093 1313 4150 abbatis
1328 4094 1357 4151 S.
1373 4092 1457 4167 Eligii
1469 4092 1672 4149 Noviomeusis.

980 4184 1013 4241 S.
1031 4184 1145 4253 hlbrici,
1160 4184 1190 4240 S.
1211 4182 1344 4256 liugouis,
1360 4180 1629 4239 archidiaconorum.

127 4405 168 4545 ιι
902 4426 931 4489 1>

92 4467 889 4626 ...lathablathaethiietih
943 4472 1147 4615 iiiiiiiii
1161 4465 1742 4621 iithttttttzttttita‘aula

93 4615 207 4671 decrmae
220 4630 290 4687 quas
303 4615 434 4670 tenebant
444 4614 563 4669 ioannes
576 4612 772 4679 deBcicruitc,
783 4613 889 4669 lindul-
962 4630 1005 4670 ιι
1020 4612 1096 4669 ducit
1114 4611 1149 4667 ad
1164 4610 1264 4677 vilers,
1280 4624 1365 4682 usque
1380 4610 1416 4666 ad
1431 4610 1503 4666 riam
1521 4624 1583 4679 oua
1597 4608 1683 4665 tendit
1704 4609 1740 4664 ad

93 4686 165 4767 phua
179 4686 291 4750 llaleus,
306 4685 436 4742 Alaricus
456 4684 492 4739 de
515 4683 590 4765 Reiz,
606 4691 633 4740 et
653 4686 736 4739 tertia
753 4699 816 4753 pars
837 4684 886 4740 de·
943 4632 1084 4751 irascort,
1100 4690 1128 4739 ιι
1161 4689 1250 4737 ratum
1268 4682 1341 4754 quod
1356 4690 1397 4738 est
1416 4684 1490 4749 iuxta
1508 4680 1635 4737 eamdem
1657 4679 1740 4747 viam,

94 4771 172 4812 ιιιιιιι
185 4757 221 4811 de
235 4755 369 4821 Worluis,
386 4771 447 4827 qnae
459 4769 551 4810 omura
568 4755 667 4826 -Drogo
685 4762 713 4809 ιι
735 4752 808 4809 titius
830 4757 890 4825 ejus
945 4754 1113 4838 quaomnia
1155 4751 1291 4808 uillelmns
1306 4752 1509 4825 dicebamque
1531 4751 1665 4815 homiues,
1683 4749 1741 4807 sci-

94 4827 219 4885 ecclesias
233 4826 319 4883 libere
333 4832 543 4891 concesseruut3
564 4832 592 4879 ιι
605 4826 684 4879 ιιιιιι
699 4838 763 4895 pars
778 4825 892 4881 decimes
945 4827 1191 4897 lucetlugeraunus
1202 4823 1236 4877 de
1246 4822 1351 4893 Belnay
1362 4830 1389 4878 ιι
1399 4821 1538 4879 llenoldus
1549 4820 1583 4877 de
1593 4820 1740 4877 Gislebert·

95 4897 131 4953 de
150 4896 423 4953 Tenesneulmaisnil
443 4912 526 4970 quam
540 4894 616 4951 dedit
638 4895 763 4968 llogerus
780 4895 815 4951 de
838 4896 891 4952 Se·
946 4896 1055 4953 maisnil
1069 4894 1201 4967 quidquid
1218 4894 1245 4949 in
1270 4893 1311 4949 eis
1337 4892 1513 4975 possidebant
1536 4890 1625 4946 aldem
1649 4890 1741 4947 eccle-

93 4968 228 5038 lincuria;
244 4968 362 5024 decimae
376 4969 459 5024 etiam
472 4967 593 5023 omnium
612 4966 770 5021 animalium
784 4974 810 5021 et
825 4967 891 5022 hor·
947 4970 994 5024 sia
1010 4972 1214 5029 concesserunt,
1241 4970 1267 5019 ιι
1290 4972 1369 5019 ιιιιιι
1392 4978 1458 5033 pars
1480 4960 1593 5017 decimas
1618 4961 1742 5029 ejusdem

95 5046 184 5095 torum
199 5040 323 5108 ejusdem
345 5038 407 5105 loci,
424 5054 494 5111 quas
521 5037 657 5093 concessit
683 5038 800 5092 domnus
828 5038 893 5094 Fru·
946 5043 1032 5096 terrae
1046 5052 1128 5109 quam
1143 5035 1302 5106 liudulphus
1315 5034 1351 5089 de
1374 5031 1628 5089 Gislebertmuisuil
1652 5029 1742 5087 attilii

95 5110 203 5167 meldos
216 5111 292 5181 prior
304 5118 331 5165 et
346 5110 504 5166 universum
519 5108 665 5178 capitutum
681 5108 804 5165 ecclesias
816 5108 894 5165 beuti
947 5111 1007 5180 ejus
1030 5108 1174 5164 dederunt.
1203 5106 1294 5161 Tertia
1322 5118 1387 5159 vero
1415 5116 1478 5175 pars
1505 5103 1619 5161 decima
1648 5101 1742 5160 altaris

96 5180 204 5237 blartini
217 5181 410 5238 ambianensis
425 5180 553 5235 iratribus
565 5179 668 5233 ibidem
688 5180 747 5235 lieo
766 5181 893 5235 seruien-
948 5189 976 5239 et
989 5180 1066 5237 curis
1079 5179 1177 5235 libera.
1199 5190 1260 5249 qua
1285 5175 1403 5231 domnus
1433 5174 1571 5231 Guarinus
1598 5173 1743 5244 episcopus

96 5252 182 5318 tibus,
198 5259 225 5308 et
240 5250 346 5307 decima
359 5251 444 5308 totius
459 5258 539 5306 terrae
550 5249 894 5307 Ernoldisacerdotistra-
948 5260 976 5308 ιι
995 5252 1112 5307 domnus
1138 5248 1241 5320 Spmon
1270 5246 1483 5302 archidiaconus
1506 5244 1597 5300 eidem
1619 5243 1744 5301 ecclesias

97 5323 201 5395 triaque
213 5322 273 5393 ejus
288 5322 372 5389 Clari,
388 5330 415 5377 ιι
429 5322 510 5376 ιιιιίι
524 5336 588 5392 pars
606 5320 720 5378 decimae
737 5337 799 5394 quae
814 5322 895 5392 perti·
949 5327 1154 5384 concesserunt,
1179 5327 1206 5373 et
1233 5332 1346 5388 campus
1370 5332 1451 5389 quem
1476 5316 1550 5372 dedit
1573 5315 1744 5387 supradictus

97 5395 193 5449 netad
209 5394 509 5454 attared'listrutscia,
524 5401 551 5447 et
565 5392 673 5448 decima
695 5404 776 5449 terrra
796 5394 896 5449 Valteri
949 5393 1103 5459 lienoldus,
1116 5392 1194 5457 cujus
1209 5389 1359 5459 terragium
1383 5396 1412 5443 ιι
1435 5387 1571 5445 decimam
1595 5385 1651 5441 sibi
1677 5386 1745 5441 reti·

98 5464 205 5521 Wsstel
220 5472 248 5522 ιι
261 5464 312 5519 lilii
324 5465 384 5535 ejus
394 5462 538 5533 [ludulphi.
549 5461 896 5519 TerraetiamdeTenenl-
949 5465 1023 5529 nnit;
1038 5478 1102 5535 pars
1117 5461 1197 5516 etiam
1211 5458 1361 5515 molendini
1376 5472 1436 5531 qua
1457 5458 1505 5513 tuit
1520 5452 1661 5513 Guillelmi
1674 5471 1743 5513 cou-

97 5534 218 5600 maisnil,
265 5551 327 5590 nam
356 5537 483 5607 hogerus
507 5531 667 5600 Clabotdus,
691 5534 854 5590 Eustachius
869 5541 896 5591 et
950 5534 1024 5594 versi
1038 5529 1260 5590 ecclesioesancti
1274 5528 1380 5593 Judoci,
1397 5543 1478 5600 quarn
1494 5528 1579 5583 abbas
1601 5526 1745 5601 omnisque

98 5604 239 5661 walterus
293 5606 393 5661 nardus
406 5605 497 5661 eidem
518 5602 642 5659 ecclesia
664 5602 808 5672 dederunt,
824 5620 894 5662 cou-
949 5612 1100 5664 conventus
1114 5600 1201 5658 sancti
1215 5599 1315 5657 duduci
1335 5599 1425 5656 sidem
1445 5598 1571 5657 ecclesiae
1594 5612 1746 5687 poncesso-
1803 5674 1808 5684 ¹

98 5673 214 5733 ιιιιιιιι
226 5672 359 5749 Drogone
372 5677 409 5733 da
422 5673 577 5733 selincuria
593 5687 611 5731 a
633 5689 688 5746 quo
710 5675 850 5746 tenebant,
867 5683 894 5736 et
949 5684 1025 5735 runt.
1048 5694 1061 5728 s

259 5772 560 5863 Paucutthxxll,
1550 5767 1592 5855 tt
