3942 6067
231 253 303 319 sita
550 249 705 316 dodoau
723 246 978 315 andustonnu.
1003 255 1081 313 ore.
1102 244 1169 314 aits
1188 258 1236 314 ru.
1257 286 1292 300 -
1311 250 1513 317 traductos.
1817 250 1899 317 tior

230 383 378 456 scripturis
391 384 521 445 diversas
541 385 689 442 sententias
710 384 832 453 audiunt,
849 384 929 457 quasi
955 384 1030 440 varia
1045 386 1073 449 Α
1088 390 1186 457 gauter
1199 398 1281 439 unam
1295 400 1354 439 rem
1367 399 1384 440 a
1397 384 1513 441 Domino
1527 382 1620 457 petite,
1636 382 1706 439 hanc
1720 398 1795 457 saepe
1810 385 1900 441 bonis

229 473 328 545 pocula
344 483 451 534 mternae
465 475 618 533 dulcedinis
640 474 779 531 hauriunt.
808 476 867 531 lloo
881 490 949 547 ergo
964 482 1037 531 tem·
1091 470 1220 545 operibus
1244 472 1383 545 requirite,
1409 482 1437 529 ut
1461 474 1488 529 in
1515 472 1597 531 domo
1625 472 1734 529 Domini
1762 474 1900 531 habitetis

230 563 307 635 plum
323 573 446 623 sanctum
462 566 580 631 Domini,
596 564 747 632 karissimi,
772 564 879 622 visitate
901 565 1035 637 frequen·
1090 561 1217 619 omnibus
1232 561 1328 620 diebus
1345 563 1407 620 uitae
1430 572 1526 620 uestrae
1545 563 1637 635 (Prot.
1657 563 1730 635 xxti)
1755 564 1795 620 [ie
1811 564 1900 633 hujus

230 668 281 725 ier,
299 654 463 713 uoluntatem
485 654 594 713 Domini
617 654 711 713 videre
734 657 762 710 in
781 670 813 710 ea
837 654 944 724 discite,
967 654 1034 711 dili-
1088 650 1196 711 aedilicii
1212 660 1348 709 structura
1361 652 1427 710 dicit
1442 652 1497 710 alio
1511 652 1572 710 loco
1586 653 1737 724 Scriptura.

898 833 933 899 Si
950 836 1004 901 vis
1018 835 1077 902 hic
1092 837 1218 920 incipe.

264 1071 335 1133 licce
349 1074 432 1132 mitto
446 1071 476 1131 in
491 1074 691 1147 fundamentis
713 1074 786 1147 syon
811 1073 936 1149 lapidem
955 1075 1136 1149 copularem,
1155 1074 1315 1147 preciosum
1335 1073 1469 1131 eiectum.
1500 1070 1552 1142 out
1573 1072 1604 1129 in
1627 1072 1706 1131 nunc
1722 1071 1884 1147 offenderit

229 1175 428 1247 conirinpetur
442 1194 452 1241 ,·
469 1188 651 1248 caperonem
665 1187 729 1231 uero
743 1173 888 1241 ceciderit,
905 1178 1071 1232 conteretur·
1084 1172 1151 1245 (tra.
1171 1173 1285 1245 xxvm).

264 1273 340 1345 Syon
353 1271 391 1329 lut
405 1288 459 1329 arx
473 1271 655 1343 Hierusalem,
668 1280 694 1330 et
708 1270 808 1329 dicitur
821 1270 938 1345 apecula
957 1280 985 1328 et
1007 1275 1050 1329 est
1069 1268 1195 1331 Ecclesia
1218 1288 1279 1345 quae
1302 1288 1397 1345 regem
1402 1310 1839 1331 .............
1872 1284 1879 1299 ·

263 1822 313 1882 llic
329 1822 435 1881 decinit
449 1819 538 1880 codex
552 1822 766 1895 manuscriptus
782 1822 995 1889 linenouienric,
1013 1816 1094 1893 cujus
1108 1821 1220 1878 trintum
1234 1838 1291 1880 non
1306 1822 1439 1879 habemus
1462 1822 1538 1880 unde
1560 1826 1753 1898 suppleamur.
1781 1825 1881 1882 Editio

228 1922 403 1980 coloniensis
415 1923 556 1996 duplicem
570 1922 615 1977 liic
629 1936 787 1978 sermonem
816 1921 929 1976 inlidet
952 1921 993 1977 De
1008 1919 1179 1977 dedicatione
1193 1920 1327 1989 ecclesie,
1344 1921 1392 1977 sed
1406 1926 1558 1995 utrumqne
1573 1940 1590 1978 a
1604 1926 1700 1979 nostro
1715 1925 1876 1981 diuersum.

226 2023 279 2079 llos
294 2020 340 2076 lire
355 2026 487 2077 attexere
501 2038 593 2095 operae
606 2019 733 2093 pretium
747 2020 884 2075 ducimus
899 2036 936 2075 ex
951 2019 1046 2087 unico,
1063 2020 1134 2093 qnod
1148 2037 1226 2077 nunc
1249 2022 1353 2087 exstet,
1375 2022 1508 2078 editionis
1527 2022 1667 2094 principis
1685 2024 1852 2095 exemplari
1869 2040 1876 2095 ;

226 2122 457 2181 nnncnoiisaum
472 2137 585 2178 summa
599 2121 781 2176 humanitate
795 2118 1017 2175 communicavit
1028 2134 1053 2173 v.
1071 2120 1106 2175 ol.
1123 2136 1215 2176 comcs
1230 2117 1263 2174 dc
1278 2118 1496 2177 L'Escanorrsa.

400 2566 499 2792 ru
550 2638 1178 2795 nuntcnmomc
1235 2638 1693 2793 occanum

757 2992 1119 3107 SERMONES
1174 2993 1336 3107 DUO.

257 3398 412 3473 (Speculum
427 3395 559 3454 Ecclesia
573 3394 631 3452 sive
643 3407 786 3451 sermones
800 3390 905 3465 aliquot
918 3392 1070 3469 evangelici
1094 3400 1149 3451 tam
1172 3394 1207 3453 de
1228 3397 1352 3470 tempore
1376 3410 1459 3469 quam
1483 3396 1518 3454 de
1543 3396 1654 3465 sanctis,
1678 3395 1734 3454 divi
1755 3394 1875 3453 Honorii

220 3497 377 3571 presbyteri
390 3494 655 3571 Augustodunensis,
680 3491 726 3567 qui
746 3490 835 3548 llomit
859 3499 923 3549 ante
937 3508 1023 3552 annos
1041 3494 1255 3568 quadringentos
1276 3503 1303 3552 et
1325 3494 1395 3552 inter
1417 3494 1538 3553 illustres
1561 3494 1693 3554 Ecclesia
1719 3494 1878 3568 scriptores

221 3604 436 3656 connumeratus
447 3603 499 3654 est.
515 3626 549 3639 -
564 3594 654 3653 Editio
669 3592 769 3667 prima.
784 3622 819 3635 -
835 3590 956 3652 Colonia
970 3610 1004 3651 ex
1018 3593 1121 3651 adibus
1137 3592 1318 3663 Quinteltnis,
1332 3594 1425 3667 1531.)

1018 3880 1076 3891 fi—

836 4104 1021 4183 SERMO
1050 4106 1268 4184 PRIMUS.

264 4384 449 4457 Dilectissimi,
470 4382 672 4441 consideranda
690 4390 733 4440 est
752 4383 922 4441 constructio
948 4385 1030 4455 hujus
1044 4389 1071 4453 Β
1085 4388 1208 4445 laudare.
1233 4389 1328 4447 activa
1342 4405 1409 4445 vero
1432 4389 1488 4446 vita
1514 4368 1559 4447 cst
1584 4396 1687 4448 castam
1711 4388 1794 4449 uitam
1823 4406 1891 4447 cum

230 4476 330 4533 domus
343 4475 486 4545 orationis,
501 4474 584 4546 cujus
599 4472 680 4529 hodie
695 4473 830 4529 solemnia
842 4474 962 4530 colimus
984 4474 1028 4531 le·
1085 4477 1201 4552 conjuge
1216 4478 1327 4545 ducere,
1344 4476 1416 4535 lilios
1431 4478 1457 4534 in
1472 4478 1522 4535 Dei
1534 4480 1634 4536 timore
1647 4480 1761 4548 nutrire,
1776 4496 1890 4551 paupe-

230 4566 308 4623 stive
332 4564 524 4622 dedicationis.
547 4564 651 4619 Domus
672 4562 731 4619 haec
756 4578 837 4635 quam
859 4564 905 4619 hic
919 4563 1027 4632 videtis,
1084 4584 1127 4624 res
1141 4568 1202 4624 cibo
1218 4575 1244 4623 et
1258 4575 1324 4641 potu
1338 4584 1476 4638 recreare,
1502 4566 1626 4625 infirmos
1647 4576 1675 4625 et
1694 4568 1790 4625 viduas
1813 4570 1888 4625 uisi-

230 4656 310 4727 cojus
337 4652 536 4712 dedicationem
568 4651 684 4709 colimus
719 4652 871 4709 secundum
896 4652 1029 4710 Ecclesia
1083 4664 1152 4726 tare,
1171 4666 1198 4713 et
1221 4658 1347 4713 omnibus
1369 4660 1561 4715 necessitatem
1584 4658 1747 4731 patientibus
1770 4666 1887 4730 propter

229 4744 455 4804 consuetudinem
476 4751 590 4800 vocatur
612 4741 739 4812 ecclesia,
755 4750 781 4799 et
794 4742 918 4799 Ecclesia
930 4742 1030 4799 dicitur
1083 4744 1261 4803 dilectionem
1274 4746 1393 4818 proximi
1403 4761 1453 4819 pro
1464 4746 1569 4803 viribus
1583 4763 1664 4819 opem
1679 4746 1760 4804 ferre.

231 4836 421 4910 congregatio,
444 4833 508 4907 quia
535 4833 563 4889 in
590 4848 622 4889 ea
643 4832 760 4905 populus
782 4840 968 4907 congregetur
994 4832 1030 4888 ad

230 4923 376 4983 colendum
387 4932 414 4980 et
428 4923 598 4979 adorandum
613 4923 711 4978 Deum.
728 4923 767 4977 Ex
782 4930 898 4994 quatuor
913 4921 1028 4993 parieti·

228 5014 282 5070 bus
297 5012 512 5087 compaginatur,
528 5012 590 5085 quia
600 5028 633 5069 ex
648 5019 765 5084 quatuor
786 5011 944 5083 Euangeliis
958 5028 1027 5069 con·

227 5102 368 5161 solidatur.

265 5190 452 5250 Sanctuarium
482 5192 564 5248 habet
599 5193 627 5245 in
661 5207 715 5263 quo
743 5190 834 5247 clerus
861 5190 1027 5249 anteriorem

226 5284 340 5341 domum
356 5284 453 5354 inqua
474 5280 598 5338 consistit
618 5280 760 5352 populns;
787 5280 823 5335 iia
849 5288 875 5336 et
901 5280 1026 5338 Ecclesia

227 5374 309 5430 nabet
336 5370 573 5443 contemplativam
601 5370 695 5435 vitam,
723 5369 752 5423 io
779 5384 831 5442 qua
860 5370 1024 5442 spirituales,
1116 5374 1255 5431 Fenestrae
1280 5376 1378 5448 quibus
1406 5376 1465 5433 haec
1491 5375 1603 5434 basilica
1630 5377 1790 5442 illustratur,
1819 5386 1885 5433 sunt

227 5462 310 5519 habet
324 5470 351 5518 et
363 5462 489 5528 acutam,
505 5460 533 5515 in
547 5474 601 5531 qna
624 5458 764 5515 constituti
784 5466 847 5514 sunt
867 5459 1025 5516 saculares.
1082 5461 1211 5521 doctores
1226 5480 1277 5537 per
1292 5480 1360 5537 qnos
1375 5465 1487 5523 coeleste
1511 5466 1602 5523 lumen
1622 5466 1649 5520 io
1669 5464 1822 5523 Ecclesiam
1839 5467 1885 5521 iu·

228 5550 447 5623 Contemplativa
459 5549 515 5607 vita
526 5556 569 5604 est
583 5556 681 5605 cuncta
696 5557 805 5605 terrena
812 5565 862 5621 pro
870 5549 920 5605 Dei
934 5563 1029 5606 amore
1085 5552 1217 5625 greditur.
1241 5554 1363 5625 laquear
1383 5555 1496 5625 picture
1523 5570 1634 5628 quoque
1654 5556 1714 5613 hac
1734 5554 1885 5621 iliricum

227 5638 396 5709 relinquere,
421 5640 481 5694 sola
500 5637 622 5695 coelcstia
645 5652 779 5710 querere,
802 5637 913 5694 assidue
936 5654 1028 5705 orare,
1086 5650 1128 5698 est
1147 5642 1323 5699 Dominioalis
1338 5642 1489 5711 decoratio,
1505 5644 1640 5717 significat
1653 5644 1733 5702 vitam
1748 5652 1775 5700 et
1789 5660 1886 5699 exem·

228 5740 302 5797 saepe
325 5725 460 5795 lectitare,
490 5727 600 5797 hymnis
620 5734 648 5783 et
671 5726 784 5783 canticis
807 5727 910 5799 jugiter
939 5727 1026 5785 Deum
1086 5730 1132 5803 pla
1146 5740 1301 5789 sanctorum
1315 5748 1376 5806 quae
1392 5734 1491 5807 quique
1504 5733 1542 5807 pii
1555 5735 1583 5790 in
1597 5733 1721 5791 Ecclesia
1730 5732 1884 5791 innitantur.

1120 4881 1151 4935 ln
1175 4881 1331 4939 sanctuario
1353 4889 1395 4938 est
1413 4880 1512 4951 altare,
1535 4882 1563 4938 in
1591 4898 1646 4955 quo
1672 4892 1736 4940 sunt
1761 4882 1886 4957 reliquiae

1086 4978 1252 5039 sanctorum,
1266 4972 1317 5028 hoc
1332 4979 1373 5028 est
1394 4971 1422 5026 in
1445 4970 1570 5029 Ecclesia
1594 4972 1727 5043 caridus,
1752 4972 1780 5029 in
1804 4974 1886 5045 cujus

1083 5060 1341 5133 contemplationem
1366 5062 1540 5135 requiescunt
1561 5072 1668 5120 mentes
1687 5062 1841 5131 beatorum,
1859 5072 1885 5120 et

1082 5147 1198 5221 incujus
1219 5159 1370 5225 conspectu
1386 5152 1455 5225 justi
1479 5154 1613 5211 exsultent
1633 5163 1660 5211 et
1680 5151 1834 5227 epulentur,
1859 5162 1886 5211 et
1968 5146 1969 5153 '

1082 5238 1110 5295 in
1124 5238 1217 5297 laetitia
1231 5240 1402 5299 delectentur
1417 5242 1506 5313 (Psoi
1522 5259 1609 5313 nxvtt,
1627 5244 1665 5309 li.
