3942 6067
106 229 157 290 lli
221 281 226 288 .
655 227 842 292 lixroshto
864 235 897 290 ΙΝ
919 233 1071 290 cabetul
1092 232 1217 288 CANTlC
1701 235 1754 292 tte

107 359 217 431 myrrha
232 367 258 414 et
274 359 335 414 thus
350 358 524 430 colliguntur,
542 374 621 430 quem
644 359 739 430 rogiae
760 373 822 415 cum
836 359 909 414 lilia·
922 359 947 418 Α
962 357 1056 430 ligitur
1069 357 1179 432 gentilis
1194 355 1321 428 populus,
1342 356 1388 427 ipati
1408 365 1467 412 erat
1488 357 1558 414 altus
1580 357 1608 412 in
1632 359 1759 432 imperio,

108 449 159 502 bus
173 447 237 502 Sion
254 445 450 502 adridendum
466 463 559 519 regem
575 447 698 520 egressis
717 456 758 504 est
773 447 909 504 subsecu-
964 445 1104 500 dealbatus
1119 445 1256 500 mundana
1270 443 1367 516 gloria,
1384 445 1484 500 dicitur
1499 461 1579 518 ergo,
1590 446 1652 502 reni
1667 447 1700 501 de
1716 447 1758 502 Li-

107 545 142 602 ta,
160 543 185 590 et
200 535 236 592 eb
251 551 284 591 co
300 537 350 591 hac
364 535 444 590 lauale
457 543 497 590 est
511 544 638 606 excepta.
962 533 1044 600 bano,
1062 549 1161 605 sponse
1176 550 1247 599 mea,
1264 533 1326 587 seni
1345 533 1380 587 de
1394 533 1506 598 Libano,
1525 534 1601 605 qarasi
1617 534 1691 590 dicat
1707 552 1713 588 :
1731 535 1754 592 Ο

966 638 1070 694 sponse
1083 637 1153 686 mea,
1169 621 1302 693 pariendo
1316 621 1380 675 mihi
1395 620 1531 692 spiritales
1547 621 1627 688 salios,
1639 624 1703 678 reni
1713 639 1761 694 per

145 679 231 732 ‘m'
251 677 275 732 Ἴ·
293 682 318 731 ⁸·
336 709 370 778 “,
386 679 452 733 Tm
467 678 590 776 ''ww“
611 693 652 744 ⁶⁸²
678 680 772 776 “mm
791 693 865 746 meat
882 682 910 732 ‘³²
968 711 1048 766 halem
1065 726 1127 766 cum
1141 725 1241 780 niagno
1263 709 1393 765 comitatu
1416 719 1451 764 ιιε
1475 710 1588 775 Libano,
1612 711 1639 767 id
1661 719 1706 766 est
1728 711 1762 767 dc

109 767 223 821 ’'mul“
234 782 291 821 '¹⁰⁷²
303 769 346 821 ‘⁸‘
357 782 388 820 ἠ
401 769 438 821 ⁶⁶·
450 765 597 822 smendum
608 772 649 819 ²⁵²
661 765 695 820 ad
707 765 825 821 mmmm
836 764 909 836 ΨΜ
966 798 1081 855 ludaico
1094 798 1196 869 populo
1210 799 1301 853 divino
1315 797 1387 853 cultu
1402 798 1528 861 candido,
1544 798 1605 853 ueni
1620 816 1680 855 cuna
1700 815 1761 854 ma-

108 869 158 909 m
183 851 333 908 (liumus
363 853 493 952 Sff¹⁰m⁰¹¹
521 853 616 951 ‘ur'ifn
644 851 686 952 in,
701 853 804 909 ΗΜ
832 851 909 952 ΓθὲἰῩ
966 902 1022 958 gna
1036 886 1209 941 multitudine
1222 885 1256 941 de
1270 885 1384 952 Libano,
1400 885 1429 940 id
1444 894 1484 941 εει
1500 887 1533 942 de
1548 887 1643 958 gentili
1660 887 1762 958 populo

108 950 218 1012 sumptu
243 939 362 1007 s⁰⁰⁸f³¹¹
393 957 418 994 ¹¹¹
449 955 502 1013 φη
530 941 653 996 hamme
680 958 709 995 ¹¹¹
735 948 818 997 ΜΘ
847 940 910 996 ⁵⁰¹¹*
964 974 1089 1046 imperio,
1106 983 1131 1030 et
1146 974 1235 1048 gloria
1250 975 1386 1029 mundana
1409 974 1545 1041 dealbato,
1570 976 1632 1030 reni
1657 977 1692 1030 ad
1718 992 1762 1030 me

966 1063 1132 1120 etiamnum
1155 1063 1235 1119 turha
1262 1062 1403 1135 lapsorum
1426 1064 1460 1118 ad
1484 1064 1669 1134 paenitentiam
1691 1081 1762 1120 coa-

964 1167 1120 1216 versorum,
1138 1161 1163 1207 et
1183 1167 1245 1208 cum
1270 1151 1313 1205 his
1342 1159 1370 1206 et
1397 1167 1448 1224 pro
1473 1152 1518 1208 bis
1544 1153 1681 1221 oannibus,
1711 1169 1760 1209 co-

964 1241 1115 1296 conaberis.

108 1038 235 1094 tuscrat,
261 1037 372 1101 pmpter
400 1029 562 1102 temperiem
588 1029 669 1095 aeris,
702 1045 762 1101 quae
789 1029 827 1084 ihi
855 1037 911 1086 eret

107 1127 222 1190 propter
243 1119 347 1174 ltuenta
368 1119 510 1174 iordanis.
530 1117 584 1174 Sed
613 1127 639 1172 et
663 1119 715 1175 boc
740 1133 911 1191 magnopere

110 1207 262 1262 notandum
278 1207 350 1278 qnod
365 1206 392 1260 ia
408 1207 462 1262 hac
483 1205 594 1262 Cantica
617 1206 717 1262 amoris
738 1205 910 1262 solummodo

109 1296 197 1350 uerba
214 1295 361 1350 amantium
376 1301 595 1365 repraesentatur,
613 1293 685 1352 lacta
704 1303 792 1352 aulem
819 1295 911 1350 sobin-

113 1383 290 1456 lsslllsstmlllU
308 1383 371 1455 (ιῦἱᾶ
385 1383 512 1438 nimirum
526 1383 616 1440 adhud
639 1391 778 1440 callidum
798 1383 826 1438 ln
841 1383 910 1440 01¹0-
999 1391 1069 1446 Nota
1086 1391 1158 1462 qarod
1173 1407 1301 1462 spensam
1316 1391 1350 1446 alc
1362 1391 1463 1447 libano
1478 1392 1512 1446 etl
1528 1407 1659 1450 coronam
1671 1402 1760 1461 vocal,

112 1472 167 1527 reis
182 1488 236 1528 aon
251 1471 329 1540 lacta,
346 1471 395 1528 sed
410 1473 496 1528 verbe
509 1473 658 1528 amentium
673 1480 871 1545 repraesentant
884 1473 911 1528 in
964 1479 1000 1534 ad
1022 1495 1103 1551 quem
1131 1496 1193 1535 eum
1222 1487 1318 1537 secuta
1338 1479 1437 1543 fuerat,
1463 1481 1526 1552 qaia
1547 1483 1668 1536 christus
1689 1484 1763 1540 hunc

110 1559 266 1615 cantilenis·
965 1569 1118 1636 coronabit,
1136 1568 1180 1640 quai
1197 1585 1260 1623 eum
1276 1569 1310 1624 ad
1325 1569 1378 1623 alta
1392 1569 1522 1624 virtutum
1538 1578 1648 1626 secutus
1663 1571 1758 1631 luerit.

145 1684 287 1757 hllegoria
302 1683 364 1740 talis
379 1691 430 1750 est,
448 1692 590 1756 postquam
606 1683 732 1740 Ecclesia
746 1685 867 1757 genitium
883 1685 908 1739 in
968 1657 1002 1710 ¹3²
1017 1657 1088 1711 ”⁰¹¹⁰
1102 1663 1251 1711 ⁰⁰s⁰¹¹⁸²¹¹f
1262 1672 1361 1728 ⁵P⁰¹¹⁵³
1374 1673 1379 1712 ³
1393 1657 1434 1712 De
1449 1657 1538 1728 ΜΡΝ
1548 1661 1652 1715 Amana
1663 1667 1689 1715 ⁰²
1704 1675 1765 1716 W*

109 1773 275 1828 consortium
292 1773 391 1828 Cbristi
421 1781 462 1828 est
487 1783 604 1844 recepta,
622 1781 648 1828 ct
671 1773 828 1829 econvitio
853 1789 911 1830 cor·

109 1861 186 1932 poris
201 1861 261 1933 ejus
276 1867 319 1916 est
333 1861 447 1926 relecta,
463 1877 525 1916 moa
541 1862 637 1932 partim
654 1861 680 1918 in
701 1870 821 1917 montem
836 1879 909 1932 myr-

108 1949 436 2020 rlraecrct·it,partimio
462 1949 561 2006 collem
581 1949 666 2004 thuris
690 1951 819 2015 surrexit,
846 1949 912 2022 quie
1002 2009 1007 2020 ,
1047 2009 1052 2020 ,

110 2036 237 2108 protinus
251 2045 280 2091 ut
294 2035 431 2092 Christum
454 2053 547 2110 regem
571 2054 648 2093 suum
673 2053 723 2108 pro
748 2054 778 2093 εε
802 2055 910 2110 passum
965 2025 1106 2080 pnne'pffl

109 2125 249 2198 cognouit,
266 2125 402 2182 exercitus
425 2133 574 2196 martyrum
598 2134 694 2182 cantra
711 2134 841 2198 tyrannos
857 2127 890 2180 he

108 2214 166 2268 lum
188 2214 319 2284 suscepit,
335 2221 361 2269 et
376 2213 455 2270 turba
470 2215 659 2270 confessorum
680 2231 801 2287 pugnam
816 2224 911 2270 contra

109 2301 254 2360 hereticos
269 2302 340 2356 iniit.

968 1743 1021 1800 tice
1036 1743 1115 1800 Saair
1130 1752 1155 1799 et
1167 1746 1302 1800 Hermon.
1321 1748 1428 1800 anana
1441 1753 1483 1800 est
1497 1761 1576 1801 mons
1591 1744 1701 1815 Ciliciae,
1719 1748 1764 1819 qui

967 1840 994 1888 ει
1009 1833 1122 1899 Taums,
1139 1831 1223 1887 Sanir
1237 1841 1264 1888 et
1279 1835 1400 1889 llermon
1415 1841 1521 1889 montes
1535 1834 1644 1903 Judaeae,
1661 1836 1688 1889 in
1703 1835 1764 1908 qui-

967 1921 1018 1976 bus
1034 1921 1128 1977 leones
1144 1929 1171 1975 et
1186 1921 1262 1992 pardi
1278 1921 1403 1977 habitant
1434 1922 1540 1977 Montes
1553 1931 1626 1992 sant,
1642 1939 1724 1997 reges
1738 1933 1763 1980 et

1108 2011 1179 2080 ‚qui
1195 2010 1223 2064 in
1238 2010 1395 2081 superbiam
1417 2010 1592 2078 extolluntur,
1612 2011 1640 2065 in
1665 2013 1764 2083 quihus

894 2129 912 2182 ¹,
966 2097 1106 2153 daemones
1122 2098 1261 2161 babitant;
1278 2099 1400 2171 quisunt
1415 2098 1521 2164 leones,
1537 2099 1602 2170 quie
1624 2100 1762 2166 crudeles,

965 2186 1054 2256 pardi,
1072 2186 1136 2258 quia
1149 2187 1234 2242 uariis
1255 2187 1359 2242 artibus
1382 2187 1505 2259 maligni.
1520 2187 1560 2244 De
1582 2187 1625 2242 bis
1642 2203 1762 2244 corone-

965 2281 1010 2327 tur
1023 2289 1134 2345 spansa,
1145 2290 1207 2330 cum
1217 2273 1414 2345 predicatione
1428 2291 1479 2330 sua
1492 2275 1632 2332 daemones
1648 2275 1761 2347 expule-

966 2362 1010 2428 rit,
1027 2369 1056 2417 et
1071 2363 1208 2435 principes
1223 2362 1258 2419 ad
1272 2363 1412 2419 Christum
1425 2365 1598 2420 converterit.

146 2427 255 2498 lllyrrha
279 2441 397 2498 corpore
421 2435 591 2483 mortuorum
614 2427 820 2496 condiebantur,
850 2429 912 2484 thus

109 2531 175 2571 vero
189 2515 218 2570 in
233 2515 398 2572 sacrificium
414 2517 472 2572 Deo
487 2516 649 2588 ponebatur.
667 2517 744 2572 Mons
756 2532 825 2589 ergo
839 2533 912 2588 myr-
1002 2511 1215 2568 hmanadicitur
1226 2513 1379 2585 inquietas,
1389 2513 1434 2568 vel
1444 2515 1679 2570 turbulealaavel
1692 2516 1764 2572 beas

110 2605 168 2658 rhae
183 2611 226 2659 est
240 2603 380 2660 multitudo
394 2613 554 2675 martyrum,
571 2603 616 2676 qui
640 2607 667 2658 in
682 2603 763 2658 altem
785 2605 912 2661 virtutem
966 2598 1144 2671 cipiliaram,
1156 2600 1237 2655 Sunia·
1247 2616 1312 2656 vero
1325 2603 1405 2670 setar
1415 2601 1689 2668 relaoclaraaaoia,
1700 2606 1764 2659 ller-

109 2691 247 2763 patientiae
262 2692 349 2746 instar
362 2692 462 2748 montis
485 2699 642 2760 creverunt,
664 2691 731 2748 dum
745 2691 827 2748 variis
852 2700 911 2748 tor·
966 2704 1033 2745 anea
1047 2689 1318 2744 anathematizatio.
1338 2689 1425 2759 Caput
1438 2690 1549 2746 Amana
1563 2698 1605 2744 est
1626 2691 1762 2756 diabolus,

110 2781 208 2836 mentis
223 2795 275 2850 pro
288 2779 397 2835 Christo
411 2779 564 2836 mortificati
580 2791 651 2836 sant.
668 2780 753 2836 Collis
769 2795 837 2836 vero
851 2782 911 2836 tha·
968 2785 1051 2847 caput
1065 2792 1171 2843 eornm,
1188 2777 1234 2849 qui
1248 2785 1311 2832 suut
1324 2780 1441 2843 Amana,
1455 2778 1483 2832 id
1504 2787 1546 2833 eat
1559 2779 1682 2850 inquieti,
1707 2788 1762 2836 tur·

109 2869 147 2923 ris
162 2876 203 2923 εει
218 2868 400 2923 numerositas
421 2869 622 2934 confessorum,
648 2867 694 2940 qui
719 2869 862 2924 sanctitate
885 2869 911 2924 ιιι
969 2864 1083 2932 balanti,
1099 2866 1253 2931 mordaces,
1270 2865 1298 2920 ia
1314 2865 1414 2920 malitia
1425 2866 1535 2938 uigiles.
1551 2868 1613 2937 lpse
1626 2876 1668 2923 est
1682 2868 1763 2924 etiam

109 2957 222 3028 populo,
241 2963 270 3012 ιιι
283 2955 361 3012 εοΙΙιε
376 2956 539 3020 eminebant,
557 2965 582 3012 et
598 2971 628 3012 se
644 2956 671 3011 iu
685 2957 798 3012 odorem
819 2957 912 3012 suevi·
967 2961 1063 3009 vertex
1079 2969 1175 3009 eoraua
1190 2953 1238 3025 qui
1253 2961 1316 3008 sunt
1331 2953 1421 3020 Senia,
1436 2955 1488 3010 hoc
1503 2963 1554 3020 est.
1579 2954 1696 3012 letantes
1718 2957 1762 3012 lu-

109 3045 172 3100 ratis
187 3047 246 3100 Deo
261 3044 424 3100 offerebant.
444 3043 486 3100 hd
502 3045 574 3102 hamc
595 3053 715 3100 montem
738 3053 764 3100 et
782 3045 817 3100 ad
841 3047 912 3102 branc
928 3065 952 3126 C
967 3042 1058 3108 auria,
1075 3051 1103 3097 ει
1114 3043 1141 3097 in
1157 3050 1237 3098 nocte
1251 3043 1415 3114 ignorantiae
1429 3050 1459 3097 ut
1471 3058 1539 3099 ares
1555 3043 1708 3101 instabiles.
1729 3047 1762 3102 Et

109 3134 209 3190 collem
224 3133 298 3188 aedit
313 3132 446 3200 Christus,
468 3133 562 3188 dtcans
580 3148 586 3185 :
604 3132 709 3188 Vadam
734 3133 768 3188 ad
791 3143 910 3190 montem
966 3130 1028 3202 ipsa
1042 3139 1086 3186 εει
1099 3138 1193 3186 uertex
1208 3145 1314 3195 eorum,
1331 3130 1457 3202 quisunt
1474 3139 1504 3186 ut
1525 3132 1655 3198 llermon,
1671 3133 1699 3188 id
1720 3143 1763 3190 εει

110 3223 243 3294 myrrhae,
259 3230 286 3277 et
306 3222 341 3276 ad
355 3221 454 3278 collam
478 3220 575 3276 thuris.
591 3219 676 3290 Quasi
691 3219 765 3277 dicat
778 3221 911 3279 Ecclesiae
965 3218 1194 3284 anathematizati,
1211 3220 1264 3275 hoc
1278 3227 1321 3274 est
1334 3219 1558 3275 excommunicati
1581 3222 1694 3292 propria
1708 3223 1761 3277 ini-

109 3311 189 3366 adse
209 3311 329 3366 venienti
347 3327 352 3365 :
370 3313 476 3383 agmen
501 3309 617 3364 militum
641 3325 775 3376 meorum,
807 3310 912 3368 scilicet
939 3378 942 3384 Ι
965 3308 1078 3379 quitata.
1088 3308 1129 3363 De
1138 3307 1327 3362 hiemantibus
1336 3323 1453 3380 gemmae
1463 3309 1497 3363 ed
1508 3323 1638 3364 coronam
1653 3325 1761 3380 sponsae

109 3409 272 3472 martyrum,
288 3398 365 3454 video
393 3399 420 3452 in
448 3397 595 3454 certamino
623 3413 673 3469 pro
702 3413 745 3454 me
773 3398 908 3455 laborare.
965 3395 1761 3470 eliguntur,dampereamtalesadpoenitentiamcaneer-

110 3489 214 3543 Vadam
229 3502 307 3559 erga,
320 3495 345 3542 et
361 3486 445 3542 leram
460 3485 588 3541 auxilium
604 3485 792 3558 praeliantibus
806 3488 910 3558 patien-
966 3491 1068 3539 tuetur.
1085 3483 1185 3540 Coatra
1199 3483 1252 3540 bas
1266 3484 1343 3540 ecies
1352 3483 1413 3554 ipse
1422 3484 1543 3550 dimicat,
1555 3493 1582 3540 et
1593 3485 1685 3554 vincit,
1695 3487 1759 3542 dum

110 3576 174 3632 tiam
191 3575 292 3641 dando,
308 3583 335 3630 ει
350 3589 478 3632 coronam
494 3574 591 3646 gloriae
605 3573 780 3630 vincentibus
800 3591 910 3648 praepe—
965 3588 1014 3628 eas
1027 3573 1061 3627 ad
1076 3573 1177 3628 bonum
1193 3572 1339 3628 convertit.
1359 3572 1510 3630 Coronatur
1526 3575 1607 3630 etiam
1625 3576 1658 3631 dc
1683 3577 1762 3632 cathi-

109 3665 186 3720 rabo.
201 3663 316 3720 Veniam
332 3663 409 3718 etad
425 3663 511 3719 aciem
527 3661 727 3728 confessorum,
744 3671 771 3718 ut
786 3679 912 3736 pugnata-
965 3662 1039 3718 libas
1052 3660 1172 3727 leonum,
1189 3661 1374 3716 dementibus
1394 3662 1556 3732 pardorum.
1575 3663 1629 3718 Leo
1653 3663 1761 3737 signib-

110 3752 181 3806 tibus
208 3766 365 3808 succurram
379 3751 538 3822 sapientiam
555 3748 794 3818 subministrando,
816 3759 843 3807 et
867 3751 909 3807 vi·
964 3757 1007 3806 cat
1022 3749 1170 3822 aliquando
1194 3749 1340 3814 Christum,
1365 3749 1514 3821 aliquando
1538 3750 1691 3818 diabolum,
1707 3754 1760 3807 ali-

110 3845 201 3896 ctores
217 3839 306 3913 gloria
320 3848 346 3896 et
362 3839 467 3896 bonore
486 3839 634 3896 coronabo.
652 3841 681 3894 ln
697 3841 748 3895 boc
768 3847 859 3896 monte
885 3847 911 3895 ει
966 3838 1077 3909 quando
1091 3837 1239 3908 superbum
1255 3837 1420 3907 principem.
1440 3839 1496 3893 Lao
1510 3839 1647 3894 Christum
1657 3841 1760 3912 signiti-

110 3929 138 3982 in
154 3932 204 3984 bac
220 3927 290 3984 colle
305 3927 430 3982 Christus
443 3945 493 3998 per
518 3928 601 3984 udam
626 3927 715 3992 stetit,
744 3936 771 3983 ει
795 3935 910 3984 cunctos
965 3933 1008 3982 cat
1024 3934 1053 3980 ut
1067 3925 1104 3980 ibi
1116 3943 1122 3978 :
1134 3927 1204 3980 Ecce
1219 3926 1340 3982 vicitleo
1354 3927 1475 3982 detribu
1489 3927 1571 3991 luda,
1584 3928 1760 3998 propterlar-

111 4033 213 4072 carneos
228 4017 271 4071 sui
286 4016 432 4082 exercitus,
450 4016 477 4070 ιιι
492 4025 532 4071 εει
546 4033 642 4072 omnes
656 4016 768 4072 ordinas
780 4015 910 4072 Ecclesiae
965 4014 1116 4080 titudinem,
1142 4013 1205 4086 qnia
1226 4014 1293 4069 vicit
1317 4013 1467 4080 diabolum,
1492 4022 1519 4070 ει
1533 4016 1596 4086 quia
1618 4016 1661 4072 leo
1681 4017 1761 4072 tertia

111 4121 162 4175 per
176 4114 260 4161 totum
275 4105 405 4160 mundum
421 4121 471 4175 pro
483 4106 587 4172 justitia
602 4112 739 4162 certantes
755 4105 841 4161 oculis
857 4104 910 4158 mi·
964 4102 1010 4160 die
1024 4103 1143 4158 catulum
1156 4103 1270 4158 suscitat
1286 4121 1293 4156 :
1309 4103 1393 4159 sicet
1416 4103 1497 4159 Pater
1521 4104 1599 4160 tertia
1619 4105 1663 4160 die
1683 4106 1761 4160 Chri-

111 4193 270 4250 sericordiae
284 4193 359 4260 vidit,
376 4200 403 4248 ει
422 4193 572 4252 Ecclesiam
594 4193 722 4260 laudarit,
742 4194 770 4248 id
792 4199 833 4248 est
847 4193 910 4247 talia
965 4196 1046 4248 stom.
1063 4191 1117 4247 Leo
1132 4190 1268 4262 siguificat
1288 4190 1439 4256 diabolum,
1454 4200 1484 4246 ut
1498 4192 1535 4246 ibi
1553 4209 1559 4245 :
1576 4193 1761 4250 Adversarius

111 4299 194 4354 opera
208 4282 405 4353 comprobavit,
430 4281 524 4338 dicens
541 4300 548 4336 :
564 4281 630 4337 Tota
645 4281 756 4352 pulchra
780 4297 821 4348 es,
838 4281 909 4336 ami·
963 4283 1056 4336 aester
1070 4280 1205 4346 diabolas,
1218 4284 1359 4352 tanquam
1370 4281 1411 4336 leo
1425 4280 1553 4353 maleas,
1564 4282 1677 4348 circuit,
1687 4299 1761 4351 aaa·

111 4387 142 4428 ca
157 4386 230 4426 mea.
248 4369 327 4439 Quod
342 4378 384 4426 εει
398 4369 492 4426 dicere
511 4387 517 4423 :
534 4369 557 4424 0
572 4369 705 4436 Ecclesia,
728 4369 817 4425 amice
834 4383 905 4438 mea,
922 4417 949 4480 D
964 4384 1031 4426 reas
1045 4383 1126 4441 pateat
1140 4369 1252 4425 devoret
1266 4371 1292 4436 (l
1301 4372 1381 4426 Pela.
1393 4385 1421 4435 v,
1437 4370 1474 4441 ιι)1
1486 4377 1513 4424 ει
1527 4370 1581 4426 boc
1591 4378 1762 4443 propterea-

111 4461 203 4518 sciens
220 4459 307 4514 Patris
322 4465 438 4524 secreta,
454 4465 483 4513 ιιι
498 4457 607 4529 pulchra
622 4474 652 4514 aa
667 4458 693 4514 ιιι
708 4457 806 4526 οειιιιε,
823 4457 851 4512 in
865 4473 909 4514 ca·
967 4457 1068 4512 vitiam.
1084 4457 1138 4513 Leo
1152 4457 1234 4514 etlam
1248 4455 1385 4529 significat
1399 4457 1559 4530 principem,
1571 4459 1666 4516 utibi:
1680 4462 1760 4518 liac-

111 4548 195 4620 pillis,
212 4547 241 4602 in
256 4547 395 4615 dentibus,
410 4547 438 4602 in
461 4546 567 4602 cacteris
581 4547 710 4602 membris
725 4546 789 4616 tuis,
812 4545 839 4601 ia
856 4560 908 4617 pa·
963 4547 1043 4600 ratae
1057 4561 1121 4601 aem
1136 4561 1174 4601 ea
1188 4561 1236 4601 ore
1246 4546 1335 4603 leonia
1348 4546 1387 4616 (ll
1397 4547 1466 4601 Tim.
1480 4562 1520 4602 av.
1532 4547 1588 4617 ta),
1599 4549 1714 4616 honest,
1725 4550 1760 4606 de

111 4637 216 4702 aientia,
234 4636 260 4690 in
276 4635 439 4704 constantia,
453 4635 480 4689 ιιι
496 4635 640 4706 sapientia.
657 4637 730 4706 Ergo
745 4641 774 4689 tu
795 4635 909 4706 pulchre
962 4637 1099 4703 potestate
1113 4633 1241 4702 Neronis,
1256 4641 1283 4688 et
1298 4635 1349 4690 boe
1364 4642 1475 4704 propter
1489 4636 1688 4694 excellentiam.
1703 4639 1759 4694 Lea

111 4743 141 4782 es
157 4733 184 4782 et
199 4724 303 4782 macula
319 4723 438 4778 criminis
453 4739 508 4778 non
522 4731 563 4778 εει
572 4723 600 4777 in
616 4731 650 4790 te,
663 4732 689 4777 ιιι
699 4722 799 4794 aliquis
813 4723 840 4777 ia
855 4739 908 4794 pn·
963 4735 1081 4792 namque
1088 4729 1129 4776 εει
1141 4736 1188 4776 rex
1199 4722 1358 4789 bestiarum,
1367 4730 1395 4778 et
1405 4723 1499 4779 bestiae
1513 4724 1541 4778 in
1555 4725 1706 4796 scripturis
1716 4741 1760 4797 po·

110 4831 175 4889 gna,
192 4812 345 4878 tormentis,
361 4811 403 4869 vel
420 4811 493 4866 vitiis
514 4811 600 4866 victus
615 4810 739 4878 deliciet,
759 4809 809 4866 sed
824 4811 909 4866 ermis
962 4817 1064 4866 nentur
1075 4825 1126 4882 pra
1141 4810 1246 4866 naturis
1267 4824 1375 4866 earum.
1398 4813 1429 4864 ln
1447 4813 1499 4868 hoc
1519 4811 1582 4868 loco
1603 4813 1698 4870 leones
1719 4814 1759 4869 si-

107 4903 220 4973 justitioe
235 4916 363 4974 pugnans
385 4899 470 4956 victor
495 4899 605 4954 existat.
636 4899 710 4972 Ergo
731 4898 758 4954 in
780 4898 909 4955 omnibus
963 4898 1095 4971 pellicent
1112 4897 1264 4955 daemones.
1284 4899 1386 4954 llorum
1404 4898 1505 4956 cubilia
1523 4908 1587 4956 sunt
1609 4901 1718 4972 profani
1733 4910 1760 4958 et

110 4991 241 5048 anembris
257 4989 309 5046 tuis
321 4997 385 5060 post
399 5005 518 5060 pugnam
534 4987 595 5044 veni
611 4987 644 5042 ad
659 5003 712 5054 me,
728 4995 754 5043 et
768 4987 909 5044 coronabo
963 4986 1107 5041 immundi.
1130 4986 1210 5042 l'ardl
1224 5001 1291 5042 vero
1303 4995 1367 5042 sunt
1380 4987 1502 5044 baeretici
1525 4987 1554 5043 in
1570 4989 1699 5063 dogmate
1710 5006 1758 5046 er-

110 5089 147 5138 te.
166 5079 233 5134 l'cal
247 5079 280 5134 dc
295 5080 406 5144 liliano,
424 5093 527 5150 apansa
550 5092 623 5139 mara,
649 5079 713 5132 vcai
735 5077 768 5132 dc
793 5078 907 5142 Libano,
963 5075 1034 5130 roris
1047 5072 1254 5146 aerii,quorum
1267 5084 1377 5132 montes
1395 5083 1459 5130 suat
1480 5076 1679 5145 haeresiarchas,
1702 5078 1758 5134 sci-

111 5167 182 5237 aeai,
196 5165 375 5223 coronaberis
386 5165 419 5222 de
433 5167 526 5238 capite
537 5165 656 5232 Amana,
666 5165 701 5219 dc
713 5166 814 5220 uertice
824 5165 909 5221 Saair
962 5161 1027 5218 lieet
1042 5162 1164 5233 episcopi
1178 5170 1206 5218 ει
1220 5162 1346 5236 magistri
1356 5177 1462 5229 earum,
1475 5165 1621 5235 superbiet
1631 5165 1760 5238 eoquen-

109 5261 137 5312 et
148 5257 282 5312 Hermon.
295 5253 556 5319 Honest,coronem
566 5269 601 5308 ex
612 5251 729 5325 gemmis
739 5250 773 5308 de
784 5250 910 5310 bismou·
963 5251 1000 5306 tia
1016 5249 1124 5306 tumidi.
1144 5251 1174 5305 ln
1189 5251 1290 5306 talibus
1306 5251 1447 5308 demones
1470 5260 1500 5306 ιιι
1517 5252 1611 5309 bestiae
1631 5253 1658 5308 in
1674 5255 1759 5309 antris

108 5343 180 5396 tibus
194 5339 312 5412 sumptis
326 5339 462 5408 imponam
476 5337 537 5394 tibi.
552 5337 673 5394 Libanus
686 5353 764 5394 mons
779 5345 820 5393 est
834 5339 910 5398 th-
962 5339 1094 5396 hebitant.
1111 5338 1210 5394 Contra
1223 5338 1291 5394 tales
1305 5349 1427 5413 pugnant
1440 5341 1566 5396 membra
1574 5341 1719 5412 Ecclesiae,
1730 5350 1758 5398 et

110 5430 179 5486 uicis
190 5439 217 5488 ct
232 5429 331 5486 dicitur
344 5427 514 5492 candidatio,
530 5424 573 5482 ael
589 5425 741 5482 dealbatio.
762 5427 813 5481 Per
828 5425 908 5482 Liba·
962 5426 1071 5499 probis
1084 5426 1203 5482 victiset
1216 5428 1359 5484 conrersis
1376 5435 1525 5484 coronetur
1544 5429 1681 5485 Ecclesia.
1699 5431 1759 5486 ati-

108 5536 174 5574 num
188 5519 324 5589 accipitur
338 5516 382 5572 hic
396 5515 525 5572 luduicus
539 5514 669 5589 populns,
681 5514 751 5570 altus
766 5514 794 5569 in
809 5530 907 5588 ragno,
965 5524 1015 5582 ter,
1031 5518 1138 5571 Amana
1152 5515 1251 5572 dicitur
1272 5516 1417 5583 excelsas,
1440 5524 1467 5572 et
1482 5526 1561 5589 pater
1578 5526 1697 5586 nohtur,
1714 5521 1759 5593 qui

110 5617 137 5666 ει
150 5607 286 5666 candidus
299 5605 393 5662 divino
407 5603 493 5660 cultu.
513 5604 563 5660 Per
578 5603 711 5660 libanum
726 5603 806 5660 ctiam
827 5602 909 5660 intel·
962 5621 1048 5676 saper
1061 5605 1153 5660 omnia
1166 5604 1313 5661 exaltatur.
1329 5604 1409 5661 Senia
1418 5604 1518 5662 dicitur
1528 5607 1617 5665 derasa
1631 5610 1757 5675 lacerae,
