3942 6067
93 299 143 357 est
525 297 709 359 SPECULUM
726 295 916 357 ECCLESIAE.
934 330 969 347 -
983 300 1021 357 ΙΝ
1040 298 1152 361 ctltttt
1170 291 1311 355 uotttntt.
1694 288 1748 347 922

92 422 240 487 miserunt,
255 419 301 495 qni
316 423 401 481 totenr
413 429 516 482 terrem
530 423 694 493 lustruutes,
708 424 744 481 ad
756 423 889 481 iodicium
903 430 932 495 Α
945 424 1075 501 populum
1099 424 1134 483 ed
1156 421 1275 497 palmam
1299 418 1420 479 victorie
1442 419 1478 477 de
1501 414 1579 476 viciis
1603 412 1747 488 pervenire

92 511 203 585 optime
216 518 297 567 terre
311 511 347 568 de
360 511 451 572 iructu
465 513 523 584 ejus
537 513 573 570 ad
588 512 788 571 multitudinem
808 513 890 571 detu-
946 516 1112 572 docuerunt.
1140 511 1291 571 Duodecim
1317 509 1407 569 sontes
1429 508 1483 567 x11
1505 507 1539 579 (l⁰
1547 504 1617 579 v136)
1631 501 1749 579 apostoli

91 599 190 659 lerunt.
205 599 275 656 Nem
291 601 400 658 botrum
414 603 600 675 praeciderunt
615 620 696 677 quem
711 603 766 661 duo
789 602 841 661 riri
862 603 892 659 in
946 611 1024 672 sunt,
1044 604 1080 661 dc
1101 603 1198 679 quibus
1217 601 1329 658 llumina
1350 598 1550 671 scripturarum
1572 610 1625 669 per
1650 592 1747 651 orbern

91 697 172 747 secte
185 698 373 762 portsvcmnt,
389 700 416 748 et
429 708 528 765 panem
553 692 582 748 in
605 701 701 768 sporta
724 691 887 751 attulerunt.
945 701 1136 751 manaverunt.
1149 694 1192 749 tu
1205 692 1256 749 hos
1276 690 1367 747 educti
1382 688 1541 761 dcdlpypto
1551 689 1746 767 peruenemnt,

94 779 143 836 Ad
163 778 315 837 Jordenem
340 789 428 838 autern
452 781 662 855 pervenientes,
686 782 784 840 Durius
806 782 890 853 stetit,
946 782 1012 841 dum
1026 782 1161 855 redempti
1174 796 1192 839 a
1207 779 1322 838 Domino
1336 778 1405 853 jugo
1418 776 1483 833 srdei
1496 792 1526 833 se
1541 791 1590 847 per
1602 770 1744 845 spostolus

94 867 214 941 populos
227 866 330 925 illesus
345 870 450 937 transit,
465 870 654 929 sacerdotibus
676 872 741 932 tuba
764 872 892 931 canenti·
947 872 1128 931 subdiderunt
1142 880 1169 929 et
1183 884 1278 929 sacros
1290 868 1443 941 Scripturas
1456 863 1573 925 scrutari
1588 868 1744 935 ceperunt.

95 956 148 1014 hus
162 956 289 1015 Hiericho
310 957 433 1029 corrrrit,
458 968 486 1018 et
504 960 583 1018 uictis
606 960 731 1018 hostibus
745 976 796 1034 per
808 961 891 1019 Josue
947 962 1050 1019 Panem
1082 961 1244 1035 angelorum
1275 956 1528 1021 manducaverunt,
1561 951 1627 1009 dum
1647 946 1747 1006 Christi

97 1046 286 1121 quietiores,
302 1047 420 1120 populus
431 1056 532 1105 terram
547 1050 617 1107 l.cte
632 1058 659 1107 et
671 1048 754 1109 melle
764 1050 896 1108 fluentem
950 1065 1065 1123 corpore
1080 1047 1156 1107 uesci
1170 1054 1339 1105 meruerunt.
1348 1046 1378 1103 ln
1389 1060 1443 1118 quo
1457 1059 1527 1118 pene
1536 1056 1618 1099 omne
1627 1037 1747 1096 delecta·

95 1134 233 1209 lwdb-
251 1133 310 1193 11⁰0
324 1143 409 1195 10le
424 1136 505 1195 nobis
519 1136 558 1195 sic
572 1138 727 1211 exponitur.
952 1146 1073 1197 mentum
1095 1146 1122 1195 et
1143 1152 1252 1195 ornnem
1271 1150 1405 1207 ‚soporem
1427 1131 1569 1194 suscitatis
1592 1128 1748 1185 habuerunt

134 1222 257 1297 Populus
272 1224 298 1279 in
313 1225 366 1282 hoc
389 1226 493 1284 mundo
515 1242 532 1284 a
555 1226 665 1285 diabolo
682 1226 855 1301 opprimitur,
870 1235 899 1285 ct
951 1225 1033 1301 (Sap.
1058 1226 1127 1291 ιιι),
1158 1222 1221 1296 quie
1245 1216 1333 1295 'digne
1361 1216 1461 1277 Christi
1486 1231 1556 1290 pane
1582 1210 1747 1277 reficientes,

96 1311 270 1370 Christnsad
284 1313 457 1372 liberendum
478 1332 541 1373 eum
564 1330 581 1377 ι
604 1317 682 1374 Putre
697 1318 822 1375 mittitur.
842 1316 898 1389 Qui
951 1329 1033 1370 omne
1055 1312 1185 1389 pendium
1218 1316 1245 1368 et
1274 1323 1384 1367 ornnem
1416 1304 1576 1363 suavitatem
1595 1298 1744 1359 habebunt.

96 1400 163 1457 dum
178 1401 262 1459 multa
275 1400 356 1479 signo
371 1403 445 1474 lacit,
462 1404 569 1462 malicie
583 1405 781 1465 Pharisaeorum
806 1406 832 1463 ei
853 1423 896 1465 re·
952 1403 1031 1477 Aqua
1046 1401 1086 1458 cis
1101 1401 1135 1459 de
1150 1406 1227 1473 petra
1249 1397 1291 1453 bis
1308 1410 1444 1470 percusso
1456 1392 1571 1460 elicitur,
1587 1389 1648 1463 qnia
1662 1403 1749 1447 euan-

96 1490 183 1547 sistit.
211 1489 275 1565 ipse
298 1491 380 1550 etiam
397 1508 487 1567 agnus
501 1490 608 1568 susque
623 1495 729 1552 mesula
743 1503 818 1566 eret,
835 1496 897 1569 quia
951 1490 1044 1567 pelice
1059 1489 1186 1547 doctrina
1205 1488 1239 1545 dc
1263 1485 1370 1543 Christo
1391 1484 1420 1541 in
1443 1482 1549 1539 duobus
1564 1477 1655 1542 crucis
1669 1474 1752 1550 lignis

96 1588 242 1653 peccatum
257 1596 314 1637 non
329 1580 441 1641 feceret.
459 1583 499 1640 De
514 1584 567 1641 hoo
580 1582 679 1641 dicitur
695 1602 702 1639 :
719 1588 788 1645 Doce
807 1602 897 1661 opens
953 1590 1068 1638 extenso
1079 1578 1216 1637 educitur.
1228 1574 1296 1647 Quor
1309 1590 1379 1647 aque
1392 1570 1522 1631 rnellitnm
1536 1577 1563 1627 et
1577 1565 1751 1639 oleagineum

95 1668 153 1727 Dei
162 1670 211 1743 put
223 1670 302 1728 toltit
309 1676 428 1745 perroto
437 1672 540 1730 mundi
550 1674 638 1737 Doro.
651 1673 681 1745 t).
693 1673 743 1731 llic
753 1672 823 1732 sicut
837 1674 899 1733 ovis
952 1683 1081 1742 saporem
1095 1665 1221 1740 prebuit,
1233 1662 1297 1737 quin
1304 1660 1449 1736 Evangelii
1459 1657 1631 1717 dulcedinem
1643 1663 1753 1712 eterne

95 1757 132 1814 ad
147 1758 316 1817 occisionem
338 1759 437 1818 ductus
460 1760 596 1828 occubuit,
612 1760 677 1819 dum
691 1762 781 1820 bonne
803 1770 899 1835 postor
955 1758 1019 1815 rite
1033 1774 1084 1829 per
1098 1754 1201 1814 Christi
1221 1750 1439 1810 misericordiam
1455 1747 1533 1805 nobis
1546 1742 1690 1819 promittit.
1705 1743 1755 1798 ln-

96 1846 219 1905 animtun
241 1864 321 1905 suam
334 1864 386 1923 pro
401 1849 500 1907 ouibus
521 1850 622 1923 posuit.
645 1850 698 1923 Qui
722 1851 830 1910 decime
852 1853 898 1911 die
954 1846 1024 1923 greti
1045 1854 1141 1905 contra
1164 1840 1297 1901 beneficia
1316 1846 1520 1897 murmurantes
1542 1852 1558 1892 a
1582 1832 1755 1906 serpentibus

94 1936 180 2009 primi
193 1937 306 2006 mensis,
318 1938 374 1996 hoc
388 1947 431 1997 est
443 1938 535 2009 hodie,
548 1941 758 1999 lherosolimam
773 1941 898 2015 ueniens,
950 1942 1078 2011 pereunt,
1101 1937 1164 2009 quia
1189 1932 1235 2010 qni
1255 1938 1316 2003 post
1336 1936 1447 2002 accepte
1468 1926 1561 1983 divine
1582 1927 1755 1981 sacramenta

95 2040 114 2083 e
126 2025 228 2083 Judaeis
241 2025 398 2096 includitur,
410 2036 437 2083 et
448 2028 575 2097 Xllldie,
587 2028 668 2085 idest
679 2030 703 2086 V
714 2030 782 2087 ieris
796 2046 898 2105 corpus
951 2036 1086 2096 perverse
1101 2018 1204 2087 vivunt,
1220 2034 1237 2074 e
1251 2014 1423 2075 demonibus
1437 2011 1618 2086 disperibunt.

94 2116 158 2187 ejus
182 2114 307 2173 traditur.
336 2116 420 2187 Cujus
441 2118 575 2193 sanguine
598 2117 672 2175 fores
692 2120 897 2193 quadripertitse
989 2112 1089 2169 diceus
1103 2124 1217 2183 serpens
1237 2120 1401 2178 suspensus,
1422 2102 1451 2159 in
1473 2100 1552 2175 cujus
1572 2104 1684 2171 aspeotu
1698 2112 1754 2169 po·

96 2203 250 2279 signantur,
275 2203 340 2261 dum
363 2205 392 2261 in
414 2205 468 2265 tide
497 2207 634 2280 passionis
659 2208 760 2266 Christi
783 2225 897 2283 corpora
951 2200 1032 2274 pulus
1047 2216 1062 2255 e
1078 2215 1169 2257 morsu
1188 2195 1355 2271 serpentium
1369 2200 1411 2249 est
1426 2191 1555 2257 sulcatus,
1573 2196 1614 2245 est
1633 2185 1757 2243 Christus

94 2294 232 2351 nostruin
246 2294 358 2351 modurn
380 2295 470 2353 crucis
493 2305 521 2352 et
542 2295 706 2369 baptismate
729 2313 897 2355 consecran-
950 2307 978 2363 jn
994 2304 1077 2347 cruce
1091 2296 1230 2353 extensus,
1242 2284 1322 2355 cuius
1336 2281 1390 2339 lide
1404 2280 1523 2355 populns
1537 2294 1552 2333 n
1565 2275 1678 2334 uulnere
1692 2289 1754 2347 pec·

96 2390 153 2439 tur.
173 2384 268 2457 Agnus
282 2382 310 2441 in
325 2384 408 2441 domo
431 2400 509 2441 assus
533 2385 697 2459 comeditur,
719 2385 783 2442 dum
808 2384 896 2443 fidelis
950 2385 1075 2436 cetorum
1091 2384 1135 2433 est
1150 2375 1289 2433 liberatus.
1304 2372 1406 2429 AEneus
1417 2384 1533 2443 serpens
1548 2372 1623 2425 curet
1637 2376 1754 2430 ueneno,

93 2470 215 2545 populus
240 2470 268 2529 in
290 2472 431 2530 Catholice
453 2471 576 2532 Ecclesia
595 2490 679 2532 carue
703 2474 776 2547 passi
795 2475 897 2533 Christi
949 2450 986 2523 ita
1002 2476 1029 2525 et
1044 2464 1169 2523 Christus
1189 2471 1311 2537 peccato.
1337 2458 1489 2517 Duodecim
1511 2452 1558 2531 qui
1583 2463 1685 2511 terram
1705 2468 1756 2509 ex·

94 2560 226 2617 vescitur.
247 2560 430 2637 Primopenita
459 2562 571 2637 AEpypti
601 2564 801 2637 percutiuntur,
829 2564 896 2621 dum
948 2556 1128 2630 ploraverunt
1142 2552 1269 2611 suntXll
1285 2548 1403 2623 epostoli
1419 2546 1465 2620 qui
1480 2544 1561 2603 citam
1577 2546 1709 2600 eternam
1722 2538 1752 2595 in

95 2664 195 2707 cruore
220 2650 287 2723 agni
315 2666 404 2723 poeeae
430 2660 541 2709 aeternae
564 2652 661 2709 mortis
685 2652 898 2711 destructuntur.
954 2647 1058 2702 mundo
1072 2643 1298 2716 predicaverunt.
1314 2640 1411 2695 Botrus
1425 2634 1470 2710 qui
1485 2634 1513 2691 in
1527 2640 1605 2709 recte
1619 2638 1755 2704 portatur,

95 2738 241 2813 AEssilllub
258 2744 330 2813 qttod
346 2739 470 2797 tenebre
483 2739 592 2810 dicitur,
618 2750 732 2813 peccata
755 2725 819 2799 sunt
840 2759 901 2817 quse
955 2744 997 2791 est
1029 2733 1155 2791 Christus
1175 2730 1221 2803 qui
1242 2730 1270 2785 in
1290 2742 1373 2786 cruce
1394 2722 1557 2799 pependisse
1576 2718 1754 2795 predicetur.

95 2828 171 2885 male
186 2837 301 2901 agentes
315 2830 348 2886 ed
365 2830 495 2889 tenebras
505 2830 657 2889 exteriores
672 2834 784 2889 ducunt.
796 2832 901 2889 Horum
955 2826 1035 2883 ttsnc
1048 2823 1104 2879 duo
1119 2828 1237 2895 portent,
1253 2817 1316 2893 quia
1330 2814 1485 2889 passionem
1509 2812 1568 2883 ejus
1581 2807 1757 2883 propheticus

94 2910 283 2987 primogenite
304 2913 397 2989 magni
420 2914 528 2972 consilii
541 2916 656 2991 angelus
670 2916 816 2989 percussit,
832 2916 900 2973 dum
955 2922 982 2971 et
995 2910 1164 2985 apostolicus
1178 2908 1250 2967 ordo
1266 2905 1366 2969 mundo
1380 2902 1530 2960 insinuent.
1552 2900 1658 2959 Pensm
1676 2896 1758 2955 etiarn

96 3016 197 3074 poenas
212 3018 282 3077 quas
296 3012 410 3075 peccate
424 3014 581 3077 genuerant
596 3020 648 3060 sun
658 3012 747 3062 morte
756 3004 899 3063 destruxit.
954 3004 984 3063 in
998 3009 1093 3075 sporta
1102 2998 1268 3063 detulerunt,
1279 2995 1342 3071 quia
1356 3008 1456 3067 pauens
1465 2989 1628 3065 augelorum
1637 2986 1666 3043 in
1675 3001 1759 3044 carne

97 3090 222 3164 Populus
237 3107 379 3149 cumauro
395 3100 551 3169 sterpentn
566 3092 736 3151 laetnhundus
762 3094 901 3165 educitur,
954 3092 1067 3151 rosisse
1081 3098 1108 3149 et
1122 3088 1214 3149 cibum
1235 3084 1375 3146 bominum
1399 3080 1498 3139 lectum
1520 3093 1584 3135 esse
1606 3074 1761 3133 nunciare-
1857 3156 1868 3171 .

97 3180 165 3253 quie
179 3196 281 3255 magno
294 3182 388 3256 precio
402 3182 466 3257 agni
479 3184 672 3241 immaculatio
690 3193 805 3258 tyranno
824 3184 902 3241 erui·
919 3164 944 3231 0
957 3187 1031 3239 runt.
1042 3178 1138 3239 Fluvio
1149 3166 1322 3243 trsnsmisso,
1332 3169 1461 3229 lliericho
1473 3182 1570 3226 uscue
1584 3164 1655 3224 tubae
1669 3178 1761 3223 teter·

98 3278 155 3326 tur.
171 3270 206 3327 Et
219 3270 266 3345 qui
279 3271 307 3327 in
322 3272 443 3329 tenebris
458 3271 638 3331 infernalibus
653 3273 774 3332 inclusus
788 3274 904 3331 tenebe·
957 3273 1054 3331 dutum
1068 3266 1227 3332 destmitur.
1243 3264 1306 3337 quia
1320 3262 1414 3321 ultime
1429 3256 1617 3332 perseeutione
1632 3260 1761 3327 superate

98 3361 145 3409 tur
166 3369 183 3411 o
207 3354 269 3411 luce
283 3355 377 3413 eterni
399 3356 471 3414 Solis
496 3357 652 3425 illustretur,
678 3366 705 3413 et
729 3358 764 3413 de
788 3374 904 3415 carcere
957 3356 1077 3415 mundus
1102 3352 1148 3409 hic
1168 3368 1188 3409 a
1210 3365 1279 3407 sono
1303 3346 1376 3405 tubos
1397 3343 1559 3418 angelorum
1582 3338 1755 3397 dissolvitur.
1851 3345 1856 3351 ’

97 3440 198 3495 mortis
211 3449 320 3513 ereptus
334 3439 395 3498 vitre
409 3440 518 3514 paleoio
533 3442 649 3499 locatur.
674 3442 809 3500 Columna
831 3442 904 3517 ignis
958 3440 1084 3501 Derictis
1098 3437 1223 3495 hostibus
1238 3443 1309 3492 terre
1324 3434 1395 3489 lecte
1406 3437 1433 3489 et
1443 3427 1525 3487 melle
1539 3439 1655 3483 munaus
1664 3421 1761 3481 uictori

98 3529 129 3586 in
143 3536 224 3586 nocte
239 3528 370 3603 populum
384 3530 526 3603 precedit,
543 3532 605 3605 quia
620 3532 711 3588 lumen
726 3547 815 3589 secrae
830 3531 905 3589 Scri·
958 3530 1061 3605 populo
1075 3528 1232 3599 pertesum
1246 3523 1384 3589 diuiditur,
1401 3519 1465 3594 quis
1478 3517 1603 3575 hostibus
1623 3514 1671 3571 Dei
1683 3513 1758 3583 justu

98 3626 188 3693 ptum
200 3617 228 3673 in
241 3618 360 3692 caligine
384 3618 466 3690 hujus
481 3619 545 3677 vite
567 3620 617 3677 iter
631 3620 711 3677 nohis
732 3620 767 3678 ad
788 3620 905 3694 patrium
956 3614 1063 3689 judicio
1076 3610 1225 3677 damnetis,
1242 3607 1339 3668 victori
1358 3604 1461 3679 populo
1474 3603 1509 3659 de
1524 3600 1601 3659 viciis
1622 3607 1696 3657 terra
1720 3595 1761 3654 ri-

101 3706 244 3777 prebebit.
260 3708 290 3763 lu
304 3708 350 3765 die
365 3706 493 3766 columne
513 3708 594 3766 nubis
609 3710 707 3767 euseb
721 3718 788 3767 estu
809 3717 904 3783 prote·
959 3704 1080 3763 rentium
1103 3701 1192 3759 linens
1216 3696 1385 3757 torrentibus
1407 3690 1572 3767 geudinrunr
1596 3704 1646 3761 per
1667 3686 1761 3743 lesum

102 3795 154 3870 git,
168 3795 231 3869 quia
249 3794 277 3852 in
292 3796 337 3854 die
356 3798 454 3869 judicii
477 3798 628 3856 humanitas
649 3798 750 3856 Christi
776 3799 811 3854 ub
835 3804 905 3856 cestu
959 3805 1055 3850 verum
1079 3784 1216 3843 tribuitur.
1237 3782 1336 3857 Igitur.
1359 3775 1515 3842 Ώιίὅιίῐῐιῑι
1539 3788 1603 3832 ⁰⁰¹²
1632 3785 1683 3829 '⁰³
1713 3783 1763 3829 ⁸¹¹⁰

104 3884 200 3942 eterni
228 3884 347 3944 incendii
370 3904 422 3944 nos
442 3885 576 3945 delendis.
605 3886 766 3944 sicutenim
789 3886 831 3946 sol
854 3886 905 3944 sub
959 3875 1096 3953 sanguine
1111 3873 1234 3931 Christus
1254 3870 1288 3927 ab
1310 3864 1492 3941 oppressione
1505 3860 1608 3919 dieboli
1623 3860 1763 3916 liberare·

103 3974 241 4042 nube,sic
255 3974 431 4048 Solinsticire
443 3976 520 4033 lstuit
535 3977 585 4034 sub
600 3977 906 4035 humanacsrne.llnre
959 3970 1005 4036 rit,
1022 3975 1050 4026 et
1062 3966 1166 4025 anuum
1179 3960 1302 4021 ooelestis
1322 3957 1418 4032 ι)ιιήω
1438 3950 1620 4021 fflffi'ffl'ssr
1635 3946 1763 4007 “⁸²5⁸'‘

104 4060 227 4119 ttnumm
241 4068 286 4117 est
300 4060 711 4137 baptismussenpuineilhristi
727 4062 906 4131 rubicundus,
961 4060 1075 4117 odeum
1090 4050 1235 4123 psmenire
1256 4064 1307 4123 per
1328 4046 1400 4103 rista
1425 4041 1619 4100 wdtlofflm
1632 4038 1709 4109 Olm-
1732 4042 1764 4093 ¹¹⁸
1859 4098 1861 4103 .

104 4150 134 4206 in
149 4165 205 4224 quo
219 4150 323 4217 hostes,
338 4150 444 4208 scilicet
468 4158 592 4223 peccata,
617 4149 840 4225 submerguntur.
860 4151 907 4208 Υι-
962 4146 1075 4222 possitis
1089 4144 1115 4201 ei
1129 4142 1241 4217 placore
1261 4139 1291 4195 ia
1308 4134 1422 4209 regione
1442 4132 1566 4189 rivorum
1585 4134 1667 4201 otene
1685 4140 1764 4183 mor·

106 4239 184 4296 deles
198 4253 215 4294 s
229 4239 328 4297 umore
341 4255 483 4313 poenarum
494 4248 632 4298 eruuntur.
643 4240 718 4297 txx
726 4239 824 4313 palme
834 4240 909 4298 Lxx
963 4246 1083 4303 tuorna,
1108 4232 1155 4289 nbi
1179 4228 1258 4289 robis
1281 4224 1429 4283 distribuet
1453 4219 1577 4296 pradis,
1591 4232 1654 4292 que
1666 4214 1764 4273 oculus

107 4326 170 4385 lihri
184 4336 248 4384 sunt
262 4342 347 4387 sacre
363 4328 521 4405 scripture,
531 4343 584 4405 per
602 4345 674 4405 quos
692 4329 766 4387 bllx
781 4328 911 4403 discipuli
963 4338 1021 4381 non
1036 4319 1114 4387 uidit.
1130 4325 1159 4375 ct
1172 4322 1283 4375 cetere

864 4536 993 4557 1*-

615 4724 688 4834 lN
735 4720 955 4835 COENA
997 4704 1274 4826 DOMINI.

147 4993 282 5060 Desertor
297 4990 336 5047 od
348 4990 564 5049 Dierorotimom
580 5007 647 5049 csse
660 4988 867 5056 misericordia,
882 4991 911 5046 st
925 4989 952 5051 D
968 4983 1075 5040 sitatum
1088 4993 1143 5037 non
1158 4972 1245 5033 enutri
1264 4970 1422 5029 affirmetur.
1445 4964 1510 5021 llec
1534 4962 1631 5019 domus
1646 4956 1674 5015 in
1689 4954 1770 5014 nohis

112 5079 302 5151 offlfirohiter
322 5080 355 5137 iss
379 5096 414 5138 co
444 5078 544 5139 domes
568 5096 651 5148 meo.
679 5080 753 5138 dicit
775 5078 915 5137 Dominio
968 5068 1149 5140 recidit,dum
1163 5080 1240 5121 mens
1255 5046 1684 5120 nostranculmiuesirtuturnin
1699 5044 1770 5102 ulcis

114 5168 334 5243 (tachipstcut
345 5183 420 5240 serpe
429 5166 588 5237 disirohis,
598 5167 746 5236 karissimi,
758 5166 794 5235 (D
804 5167 865 5233 tec,
875 5167 914 5237 ν’)
968 5160 1083 5225 corruit,
1099 5156 1170 5215 unde
1181 5162 1207 5213 ct
1218 5151 1350 5211 Dominus
1364 5164 1380 5204 a
1395 5144 1474 5203 nobis
1489 5138 1615 5200 recessit.
1635 5135 1689 5194 Sed
1704 5133 1770 5208 quis

113 5256 287 5317 Hierusalem
296 5254 398 5315 dicitun
408 5257 476 5315 virio
484 5258 564 5331 pacis
573 5265 602 5315 et
614 5256 752 5327 significet
760 5254 914 5315 Ecclesism
969 5251 1029 5308 istis
1042 5247 1140 5305 diebus
1153 5242 1201 5301 xl.
1215 5258 1265 5315 per
1279 5234 1468 5313 poenitentiam
1482 5232 1661 5289 instrumente
1685 5220 1769 5297 spiri·

114 5364 175 5421 que
196 5347 226 5404 in
249 5345 327 5405 celis
350 5345 445 5403 cismo
466 5354 509 5403 est
532 5345 684 5421 principem
704 5344 795 5419 peris.
817 5346 849 5401 ln
863 5344 916 5402 nec
969 5334 1052 5393 tunlis
1065 5328 1172 5390 editicii
1186 5326 1358 5400 colligemus,
1373 5322 1470 5379 iternm
1486 5312 1658 5391 propicietur
1671 5320 1768 5382 repro·

114 5436 289 5495 llieruselem
304 5451 458 5494 sumusnos
468 5436 656 5511 domusqnsm
665 5436 740 5494 Deus
756 5433 811 5493 ilde
820 5432 915 5498 erosit,
969 5424 1051 5483 mittit
1064 5420 1206 5479 Dominus.
1222 5418 1356 5475 Revertor
1370 5408 1408 5469 od
1422 5405 1599 5466 librumlem
1612 5414 1676 5459 curn
1685 5399 1771 5456 mtre-

114 5524 262 5584 rirtntibus
285 5524 428 5591 instrnxit,
452 5524 615 5599 baptismate
647 5523 730 5595 lsrit,
764 5523 914 5598 gratiarnm
972 5513 1096 5574 ricordin
1110 5514 1225 5584 pcocstu
1238 5500 1398 5571 relaxando,
1411 5494 1529 5557 edittcu
1549 5492 1662 5549 domurn
1682 5486 1771 5545 herts-

116 5612 280 5674 muneribus
293 5612 411 5670 ornarit.
435 5614 467 5669 ln
479 5615 531 5671 hnc
543 5613 626 5672 domo
640 5609 695 5672 riri
709 5610 816 5685 lepides
830 5610 918 5668 terra-
971 5610 1045 5661 meta
1059 5598 1202 5659 donando.

116 5703 218 5763 mentis
231 5701 432 5760 tribubtionum
446 5701 627 5778 quedrentnr,
642 5709 673 5761 ut
686 5702 786 5760 domus
801 5701 830 5758 in
840 5699 918 5759 omlis
1007 5692 1067 5751 lloc
1080 5687 1206 5760 exemplo
1220 5680 1343 5759 episcopi
1357 5680 1458 5736 domus
1471 5671 1652 5732 editlcstoras
1666 5666 1771 5738 collap-

120 5787 156 5847 de
168 5787 211 5846 eis
223 5792 407 5855 construetur,
417 5786 447 5844 in
456 5803 518 5863 qun
532 5786 639 5847 seourb
652 5793 680 5846 et
694 5785 811 5845 mens
823 5785 919 5845 edver-
971 5796 1034 5841 som
1046 5780 1159 5838 domum
1171 5774 1252 5834 hodic
1268 5774 1433 5839 restaurent,
1447 5763 1512 5823 duta
1527 5760 1691 5838 prenitentes
1704 5770 1772 5831 pro·
