3942 6067
118 241 189 297 tutte

495 233 679 293 SPECULUM
699 234 892 296 ECCLESIAE.
916 268 951 283 ·-
969 236 1231 296 costttatvotrto
1252 234 1393 293 OPERIS.

1706 228 1776 286 {⁰86
1854 258 1859 269 ·

113 399 204 459 gore;
221 381 332 455 quidam
347 394 450 455 magno
465 379 553 439 fetore
570 396 577 452 ;
601 380 712 456 quidem
727 390 818 440 autem
833 384 916 455 puni·
930 366 957 429 Α
973 384 1056 441 tuisse
1070 383 1199 457 illamque
1214 398 1263 455 pro
1279 379 1400 455 peccatis
1428 378 1485 433 suis
1514 380 1577 449 post
1600 382 1715 432 mortem
1730 390 1775 432 su-

113 481 196 530 untur
217 472 391 528 tenebrarum
424 471 548 527 horrore.
573 472 607 529 m
636 472 705 528 sicut
730 472 774 529 hic
799 474 917 529 diversis

114 562 237 635 peccatis
251 561 413 626 subduntur,
430 560 469 616 ita
481 561 518 616 ibi
532 561 649 617 dirersis
677 562 766 633 poenis
790 562 916 618 alliciun-

116 662 172 709 tur.
193 653 226 707 lit
240 650 391 708 secundum
405 651 515 706 modurn
530 652 636 722 peccati
651 652 805 707 extenditur
819 654 917 709 modus

116 740 253 812 supplicii.
280 740 322 795 iiii
346 733 442 797 omnes
470 740 650 808 orationibus,
668 740 781 815 vigitiis,
795 742 915 812 iejuniis,

113 830 274 887 clemosinis
285 829 422 897 justorum
436 829 626 886 liberabuntur
640 839 667 885 et
682 831 785 886 sanctis
799 831 828 885 in
844 848 914 903 gan-

114 920 162 977 dio
175 918 397 975 associabuntur.
426 919 491 975 llaec
504 934 572 977 vero
587 920 630 974 his
645 927 747 975 tantum
767 921 918 993 proderunt

114 1008 163 1083 qui
176 1008 299 1065 viventes
315 1009 373 1065 hec
388 1022 440 1079 pro
454 1007 516 1063 aliis
531 1009 668 1065 lecerunt.

152 1107 181 1161 ln
197 1106 304 1162 interno
318 1105 441 1161 damnati
455 1105 573 1162 dirersis
601 1105 742 1179 suppliciis
757 1123 808 1179 pro
823 1107 917 1164 direr-

113 1194 153 1250 sis
167 1195 283 1261 meritis,
301 1195 368 1249 alius
382 1196 482 1263 minus,
513 1194 585 1250 alius
611 1196 686 1268 plus,
712 1196 915 1264 cruciabuntur,

113 1300 255 1357 nunqnam
270 1291 362 1340 autem
376 1282 577 1340 liberabuntur.
607 1287 658 1341 Pro
679 1286 793 1343 mortuis
813 1285 918 1341 frustra

114 1389 258 1431 oraremus
272 1372 296 1428 si
310 1388 362 1429 nos
375 1372 489 1429 minime
504 1382 707 1431 resurrecturos
721 1390 911 1448 speraremus.

112 1464 269 1536 Resurgent
282 1470 373 1519 autem
389 1478 485 1519 ornnes
500 1464 599 1519 mortui
613 1480 644 1520 ea
659 1472 737 1521 aetate
748 1473 775 1520 et
785 1481 916 1522 mensura

113 1568 169 1626 qua
189 1552 315 1608 Christus
329 1551 364 1624 (ι’
378 1555 430 1607 336
446 1553 487 1623 ve)
502 1553 661 1620 resurrexit,
686 1554 812 1610 scililicet
834 1556 915 1611 XXX

112 1656 258 1707 annorum,
276 1651 330 1697 tam
343 1641 434 1697 iulans
449 1642 530 1697 unius
545 1643 634 1700 noctis
648 1660 703 1715 qua
714 1660 730 1697 :t
745 1644 845 1716 aliquis
861 1659 913 1699 no·

971 475 1045 530 bisse
1061 490 1170 545 poenem
1185 472 1293 543 retulit;
1311 478 1339 527 ut
1354 468 1481 526 eumdem
1511 482 1608 539 penem
1636 465 1696 522 Deo
1724 478 1775 536 pro

970 580 1001 619 se
1015 562 1127 620 offerret
1142 562 1228 635 petiit,
1246 570 1272 618 et
1286 562 1309 617 si
1326 548 1456 617 reversus
1471 572 1533 613 eum
1548 570 1602 611 nou
1626 554 1773 619 inveniret,

970 670 1001 710 se
1017 654 1161 709 liberatum
1176 652 1267 710 sciret.
1296 652 1359 707 llaec
1388 649 1483 705 dicens
1512 647 1629 710 evanuit,
1650 651 1676 699 et
1699 641 1773 715 quod

971 743 1083 815 spiritus
1097 742 1177 799 luerit
1199 740 1334 814 apparuit.
1363 738 1510 809 Presbyter
1523 743 1613 790 autem
1628 732 1663 789 ed
1678 732 1771 789 eccle-

970 832 1041 888 siem
1058 846 1212 905 regressus,
1242 829 1354 905 vigiliis,
1376 826 1498 897 iejuniis,
1522 823 1694 880 orationibus
1723 836 1775 892 per

970 921 1154 993 septimanam
1183 935 1233 991 pro
1261 935 1294 975 eo
1322 916 1465 983 laboravit,
1482 914 1598 971 hostiam
1625 912 1774 968 salutarem

971 1010 1134 1077 immolarit,
1151 1009 1251 1066 deinde
1266 1012 1301 1064 ad
1315 1008 1443 1063 balneum
1460 1020 1590 1077 pergens,
1608 1002 1696 1059 virum
1717 1015 1773 1057 nou

970 1100 1074 1157 invenit
1089 1100 1220 1174 quiajam
1237 1099 1264 1154 in
1281 1097 1456 1169 refrigerium
1473 1094 1611 1168 pervenit.

1008 1189 1125 1260 Quidem
1141 1189 1219 1245 miles
1234 1188 1261 1243 in
1276 1187 1351 1243 bello
1366 1186 1482 1257 capitur,
1499 1183 1620 1240 vinculis
1647 1181 1775 1239 astrictus

973 1294 1085 1336 carcere
1114 1277 1270 1335 includitur.
1292 1274 1379 1346 Quem
1409 1290 1478 1329 uxor
1507 1281 1606 1344 putens
1630 1279 1775 1337 mortuum,

972 1368 1084 1425 cottidie
1107 1382 1158 1439 pro
1183 1382 1216 1423 eo
1241 1366 1338 1423 obtulit
1360 1362 1536 1419 sacrificium.
1554 1360 1605 1432 Qui
1619 1368 1682 1433 post
1695 1359 1776 1416 XXX

972 1458 1032 1513 dies
1046 1458 1080 1514 de
1095 1456 1232 1530 angustiis
1247 1455 1370 1526 eripitur,
1388 1453 1500 1509 domum
1516 1451 1672 1507 revertitur.
1698 1450 1775 1506 Gan-

970 1547 1047 1603 denti
1067 1547 1144 1603 uxori
1171 1545 1260 1603 retulit
1288 1544 1405 1617 qualiter
1428 1542 1541 1599 cottidie
1555 1558 1605 1613 pet·
1620 1540 1701 1595 XXX
1717 1539 1777 1595 dies

970 1636 1074 1709 aliquot
1088 1637 1152 1709 (sic)
1167 1634 1293 1691 solatium
1308 1634 1334 1689 ei
1349 1630 1483 1696 evenerit,
1501 1646 1534 1686 ec
1549 1634 1659 1687 demurn
1675 1628 1771 1685 solutis

113 1740 259 1805 gestorum
274 1732 337 1800 (ric)
352 1747 501 1786 annorum.
519 1732 595 1788 Tunc
607 1733 672 1803 justi
687 1733 833 1805 fulgebunt
847 1735 919 1790 sicut
933 1726 959 1789 Β
974 1725 1091 1783 vinculis
1106 1740 1218 1782 carcere
1233 1732 1356 1779 reserato
1371 1723 1431 1794 ipse
1446 1722 1516 1777 libet·
1531 1720 1638 1777 exierit.
1655 1718 1772 1773 Peritos

114 1822 157 1876 sol
174 1821 202 1876 in
214 1836 303 1894 regno
315 1821 403 1875 Petris
416 1836 511 1876 eorum
527 1823 641 1892 (hatti.
656 1827 740 1893 xttr);
756 1831 784 1879 et
798 1824 867 1879 sicut
878 1832 919 1879 est

116 1910 172 1966 alie
199 1909 313 1966 claritas
340 1910 417 1976 solis,
446 1911 499 1965 alia
519 1911 630 1968 claritas
645 1911 727 1977 luuae,
743 1913 796 1968 alia
809 1912 919 1969 claritas

114 1998 256 2055 stellarum
272 1999 299 2071 (l
313 1999 375 2055 Cor.
391 1998 454 2069 xv),
479 2000 520 2055 sic
546 2000 599 2055 erit
617 2009 645 2056 et
668 2000 814 2057 diversitas
830 2002 921 2072 justo·

113 2104 189 2143 rum.
208 2088 292 2145 Stella
306 2088 342 2143 ab
356 2086 437 2144 stella
463 2087 556 2145 differt
569 2090 598 2144 iu
613 2090 737 2147 claritate
756 2092 863 2163 (terh),
880 2091 920 2148 sie

113 2185 143 2233 et
162 2177 326 2234 resurrectio
354 2178 613 2252 mortuorumque
637 2180 709 2236 docti
732 2188 761 2236 nt
789 2181 921 2252 splendor

115 2265 277 2322 firmamenti
301 2267 336 2322 ad
362 2266 500 2339 justiciam
529 2269 630 2324 multos
656 2270 814 2326 erudientes
843 2270 921 2342 quasi

114 2356 203 2412 stelle
217 2356 311 2411 lucent
325 2356 352 2410 in
367 2356 606 2428 gloriajustorum
619 2358 709 2428 (Dan.
730 2364 797 2426 xit).
817 2357 920 2415 Omnes

117 2444 229 2517 quidem
258 2452 288 2500 ut
311 2443 352 2499 sol
380 2444 538 2518 fulgebunt,
554 2446 603 2501 sed
618 2446 665 2501 alii
679 2463 735 2518 prae
749 2447 823 2515 aliis,
850 2448 921 2505 sicut

117 2534 242 2606 quaedam
271 2533 359 2590 stellre
390 2550 448 2605 prae
470 2534 558 2590 stellis
575 2536 779 2607 splendebunt;
793 2537 839 2592 alii
854 2553 920 2593 vere

119 2639 179 2694 prae
193 2622 257 2691 illis,
273 2632 302 2678 ut
314 2623 379 2678 lune
394 2623 461 2678 nitet
476 2640 534 2695 prae
550 2625 655 2692 stellis;
671 2625 791 2699 itemque
804 2626 850 2681 alii
863 2642 921 2697 prae

115 2711 172 2767 illis
188 2711 345 2767 rutilantia
359 2712 451 2785 glorie
466 2720 495 2768 ut
509 2712 551 2768 sol
569 2714 656 2769 radiat
678 2730 736 2785 prae
762 2715 836 2771 luna.
863 2716 919 2783 Sic,

115 2801 265 2867 karissimi,
288 2801 362 2857 beati
375 2801 403 2856 in
418 2801 507 2872 gloria
521 2800 741 2872 vivificabuntur,
757 2814 785 2861 et
797 2804 843 2861 hic
856 2821 920 2874 pec·

115 2890 186 2947 cetis
212 2890 239 2945 in
265 2890 383 2946 Domino
410 2890 576 2947 moriuntur.
593 2889 647 2960 Qui
662 2899 753 2948 autern
782 2894 810 2948 in
829 2894 920 2950 anime

974 1823 1050 1887 patet
1065 1815 1088 1871 si
1104 1816 1181 1885 htrjus
1195 1814 1288 1872 enimn
1303 1812 1330 1867 iu
1345 1811 1435 1883 poeuis
1450 1810 1557 1876 fuisset,
1584 1808 1677 1881 utique
1705 1806 1776 1863 sicut

975 1919 1077 1975 corpus
1092 1906 1127 1961 dr.
1144 1918 1259 1963 carcere
1273 1903 1390 1960 liberata
1405 1908 1489 1957 esset.

1010 2001 1091 2059 Alius
1117 2002 1144 2055 iu
1172 1999 1245 2057 bello
1258 1998 1337 2054 miles
1353 1998 1512 2053 vulneratus
1531 1994 1603 2051 inter
1622 1993 1777 2051 vulneratos

974 2090 1077 2149 corruit
1092 2110 1101 2156 ,·
1114 2090 1213 2146 deinde
1227 2096 1369 2159 resumpto
1384 2085 1478 2158 spiritu
1493 2100 1610 2157 surgens
1633 2083 1710 2151 abiit,
1731 2081 1776 2153 qui

974 2182 1009 2237 ab
1025 2178 1147 2237 hostibus
1162 2175 1411 2249 comprehenditur,
1429 2174 1534 2230 catenis
1546 2172 1704 2241 innectitur,
1725 2171 1775 2226 sed

975 2270 1008 2342 (l0
1022 2272 1085 2341 338)
1101 2283 1163 2323 mox
1180 2268 1256 2339 rigor
1271 2274 1433 2323 catenarum
1447 2262 1574 2319 solvitur.
1595 2262 1662 2317 Cum
1682 2268 1774 2315 autern

975 2359 1077 2432 sepius
1105 2357 1236 2431 ligaretur
1259 2358 1287 2411 et
1313 2353 1392 2410 toties
1421 2368 1438 2409 a
1466 2352 1582 2409 vinculis
1609 2350 1774 2419 solveretur,

974 2448 1081 2505 cunctis
1096 2446 1259 2502 mirantibus
1274 2458 1427 2515 novamque
1456 2457 1513 2497 rem
1536 2440 1718 2512 stupentibus,
1739 2439 1776 2495 ait

975 2538 1087 2611 quidem
1102 2552 1165 2593 eum
1181 2543 1240 2591 erte
1256 2533 1371 2605 peritum
1388 2547 1442 2605 quo
1457 2532 1524 2588 sciet
1535 2530 1644 2586 solvere
1659 2544 1771 2585 nexum.

974 2628 1024 2682 llte
1038 2634 1120 2699 negat
1135 2641 1164 2681 se
1180 2624 1269 2696 aliqua
1284 2631 1342 2679 arte
1358 2623 1500 2685 imbutum,
1518 2620 1612 2676 dicens
1627 2627 1717 2674 autern
1745 2632 1776 2673 se

974 2716 1078 2772 habere
1096 2716 1205 2769 fratrem
1219 2713 1407 2785 presbyterum
1423 2726 1504 2783 quem
1518 2716 1592 2781 putet
1608 2724 1656 2779 pro
1671 2724 1702 2763 se
1716 2708 1775 2763 Do-

974 2806 1050 2860 mino
1073 2804 1205 2860 obtulisse
1223 2800 1398 2866 sacrificium,
1415 2808 1440 2855 et
1467 2800 1521 2855 boc
1548 2798 1630 2853 modo
1655 2797 1775 2852 solutum

974 2892 1133 2962 vinculum
1151 2900 1177 2948 et
1197 2890 1235 2947 ite
1257 2897 1336 2959 erat3
1353 2904 1416 2945 narn
1436 2888 1471 2945 ab
1495 2888 1620 2944 hostibus
1645 2884 1776 2941 dimissus

115 2979 225 3047 mortui,
246 2979 291 3037 hic
313 2995 365 3051 per
388 2980 576 3052 paenitentiam
593 2997 646 3037 non
662 2990 789 3054 surgunt,
819 2984 920 3039 mortui
973 2984 1008 3041 ad
1037 2998 1102 3040 suos
1130 2980 1221 3047 rediit,
1238 2980 1351 3035 fratrem
1366 2994 1444 3034 suum
1459 2976 1571 3034 cottidie
1587 2990 1635 3048 pro
1650 2992 1680 3031 se
1697 2973 1776 3047 quasi

114 3083 235 3141 corpore
251 3070 279 3124 in
292 3076 426 3126 aeternum
439 3070 576 3141 peribunt.
596 3068 720 3139 Qualiter
734 3072 823 3128 hostia
839 3072 915 3128 salu·
933 3086 1022 3151 Gpro
1037 3080 1148 3129 mortuo
1166 3070 1267 3127 missas
1293 3068 1449 3126 celebrasse
1476 3066 1581 3124 didicit.
1601 3066 1673 3123 Ecce
1689 3080 1776 3137 quan·

115 3158 168 3215 tari
181 3158 224 3215 tel
235 3158 392 3215 elemosinis
407 3175 481 3231 saepe
495 3159 595 3216 anime
609 3160 731 3217 liberatae
744 3162 808 3230 sint,
836 3163 921 3217 multa
974 3169 1031 3219 tum
1047 3162 1118 3219 valet
1133 3160 1290 3233 deprecatio
1311 3160 1447 3229 justorum
1462 3172 1522 3230 qaae
1544 3156 1588 3227 pie
1610 3154 1778 3226 impenditur

115 3246 227 3320 quidem
248 3246 377 3321 legimus,
407 3250 457 3304 sed
482 3262 571 3320 pauca
598 3249 680 3306 vobis
708 3249 810 3307 referre
837 3251 918 3309 volu·

116 3353 188 3394 mus.

155 3424 272 3494 Quidam
296 3426 442 3498 presbyter
468 3441 518 3497 pro
548 3427 684 3484 medicina
698 3443 784 3502 aquas
798 3429 833 3485 de
846 3437 920 3488 terra

117 3514 225 3573 calidas
254 3523 399 3571 manantes
426 3514 570 3571 balneabat
585 3536 592 3585 ;
609 3516 656 3589 qui
682 3518 711 3573 in
734 3518 795 3590 ipso
812 3519 919 3578 fervore

117 3604 206 3661 virum
216 3611 335 3660 stantem
349 3604 514 3676 inveniebat,
523 3606 602 3679 isque
616 3607 775 3680 presbytero
790 3608 919 3665 balneum

117 3693 230 3750 intranti
245 3701 272 3750 et
286 3692 441 3768 egredienti
455 3695 621 3768 obsequium
631 3696 782 3767 praebebat.
793 3697 843 3753 Cui
857 3714 919 3770 pre·

975 3251 1117 3324 spiritibus
1132 3258 1313 3316 mortuorum,
1327 3264 1378 3320 per
1391 3262 1471 3321 quam
1500 3246 1582 3303 etiam
1607 3244 1777 3303 redimuntur

974 3350 1054 3413 capta
1068 3341 1189 3398 rivorum
1205 3354 1329 3411 corpore.
1346 3337 1443 3410 Igitur,
1458 3335 1606 3406 karissimi,
1626 3334 1776 3408 diligenter

974 3448 1087 3489 oremus
1103 3446 1153 3503 pro
1167 3428 1312 3499 defunctis,
1330 3436 1358 3483 et
1372 3427 1495 3483 orabitur
1509 3441 1560 3497 pro
1576 3425 1656 3481 nobis
1685 3439 1775 3497 quan·
1864 3500 1871 3509 ἱ

973 3522 1065 3594 doque
1092 3520 1220 3576 mortuis.
1239 3517 1319 3589 Quod
1343 3518 1367 3573 si
1386 3515 1597 3589 neglexerimus,
1623 3520 1651 3571 et
1676 3528 1728 3569 nos
1748 3512 1776 3570 in

973 3610 1129 3683 neglectum
1143 3608 1213 3665 vivia
1230 3607 1382 3663 veniemus.
1395 3604 1423 3660 Si
1438 3605 1508 3661 bene
1522 3602 1684 3669 vixerimus,
1701 3610 1776 3659 certe

972 3698 1095 3755 oratione
1124 3712 1177 3753 non
1206 3694 1402 3769 indigebimus,
1429 3692 1477 3750 sed
1511 3708 1573 3751 curn
1606 3691 1715 3748 Christo
1747 3689 1776 3746 in

118 3782 214 3855 abyter
227 3782 272 3839 die
286 3782 404 3856 quadarn
417 3797 518 3855 panem
532 3799 582 3855 pro
596 3784 712 3842 caritate
726 3787 825 3851 attulit,
836 3802 917 3858 quem

117 3872 179 3946 ipse
193 3871 433 3945 reciperenolnit3
449 3888 569 3929 rnoerens
584 3882 611 3930 et
623 3875 721 3930 anxius
734 3890 764 3931 se
778 3874 917 3932 hominem

972 3787 1063 3859 glorie
1087 3785 1193 3845 eoelesti
1216 3784 1326 3841 erimus.
1342 3782 1428 3854 Quam
1458 3780 1553 3841 oculus
1578 3796 1634 3839 non
1662 3780 1688 3853 (l
1713 3781 1774 3838 Cor.

976 3876 1025 3949 rr).

525 4360 922 4476 comusunhuto
949 4399 1122 4478 nurus
1151 4396 1362 4476 opums.

156 4652 209 4726 Qui
224 4654 258 4711 ad
274 4654 396 4712 eoelestin
409 4654 585 4713 inardescunt
609 4664 636 4713 et
654 4656 722 4715 alios
750 4659 839 4717 rerbo
869 4676 919 4717 ae·
936 4661 962 4723 D
977 4646 1083 4717 naenias
1095 4657 1231 4733 opinionis
1247 4658 1391 4715 mundane
1406 4656 1593 4731 dispositionis
1607 4656 1777 4729 amplectun-

120 4744 254 4804 cenderet
275 4745 397 4816 cupiunt,
412 4753 476 4801 sunt
491 4746 567 4801 multi
582 4762 722 4804 sermones
746 4759 918 4819 sanctorum,
979 4758 1033 4818 tur,
1049 4749 1141 4824 legant
1157 4750 1295 4805 Platonem
1312 4769 1319 4817 ;
1337 4766 1405 4821 quos
1433 4748 1564 4805 cavillare
1587 4746 1713 4813 delectat,
1734 4744 1777 4801 di-

122 4835 242 4893 diversae
269 4835 376 4893 omeliae
404 4836 627 4909 Evangeliornm,
647 4838 790 4909 passiones
818 4849 925 4909 mertp-
979 4848 1056 4895 scant
1071 4839 1244 4896 Aristotelem
1257 4856 1264 4903 ;
1277 4838 1349 4896 belle
1362 4845 1487 4894 amentes
1502 4837 1602 4892 habeut
1619 4836 1775 4904 heronem

125 4940 197 4990 rurn,
214 4924 279 4981 rite
295 4932 465 4992 sanctorum,
483 4925 630 4997 dequibus
651 4927 779 4983 omnibus
799 4936 925 5000 poterunt
978 4928 1084 4985 libidini
1100 4938 1238 4995 vacantes,
1253 4930 1391 4985 Nasonem
1402 4947 1411 4995 ;
1423 4926 1567 4985 discordes
1580 4924 1673 4980 incitat
1689 4924 1776 4979 Luca-

123 5013 238 5086 copiose
267 5013 403 5069 instruere
426 5014 557 5085 populum
585 5014 814 5073 Christianorum.
847 5018 926 5091 liogo
978 5034 1030 5074 nus
1045 5026 1071 5075 et
1085 5018 1210 5086 Stacius;
1226 5018 1384 5091 petulantes
1402 5016 1511 5073 instruit
1535 5013 1776 5071 lloreciuset'l'e··

124 5110 218 5160 autem
232 5102 391 5159 laborantes
406 5104 435 5159 in
448 5103 554 5160 caribdi
570 5104 710 5161 secutam
737 5105 927 5179 phylosophiae
978 5108 1100 5175 rentius;
1117 5108 1166 5163 sed
1179 5108 1241 5180 quie
1256 5108 1350 5163 horum
1366 5106 1476 5163 nomine
1491 5104 1526 5161 de
1540 5103 1610 5159 libro
1630 5102 1776 5159 viventium

124 5208 162 5248 ne
186 5192 339 5265 despiciant
353 5193 405 5250 hoc
418 5192 576 5265 pitaciolum
592 5192 664 5266 legis
678 5193 786 5262 divinae,
808 5197 927 5253 seientes
978 5204 1042 5251 suut
1063 5195 1162 5265 deleta,
1191 5212 1246 5253 non
1270 5210 1376 5251 memor
1393 5210 1440 5251 ero
1456 5193 1596 5249 nominum
1611 5207 1707 5249 eorum
1727 5205 1778 5262 per

125 5282 180 5339 hoc
194 5297 249 5339 non
259 5282 311 5338 sibi
325 5283 375 5338 sed
387 5282 496 5340 civibus
503 5280 686 5348 Hierusalem,
697 5283 802 5340 seilicet
815 5283 927 5340 humili·
977 5284 1049 5341 labia
1063 5300 1134 5341 mea.
1150 5286 1212 5357 Ego
1227 5294 1318 5341 autem
1334 5284 1444 5339 humilis
1459 5279 1777 5339 assertorhumilisiesu

126 5370 192 5437 bus,
207 5370 403 5443 conscriptum,
424 5370 523 5442 quibus
546 5370 719 5427 solummodo
733 5381 757 5427 et
776 5389 926 5445 supernum
980 5373 1090 5440 Christi,
1105 5374 1295 5441 bumilitatem,
1320 5374 1482 5439 castitatem,
1510 5369 1726 5427 misericordiam
1751 5375 1778 5426 et

127 5475 246 5534 regnum
260 5469 289 5517 ut
303 5459 366 5515 filiis
381 5468 422 5515 est
437 5459 613 5530 promissum.
629 5459 710 5517 Cives
725 5471 818 5519 autem
833 5463 925 5536 Baby·
980 5463 1157 5521 concordiam
1179 5464 1286 5531 doctus,
1315 5462 1349 5517 ad
1379 5462 1458 5517 vitam
1483 5470 1662 5532 properantes
1684 5456 1776 5514 docui.

123 5552 216 5618 loniae,
233 5550 360 5607 videlicet
385 5547 505 5621 superbi,
529 5549 656 5606 habunde
671 5560 734 5608 sunt
750 5569 766 5607 a
781 5553 838 5609 suis
851 5569 924 5625 prae·
980 5554 1104 5626 Magnam
1130 5552 1226 5609 silvam
1253 5553 1408 5625 ingressus,
1437 5550 1561 5606 diversas
1590 5547 1701 5604 frondes
1725 5547 1776 5604 de-

124 5640 283 5713 ceptoribus
312 5639 445 5695 instructi.
475 5639 579 5695 Homm
612 5640 746 5698 doctrinis
779 5642 927 5698 innitantur
979 5642 1069 5715 carpsi
1083 5660 1091 5711 ;
1107 5643 1142 5699 de
1157 5643 1211 5699 leto
1226 5658 1324 5713 campo
1340 5640 1525 5698 multicolores
1547 5638 1676 5696 flosculos
1694 5636 1778 5693 colle-

124 5744 237 5803 quorum
252 5736 280 5787 et
294 5728 376 5785 vitam
390 5743 564 5804 summopere
580 5729 733 5788 imitantur.
752 5732 787 5789 Et
800 5731 863 5791 ideo
878 5734 926 5808 qui
979 5731 1021 5805 gi;
1032 5732 1177 5805 pulchram
1185 5732 1293 5789 mitram
1302 5740 1449 5790 contexens
1463 5728 1545 5807 capiti
1559 5744 1668 5805 sponsa
1677 5724 1776 5787 chesn
