3942 6067
93 192 144 247 873

398 194 586 258 SPECULUM
603 200 794 261 uccubstka.
813 230 849 242 -
867 196 1046 299 DOMINICA
1065 207 1103 263 IN
1124 203 1437 281 palatiolensium

1702 204 1753 263 8Ίό

91 315 267 375 tieomnium
288 326 841 395 rerumperitus„ettalilidesubnixus
863 329 1021 388 utAbono
1053 350 1138 405 opat-a
1169 334 1294 408 languet.
1324 332 1389 387 llaec
1414 345 1498 402 snper
1526 327 1600 385 rivos
1621 344 1752 404 aquarum
1799 317 1802 321 ⁵

91 415 199 463 montes
213 408 247 464 de
262 409 323 466 loco
338 412 372 467 ad
388 412 479 470 locum
493 419 645 475 transl'crre
660 420 760 488 valeat,
773 416 888 475 karitate

93 506 185 552 autem
201 508 305 566 eareat,
322 517 415 558 coram
431 506 489 561 Deo
503 523 554 577 pro
568 509 661 564 nichili
672 508 789 580 existat(
799 510 811 563 l
821 508 885 565 Cor.

91 587 158 655 xit).
187 588 288 644 lterum
304 590 368 647 dicit
385 610 391 647 :
409 594 437 650 Si
453 596 514 667 quis
528 612 624 652 omnes
636 598 777 655 facultates
789 596 890 652 suasio

90 674 167 731 cibos
182 692 332 749 pauperum
347 681 493 739 distribuat
509 687 670 759 etacipaum
682 688 717 743 ad
727 686 888 759 martyrium

89 762 162 837 ignis
178 766 274 834 tradet,
290 769 313 824 si
328 772 429 827 karitas
443 773 471 827 in
487 790 520 831 eo
534 792 590 833 non
604 776 648 843 sit,
674 777 757 833 nichil
773 775 799 832 ei
822 790 888 847 pro·

89 854 123 908 sil
147 856 249 926 (iota).
266 858 331 914 Haee
355 860 382 915 ln
403 863 467 925 duo,
483 865 509 918 in
525 865 699 921 dilectionem
715 865 821 921 scilicet
837 864 888 920 Dei

88 950 115 998 ει
130 945 244 1014 proximi
267 948 410 1017 dividitur,
425 960 454 1007 nt
469 954 495 1007 in
509 954 661 1027 Evangelio
674 955 782 1012 dicitur.
798 955 830 1011 ln
845 954 888 1010 lrt'a

88 1032 194 1090 duobus
206 1042 556 1111 precepttaantcersatce
570 1046 674 1114 pendet
693 1050 722 1101 et
744 1046 887 1118 prophetoe

89 1123 205 1191 (ιιιιιιι.
222 1128 302 1196 xxii).
321 1130 455 1185 lleaesunt
471 1135 589 1205 geminae
609 1135 660 1189 alae
680 1134 778 1205 quibes
799 1132 886 1189 saneti

86 1211 123 1266 ad
148 1213 271 1271 coelestia
292 1217 477 1287 sublevantur,
501 1222 569 1277 sicut
592 1225 726 1295 propheta
755 1231 882 1279 testatur.

86 1302 216 1369 Sumeret,
228 1305 324 1377 inquit,
336 1312 548 1382 constituentem
558 1316 590 1369 at
601 1315 703 1385 aquilae
713 1317 741 1369 el
751 1314 885 1369 velabunt

87 1392 183 1461 (Prota
209 1396 308 1459 xxtttl.
334 1398 408 1455 Sicut
422 1416 489 1472 crgo
503 1403 562 1456 avis
575 1401 634 1457 sine
649 1402 756 1458 duabus
780 1403 832 1459 ulis
856 1418 886 1457 se

86 1496 142 1535 non
158 1482 231 1538 valet
244 1484 271 1539 in
285 1502 350 1541 aera
365 1488 519 1555 sublevare,
545 1491 581 1545 ita
605 1491 697 1547 nullus
716 1498 805 1563 potest
827 1490 886 1547 aine

86 1570 196 1627 duobus
209 1574 284 1645 (tte)
300 1576 434 1633 mandatis
447 1579 482 1633 ed
497 1580 620 1635 coelestia
629 1581 809 1636 transvolare.
820 1581 887 1637 ldeo

945 420 1095 491 plantetur,
1116 425 1180 485 quia
1204 440 1255 495 per
1277 422 1380 477 fluenta
1402 417 1607 490 scripturarum
1636 419 1751 477 instrui-

944 522 1008 562 mur
1033 508 1151 580 qualiter
1172 509 1276 564 karitas
1298 507 1454 577 impleatur.
1479 504 1564 578 igitur
1587 520 1637 575 per
1664 504 1751 562 solam

945 596 1091 653 karitatem
1105 598 1198 653 omnia
1213 597 1342 653 mandata
1357 593 1408 651 ltei
1422 594 1596 665 complentur
1617 602 1644 651 et
1666 593 1753 664 nichil

944 686 1078 759 estquod
1095 687 1219 744 sinebas
1232 687 1337 761 agitur.

982 800 1063 858 Scire
1079 810 1181 870 autern,
1197 802 1345 859 karissimi.
1356 799 1464 857 debetis
1484 797 1601 871 qualiter
1624 798 1751 856 dileetio·

943 905 1006 948 nem
1023 890 1183 963 perficiatis.
1203 892 1265 949 Non
1281 892 1352 948 enim
1381 896 1423 946 est
1447 891 1499 945 boo
1523 888 1612 943 solum
1639 888 1750 945 dileetio

943 981 1073 1037 homines
1088 982 1208 1037 salutare
1223 990 1249 1038 et
1272 982 1313 1037 eis
1337 978 1462 1036 osculum
1484 977 1529 1034 vel
1553 978 1657 1033 bonum
1676 978 1750 1034 diem

943 1061 1018 1125 daress
1035 1070 1149 1128 Dilectio
1163 1070 1280 1143 proximi
1295 1068 1431 1141 perficitur
1444 1067 1552 1124 duobus
1566 1066 1665 1134 modis,
1694 1083 1750 1124 uno

942 1168 970 1215 ut
985 1160 1087 1214 nemini
1102 1158 1206 1217 faciatis
1221 1160 1293 1233 quod
1309 1159 1343 1214 ab
1368 1158 1420 1213 alio
1439 1158 1496 1229 pati
1511 1158 1649 1216 rennuatis
1673 1158 1747 1229 (Tel.

942 1250 1001 1319 tv);
1019 1251 1140 1306 sectando
1156 1258 1183 1305 ut
1199 1264 1380 1322 quaecumque
1393 1246 1477 1303 vultis
1491 1246 1605 1302 utrobis
1622 1246 1748 1303 homines

941 1327 1042 1395 saciant
1066 1342 1124 1395 haec
1149 1338 1337 1411 unusquisque
1367 1347 1486 1394 restrum
1515 1336 1578 1391 aliis
1607 1337 1749 1407 impendet

943 1430 1054 1499 (lllottlt.
1070 1432 1134 1485 ιιι).
1166 1428 1265 1484 Nullos
1288 1438 1410 1483 restrum
1432 1424 1488 1482 vult
1514 1426 1571 1497 pati
1592 1424 1697 1481 lurtum
1718 1433 1745 1481 et

943 1518 1116 1584 adulterium,
1142 1518 1186 1575 rel
1210 1517 1321 1590 aliquod
1349 1516 1491 1584 damnum,
1514 1513 1582 1570 nulli
1597 1514 1688 1571 iaciat.
1705 1513 1747 1570 kb

942 1608 1004 1662 aliis
1028 1608 1108 1664 tultis
1122 1608 1200 1664 vobis
1213 1605 1333 1679 impendi
1350 1606 1373 1672 (l
1393 1608 1440 1675 ιδ)
1466 1604 1634 1671 necessaria,
1664 1602 1746 1659 facite

86 1668 114 1715 et
132 1661 160 1715 in
183 1662 289 1719 duabus
307 1666 406 1721 tabulis
427 1676 503 1724 erant
517 1670 619 1739 scripta
634 1670 886 1741 ‹teccmlcgisprae
901 1690 927 1750 Β
943 1696 994 1764 θὶς,
1010 1697 1032 1751 si
1048 1698 1173 1769 potestis,
1191 1696 1301 1752 similia,
1322 1695 1354 1750 st
1370 1695 1431 1767 quis
1447 1694 1626 1749 substantiam
1654 1693 1748 1749 munuli

87 1759 180 1820 cepta.
199 1752 229 1808 ln
242 1770 294 1809 una
318 1771 436 1829 namque
445 1766 522 1813 erant
538 1758 590 1814 tria
604 1760 639 1815 ad
651 1759 826 1816 dilectionem
836 1759 887 1815 Dei

85 1840 259 1911 pertinentia,
276 1862 354 1917 quem
368 1848 497 1916 jubemur
512 1847 629 1921 diligere
642 1850 807 1919 totocorde,
832 1855 887 1905 tota

86 1938 198 1999 mente,
215 1940 271 1988 tota
283 1936 372 1989 anima
387 1938 495 2007 (llaltla
512 1940 596 2007 narr).
613 1939 696 1993 lirant
711 1939 783 1994 enim
808 1940 886 1995 haee:

86 2018 160 2075 Deos
177 2038 254 2078 uuus
268 2028 309 2078 eat
322 2042 329 2079 ι
341 2026 401 2081 Non
415 2029 504 2098 socies
517 2029 654 2099 sculptile
669 2028 772 2097 (deod.
796 2029 847 2099 xx)
862 2034 889 2083 et

86 2107 142 2164 boc
156 2110 191 2164 ad
207 2112 314 2167 Patrem
342 2114 445 2170 Deinde
462 2134 469 2170 :
486 2117 547 2172 llere
570 2134 697 2174 assumes
716 2134 820 2175 nomen
839 2118 889 2174 liei

87 2199 131 2254 tei
141 2202 173 2255 in
186 2218 304 2259 eonem.
320 2204 395 2259 ldem
404 2205 464 2263 Non
474 2208 632 2279 perjuratis
643 2208 744 2277 (tutat,
753 2218 779 2263 et
789 2208 845 2264 hoe
854 2208 888 2263 ad

86 2288 197 2344 Filium.
213 2291 284 2347 Exin
297 2292 451 2364 Semelitleo
466 2296 541 2352 diem
556 2296 670 2353 satiata
693 2297 795 2367 (ibid),
812 2298 888 2369 quod

85 2394 158 2435 none
173 2380 317 2438 Dominica
331 2383 375 2438 die
398 2384 511 2440 iacimus
535 2401 586 2441 nos
608 2386 762 2452 Christiani,
786 2396 812 2441 et
836 2388 889 2442 hoc

85 2467 203 2539 pertinet
225 2472 260 2525 ed
282 2470 410 2542 Spiritum
438 2482 563 2530 sanetum
588 2474 616 2530 in
637 2490 692 2549 quo
711 2484 840 2531 aetemcm
855 2474 888 2547 (l-

85 2557 131 2624 74,
148 2559 189 2629 ν’)
206 2560 327 2631 requiem
351 2563 511 2618 habebimus
532 2564 640 2636 quando
662 2564 831 2630 vacabimus,
862 2572 889 2620 et
911 2558 918 2573 ’

85 2646 184 2714 Deum,
203 2649 281 2705 siculi
290 2660 346 2715 cst,
357 2650 429 2708 lacis
443 2653 480 2707 ad
495 2652 756 2711 laeiemiidebimus
767 2656 791 2725 (l
800 2657 884 2712 toea.

85 2737 141 2809 ιιι).
163 2739 232 2793 Poro
248 2738 274 2793 in
288 2739 374 2797 altera
389 2742 437 2797 Vll
451 2743 659 2799 continebantur
680 2761 730 2815 per
754 2760 815 2816 quaa
843 2744 888 2799 di·

84 2824 167 2883 lectio
182 2829 297 2898 proximi
313 2830 475 2902 completur,
500 2849 582 2905 quem
607 2841 636 2889 ut
650 2834 834 2905 nosmetipsos
844 2832 889 2888 di-

81 2913 174 2989 ligere
189 2919 362 2990 praecipimur
376 2922 485 2993 (illeille.
502 2924 587 2996 xxti).

942 1786 1067 1843 hebuerit
1083 1796 1109 1842 ει
1125 1793 1235 1842 tratrem
1262 1802 1339 1840 suurn
1364 1785 1391 1839 in
1415 1784 1525 1839 Christo
1551 1782 1744 1839 necessitatem

942 1876 998 1947 pati
1015 1876 1124 1943 viderit,
1141 1884 1167 1931 et
1181 1876 1289 1931 viscera
1301 1890 1350 1930 sua
1365 1873 1400 1928 ab
1415 1889 1448 1929 eo
1459 1873 1599 1937 clauserit,
1610 1871 1747 1945 quomodo

944 1965 1049 2020 karitas
1063 1965 1113 2021 Ilei
1128 1965 1154 2020 iu
1170 1966 1222 2021 hoe
1234 1963 1350 2019 manet?
1362 1963 1385 2032 (l
1400 1965 1481 2020 loon.
1498 1962 1624 2019 111.lllic
1650 1969 1692 2017 est
1718 1969 1748 2018 ut

946 2053 1013 2110 licus
1029 2072 1090 2127 quae
1113 2071 1168 2111 non
1190 2053 1319 2118 lructum,
1353 2051 1402 2107 aad
1427 2059 1530 2105 tantum
1554 2049 1620 2105 lolia
1641 2050 1745 2120 habuit,

943 2148 970 2194 et
1005 2139 1068 2195 ideo
1097 2138 1278 2194 maledictae
1306 2136 1424 2192 Domino
1448 2150 1512 2191 mox
1533 2135 1604 2191 arob
1627 2134 1743 2207 (lieltlt.

941 2231 1018 2295 xxti.

979 2345 1045 2401 llaec
1069 2343 1132 2417 quia
1164 2350 1264 2399 terram
1296 2348 1412 2413 occupat
1435 2339 1612 2409 infmetuosa,
1641 2339 1749 2401 securis

942 2432 992 2491 irae
1006 2434 1058 2489 Dei
1072 2434 1107 2489 ad
1123 2433 1242 2490 radicem
1256 2432 1314 2502 ejus
1328 2440 1370 2487 est
1385 2430 1482 2503 posita,
1499 2438 1527 2486 ut
1541 2430 1624 2510 arbor
1637 2445 1691 2485 non
1704 2429 1746 2484 la-

943 2523 1019 2581 ciens
1033 2524 1132 2579 bonum
1148 2522 1265 2579 fructum
1279 2521 1420 2601 excidqtur
1435 2528 1461 2576 et
1482 2512 1627 2593 inignem
1651 2519 1746 2574 mitta-

943 2622 987 2668 tur
1000 2613 1111 2685 (natta.
1130 2617 1181 2679 ιιι).
1198 2613 1261 2682 Here
1276 2611 1367 2683 itaque
1398 2608 1518 2675 dileetio,
1545 2607 1693 2674 karissimi,
1717 2618 1746 2663 ut

944 2702 1079 2775 proximis
1109 2700 1209 2757 vestris
1236 2699 1382 2773 egentibus
1408 2696 1564 2754 necessaria
1586 2697 1745 2769 praebeatis,

944 2792 1128 2869 esurientibus
1142 2789 1245 2856 cibum,
1267 2788 1426 2862 sicientibus
1441 2796 1545 2859 potum,
1564 2785 1646 2841 nudis
1661 2786 1747 2842 vesti-

942 2890 1076 2948 mentum,
1092 2879 1170 2952 vagis
1186 2863 1347 2950 hospicium,
1364 2874 1489 2943 insumis,
1505 2874 1629 2947 captivis,
1646 2874 1745 2943 uiduis,

943 2971 1055 3044 pupillis
1068 2967 1229 3025 visitationis
1243 2968 1371 3023 solatium
1386 2966 1537 3022 exhibeatis
1554 2963 1644 3035 ,ipsis
1664 2964 1746 3020 etiarn

120 3053 186 3108 Tria
201 3062 228 3109 et
244 3052 294 3109 llll
315 3052 382 3110 fiunt
397 3057 455 3113 Vll.
473 3056 571 3113 Anima
595 3058 680 3115 habet
700 3058 761 3124 tria,
786 3058 890 3116 seilicet
904 3057 929 3121 G
946 3060 1062 3117 inimicis
1077 3068 1176 3116 vestrae
1192 3056 1342 3129 religionis,
1368 3055 1470 3111 ludaeis
1485 3063 1512 3110 et
1525 3054 1654 3125 paganis,
1679 3054 1703 3109 si
1730 3070 1748 3110 a

84 3144 257 3212 memoriam,
274 3144 491 3217 intelligentiam,
507 3148 685 3204 voluntatem.
712 3148 819 3219 Corpus
839 3165 890 3203 au-

87 3240 144 3287 tem
167 3242 272 3288 constat
297 3250 329 3289 ex
354 3235 405 3289 llll
432 3236 585 3292 elementis.
601 3236 683 3312 Quali
704 3254 770 3311 ergo
796 3253 892 3294 amore

84 3322 179 3376 anima
192 3324 306 3394 corpori
324 3324 459 3397 jungitur,
483 3326 529 3381 tali
553 3326 698 3383 dilectione
719 3328 821 3397 iustum
847 3332 891 3383 est

86 3416 117 3465 ιιι
134 3410 267 3482 proximis
282 3413 492 3487 conjungamur.
510 3415 556 3471 Sic
571 3425 661 3472 autern
677 3417 808 3488 scriptum
826 3424 890 3473 est:

85 3502 198 3557 Hectore
210 3504 324 3573 petrem
335 3506 417 3559 tuum
427 3508 455 3560 et
469 3510 591 3561 taetram
617 3506 675 3563 Non
692 3506 812 3563 occides.
831 3505 891 3563 Nea

84 3588 281 3648 mechaberis.
290 3592 350 3649 llcn
358 3596 472 3661 sartum
478 3596 576 3665 (ecies.
587 3596 647 3651 Non
654 3598 759 3667 selsam
768 3597 892 3652 testimo-

86 3680 265 3737 niumdiees.
278 3682 339 3738 Non
349 3686 530 3756 concupisces
545 3701 605 3741 rem
613 3686 742 3757 proniani
753 3686 806 3754 leti,
834 3701 891 3741 non

84 3786 219 3835 oaorem,
230 3775 385 3828 acoemeto
393 3774 542 3845 quoeillius
552 3774 727 3831 senttEaed.
740 3774 802 3847 xx).
814 3774 889 3841 llaec,

83 3858 241 3925 karissimi,
256 3860 347 3916 nullus
357 3868 478 3919 vestrum
485 3862 890 3933 vultpati,ideonullifaeiat,et

88 3948 131 4005 sie
147 3965 177 4005 se
192 3949 281 4023 legem
296 3950 404 4021 Christi,
420 3952 466 4025 qui
480 3962 521 4009 est
536 3952 646 4020 karitas,
661 3952 776 4024 implere
800 3952 885 4009 sciat.

119 4076 185 4132 lineo
200 4075 293 4131 arbori
308 4086 484 4151 comparatur
499 4094 559 4150 quae
570 4093 650 4135 secus
661 4078 793 4134 decursus
805 4092 888 4149 aqua·

82 4182 143 4219 rum
160 4165 381 4237 transplantatur,
407 4168 484 4237 cujus
507 4182 562 4223 non
585 4164 685 4222 delluet
705 4166 810 4235 lolium,
839 4182 890 4221 nee

80 4252 231 4325 aliquando
255 4255 362 4313 desinet
384 4256 475 4312 lacere
499 4255 615 4312 fructum
637 4256 726 4323 (Psoi.
747 4256 778 4327 ι).
802 4254 889 4310 Redin

82 4342 195 4398 arboria
211 4360 271 4415 quae
285 4345 413 4401 deorsum
428 4344 455 4399 in
471 4354 543 4401 terra
559 4344 610 4399 fixa
626 4346 700 4416 (itt)
714 4344 837 4400 lirmatur
847 4352 890 4401 est

81 4430 193 4488 dilectio
217 4433 334 4505 proximi
356 4451 417 4507 quae
437 4450 488 4505 per
508 4435 780 4501 amicosetinimreos
796 4434 890 4488 dilata·

81 4528 142 4575 tur.
165 4523 249 4581 Porro
263 4524 309 4595 qui
324 4524 350 4579 in
372 4524 454 4579 altum
477 4540 605 4581 crescens
628 4522 744 4595 erigitur
773 4524 884 4579 dilectio

80 4610 135 4667 Dei
158 4612 325 4685 intelligitur.
352 4614 430 4669 Remi
453 4614 499 4687 qui
523 4613 641 4686 undique
665 4612 728 4670 inde
747 4614 884 4685 prodeunt

82 4708 148 4757 sunt
163 4700 281 4757 diversae
304 4702 416 4759 virtutes
438 4720 499 4775 quaa
513 4704 547 4761 de
570 4702 686 4759 karitate
713 4702 879 4775 procedunt.

81 4790 159 4847 Folia
174 4790 273 4861 quihus
288 4791 373 4847 arbor
387 4791 527 4849 decoratur
542 4801 583 4849 est
598 4792 670 4849 bona
685 4790 810 4847 voluntas
831 4806 884 4861 qua

82 4879 209 4935 fidelium
224 4878 302 4951 plebs
317 4890 489 4953 perornatur.
512 4882 570 4938 Hoc
585 4882 677 4937 lolium
693 4897 748 4937 non
772 4880 882 4947 defluet,

81 4968 145 5041 quia
169 4984 219 5039 pro
242 4968 313 5027 bona
329 4968 466 5033 voluntate
480 4969 595 5043 quisque
609 4970 767 5027 mercedem
789 4984 805 5025 a
825 4968 884 5025 Deo

81 5058 228 5129 percipiet.
245 5057 334 5131 [laqus
346 5058 452 5117 arboris
467 5075 547 5131 ponta
561 5068 625 5115 sunt
640 5076 726 5132 opere
740 5060 822 5116 boua-
836 5058 885 5113 Se-

81 5164 146 5203 meu
163 5148 190 5202 in
205 5145 294 5203 lruetu
309 5147 344 5203 de
358 5164 412 5221 quo
427 5148 579 5205 alienabor
593 5146 884 5220 uescitur,cstpraedi-

81 5237 165 5299 catio.
183 5252 233 5309 per
248 5252 330 5311 quem
344 5237 451 5293 auditor
466 5237 587 5309 pascitur
610 5245 636 5292 et
651 5237 743 5293 arbori
765 5234 884 5291 karitatis

81 5324 293 5383 tructilicandus
309 5342 400 5383 ramus
415 5326 555 5383 inseritur.
572 5327 725 5386 Haeaarbor
738 5342 884 5397 numquam

81 5413 157 5472 lerre
187 5414 304 5473 frustum
331 5415 446 5487 desinet,
477 5417 540 5491 quia
568 5417 669 5473 karitas
692 5431 839 5491 numquam
867 5428 883 5471 a

116 5674 192 5749 (lle)
208 5674 279 5732 God.
298 5676 360 5734 siae
378 5676 479 5750 absque
494 5672 613 5751 dechar,
629 5682 685 5733 eto.

221 5800 359 5868 Persou.
378 5798 531 5867 GLXXH.
598 5887 614 5907 ,

947 3151 1026 3209 vebia
1049 3155 1208 3221 exposcant,
1233 3145 1388 3203 necessaria
1408 3160 1457 3216 pro
1480 3145 1539 3199 Deo
1562 3142 1742 3214 impendatis.

946 3240 1026 3312 Quod
1040 3241 1111 3307 enim
1132 3238 1209 3296 tuda
1232 3253 1283 3309 pro
1298 3235 1406 3292 Christo
1416 3232 1540 3299 tribuitis,
1551 3233 1587 3288 ab
1597 3233 1659 3303 ipse
1668 3247 1746 3287 mer-

947 3332 1044 3389 eedem
1060 3336 1120 3385 loco
1137 3328 1208 3383 Petri
1232 3325 1384 3397 accipietis.
1406 3322 1449 3379 nd
1471 3323 1530 3378 haee
1544 3330 1680 3393 praccepta
1693 3338 1745 3379 noa

945 3420 1110 3477 instruenda
1127 3418 1232 3475 creavit
1248 3417 1326 3472 Deus
1344 3414 1372 3469 in
1393 3412 1473 3469 nobis
1488 3412 1597 3467 diversa
1611 3411 1744 3479 membra,

946 3518 972 3568 et
986 3525 1021 3566 ea
1034 3526 1095 3582 qoae
1118 3515 1183 3563 sunt
1205 3505 1323 3563 carentia
1336 3506 1437 3559 honore
1451 3501 1542 3573 magis
1563 3509 1629 3558 suut
1651 3516 1747 3558 neees-

947 3601 1030 3656 saria.
1054 3599 1089 3653 Et
1112 3597 1136 3653 si
1156 3594 1223 3668 quid
1239 3610 1327 3649 unum
1340 3592 1493 3648 membrum
1505 3590 1628 3662 patitur,
1654 3591 1746 3647 omnia

945 3688 1068 3745 membra
1098 3685 1297 3756 compatiuntur
1317 3682 1416 3749 (ldae.
1435 3684 1497 3752 ιιι).
1512 3679 1545 3735 Si
1568 3678 1641 3735 enim
1665 3679 1746 3752 spina

945 3778 1011 3853 pedi
1026 3774 1157 3847 infigitur,
1173 3772 1297 3844 protinus
1311 3771 1426 3826 doraum
1439 3769 1475 3825 ad
1490 3767 1663 3825 evellendum
1677 3784 1744 3824 eur-

944 3876 1030 3931 vatur,
1044 3864 1118 3922 oculi
1131 3862 1245 3919 enneae
1259 3860 1438 3932 prospiciunt,
1453 3873 1552 3915 manus
1572 3856 1703 3913 festinam
1715 3866 1745 3913 ut

944 3964 1051 4015 eruant.
1066 3955 1124 4010 Nes
1138 3966 1235 4008 omnes
1248 3948 1396 4005 Christiani
1410 3963 1495 4003 unum
1509 3962 1613 4017 corpus
1634 3962 1742 4016 sumus,
1830 3963 1833 3972 ·

944 4048 1021 4118 eujus
1036 4049 1115 4117 caput
1130 4037 1448 4109 esthtistuslcel.1),
1465 4036 1541 4093 oculi
1555 4043 1619 4092 sont
1643 4036 1743 4093 docto·

944 4152 1000 4203 res,
1016 4136 1070 4191 iter
1083 4134 1117 4189 ad
1136 4132 1225 4188 lunam
1240 4137 1351 4185 eternae
1369 4128 1432 4183 uitae
1445 4132 1639 4191 monstrantes,
1662 4142 1743 4183 aurea

945 4226 1030 4285 verbo
1043 4226 1106 4280 vitae
1117 4220 1288 4287 obedientes,
1302 4232 1385 4273 neres
1398 4216 1470 4272 inter
1481 4216 1584 4271 bonum
1599 4222 1626 4271 et
1640 4214 1742 4272 malum

944 4318 1143 4378 discernentes,
1159 4327 1190 4367 os
1213 4310 1285 4365 bona
1309 4308 1457 4372 docentes,
1481 4320 1579 4361 manus
1598 4304 1741 4376 eeclesias,

902 4406 1051 4489 Dviduas,
1065 4401 1185 4474 pupillos
1206 4398 1401 4465 defendentes,
1418 4396 1506 4467 pedes
1526 4411 1662 4467 pauperae
1689 4410 1743 4467 ps.

940 4504 1058 4555 scentes,
1075 4491 1162 4563 igitur
1181 4504 1242 4545 oum
1262 4484 1592 4544 simuanaembrachristi
1604 4486 1741 4543 etEeclc·

940 4586 998 4653 siae,
1014 4582 1148 4637 debemus
1160 4579 1332 4642 alterutrum,
1348 4585 1378 4631 ut
1387 4575 1521 4632 membris
1530 4574 1632 4631 nostris
1640 4591 1740 4632 neees-

940 4673 1021 4739 sarie,
1034 4675 1114 4741 prout
1136 4680 1291 4737 possumus,
1313 4663 1476 4737 impendere
1498 4670 1525 4719 et
1546 4662 1626 4717 malis
1643 4677 1740 4719 eorum

939 4760 1098 4819 condolere.
1117 4755 1176 4811 Tali
1190 4754 1272 4810 modo
1286 4753 1396 4811 dileetio
1410 4751 1739 4824 proximioomprobatur,

939 4866 1000 4925 quae
1013 4848 1118 4904 malum
1131 4861 1188 4902 nen
1202 4852 1333 4917 operatur
1346 4845 1438 4912 (Rem.
1455 4840 1533 4914 xm).

973 4962 1091 5019 Dilectio
1104 4966 1196 5016 autem
1209 4956 1262 5014 Ilei
1274 4964 1314 5013 est
1330 4964 1358 5012 ut
1371 4957 1457 5012 Deum
1473 4954 1628 5010 habeamus
1647 4953 1740 5012 carius

939 5069 1021 5127 quam
1034 5066 1142 5108 omnem
1158 5048 1275 5123 gloriam
1290 5040 1636 5115 etdieiciasmundihujus.
1647 5045 1739 5101 ὓειιιιι

938 5157 1059 5215 namque
1074 5155 1169 5196 amare
1181 5143 1225 5195 est
1236 5137 1366 5193 mandate
1380 5140 1440 5205 ejus
1454 5148 1575 5191 servare.
1592 5134 1736 5190 lunello-

938 5232 1043 5288 minum
1058 5245 1142 5301 super
1154 5226 1248 5284 omnia
1263 5226 1412 5298 diligimus,
1428 5224 1451 5278 si
1464 5222 1548 5278 minis
1561 5222 1606 5279 vel
1629 5222 1739 5279 blandi·

938 5322 989 5380 eiis
1004 5319 1116 5393 impulsi
1130 5326 1227 5375 contra
1242 5317 1292 5372 Dei
1306 5321 1441 5388 praecepta
1462 5328 1555 5387 agere,
1579 5311 1737 5385 dignitates,

938 5402 1074 5478 gloriam,
1100 5414 1211 5458 omnem
1235 5398 1348 5455 demum
1371 5394 1552 5452 substantiam
1580 5391 1737 5464 emittimus,

974 5670 1049 5747 (tlt)
1064 5670 1122 5730 God
1137 5672 1245 5730 terram
1257 5667 1360 5742 fierem
