<?xml version="1.0" encoding="UTF-8"?>
<!DOCTYPE html PUBLIC "-//W3C//DTD XHTML 1.0 Transitional//EN"
    "http://www.w3.org/TR/xhtml1/DTD/xhtml1-transitional.dtd">
<html xmlns="http://www.w3.org/1999/xhtml" xml:lang="en" lang="en">
 <head>
  <title>
</title>
<meta http-equiv="Content-Type" content="text/html;charset=utf-8" />
  <meta name='ocr-system' content='tesseract 3.04.00' />
  <meta name='ocr-capabilities' content='ocr_page ocr_carea ocr_par ocr_line ocrx_word'/>
</head>
<body>
  <div class='ocr_page' id='page_1' title='image "./patrologiaecurs120unkngoog_0682.png"; bbox 0 0 3942 6067; ppageno 0'>
   <div class='ocr_carea' id='block_1_1' title="bbox 245 211 1906 328">
    <p class='ocr_par' dir='ltr' id='par_1_1' title="bbox 245 211 1906 328">
     <span class='ocr_line' id='line_1_1' title="bbox 245 211 1906 328; baseline 0.008 -13"><span class='ocrx_word' id='word_1_1' title='bbox 245 252 315 315; x_wconf 82' lang='lat' dir='ltr'>raes</span> <span class='ocrx_word' id='word_1_2' title='bbox 507 211 511 219; x_wconf 52' lang='grc'><em>’</em></span> <span class='ocrx_word' id='word_1_3' title='bbox 643 250 810 315; x_wconf 73' lang='lat' dir='ltr'>aimanor</span> <span class='ocrx_word' id='word_1_4' title='bbox 827 251 853 315; x_wconf 85' lang='lat'>11</span> <span class='ocrx_word' id='word_1_5' title='bbox 871 253 1048 319; x_wconf 76' lang='lat' dir='ltr'>nemausis</span> <span class='ocrx_word' id='word_1_6' title='bbox 1066 250 1232 320; x_wconf 81' lang='lat' dir='ltr'>locutae.</span> <span class='ocrx_word' id='word_1_7' title='bbox 1257 252 1474 322; x_wconf 79' lang='lat' dir='ltr'>bretonum.</span> <span class='ocrx_word' id='word_1_8' title='bbox 1832 266 1906 328; x_wconf 74' lang='lat' dir='ltr'>tace</span> 
     </span>
    </p>
   </div>
   <div class='ocr_carea' id='block_1_2' title="bbox 221 380 1968 3755">
    <p class='ocr_par' dir='ltr' id='par_1_2' title="bbox 246 380 1906 1108">
     <span class='ocr_line' id='line_1_2' title="bbox 281 380 1906 465; baseline 0.003 -19"><span class='ocrx_word' id='word_1_9' title='bbox 281 384 314 441; x_wconf 87' lang='lat' dir='ltr'>S·</span> <span class='ocrx_word' id='word_1_10' title='bbox 335 380 441 439; x_wconf 69' lang='lat' dir='ltr'>Leonis</span> <span class='ocrx_word' id='word_1_11' title='bbox 453 380 560 438; x_wconf 66' lang='lat' dir='ltr'>decini-</span> <span class='ocrx_word' id='word_1_12' title='bbox 1054 385 1235 446; x_wconf 83' lang='lat' dir='ltr'>Aliernardo</span> <span class='ocrx_word' id='word_1_13' title='bbox 1250 398 1345 463; x_wconf 90' lang='lat' dir='ltr'>aperte</span> <span class='ocrx_word' id='word_1_14' title='bbox 1359 390 1470 455; x_wconf 90' lang='lat' dir='ltr'>lectum,</span> <span class='ocrx_word' id='word_1_15' title='bbox 1489 387 1633 462; x_wconf 88' lang='lat' dir='ltr'>diligenter</span> <span class='ocrx_word' id='word_1_16' title='bbox 1642 403 1839 465; x_wconf 89' lang='lat' dir='ltr'>exponeretur,</span> <span class='ocrx_word' id='word_1_17' title='bbox 1854 410 1906 453; x_wconf 90' lang='lat' dir='ltr'>au-</span> 
     </span>
     <span class='ocr_line' id='line_1_3' title="bbox 282 469 1904 556; baseline 0.007 -26"><span class='ocrx_word' id='word_1_18' title='bbox 282 472 314 530; x_wconf 84' lang='lat' dir='ltr'>S.</span> <span class='ocrx_word' id='word_1_19' title='bbox 335 469 463 529; x_wconf 85' lang='lat' dir='ltr'>Gervasii</span> <span class='ocrx_word' id='word_1_20' title='bbox 477 470 607 527; x_wconf 89' lang='lat' dir='ltr'>cantoris.</span> <span class='ocrx_word' id='word_1_21' title='bbox 1099 476 1216 533; x_wconf 88' lang='lat' dir='ltr'>divimus</span> <span class='ocrx_word' id='word_1_22' title='bbox 1232 486 1258 533; x_wconf 90' lang='lat' dir='ltr'>et</span> <span class='ocrx_word' id='word_1_23' title='bbox 1272 478 1484 551; x_wconf 81' lang='lat' dir='ltr'>recognovimus</span> <span class='ocrx_word' id='word_1_24' title='bbox 1497 477 1572 533; x_wconf 89' lang='lat' dir='ltr'>litem</span> <span class='ocrx_word' id='word_1_25' title='bbox 1586 480 1668 549; x_wconf 76' lang='lat' dir='ltr'>lianc,</span> <span class='ocrx_word' id='word_1_26' title='bbox 1685 482 1749 539; x_wconf 91' lang='lat' dir='ltr'>olim</span> <span class='ocrx_word' id='word_1_27' title='bbox 1772 491 1904 556; x_wconf 90' lang='lat' dir='ltr'>tempore</span> 
     </span>
     <span class='ocr_line' id='line_1_4' title="bbox 282 558 1904 635; baseline 0.006 -16"><span class='ocrx_word' id='word_1_28' title='bbox 282 564 381 619; x_wconf 75' lang='lat' dir='ltr'>Actum</span> <span class='ocrx_word' id='word_1_29' title='bbox 395 559 489 617; x_wconf 81' lang='lat' dir='ltr'>Remis</span> <span class='ocrx_word' id='word_1_30' title='bbox 506 561 583 627; x_wconf 82' lang='grc'>11311,</span> <span class='ocrx_word' id='word_1_31' title='bbox 598 558 747 617; x_wconf 72' lang='lat' dir='ltr'>indictione</span> <span class='ocrx_word' id='word_1_32' title='bbox 762 576 825 631; x_wconf 87' lang='lat' dir='ltr'>xur,</span> <span class='ocrx_word' id='word_1_33' title='bbox 841 570 974 635; x_wconf 74' lang='lat' dir='ltr'>regnante</span> <span class='ocrx_word' id='word_1_34' title='bbox 989 565 1044 620; x_wconf 88' lang='lat' dir='ltr'>Lu·</span> <span class='ocrx_word' id='word_1_35' title='bbox 1100 565 1264 622; x_wconf 85' lang='lat' dir='ltr'>venerabilis</span> <span class='ocrx_word' id='word_1_36' title='bbox 1282 567 1419 623; x_wconf 89' lang='lat' dir='ltr'>Guillelmi</span> <span class='ocrx_word' id='word_1_37' title='bbox 1435 567 1553 633; x_wconf 86' lang='lat' dir='ltr'>abbatis,</span> <span class='ocrx_word' id='word_1_38' title='bbox 1568 569 1618 623; x_wconf 87' lang='lat' dir='ltr'>snb</span> <span class='ocrx_word' id='word_1_39' title='bbox 1645 571 1793 628; x_wconf 91' lang='lat' dir='ltr'>multorum</span> <span class='ocrx_word' id='word_1_40' title='bbox 1820 574 1904 630; x_wconf 90' lang='lat' dir='ltr'>testi·</span> 
     </span>
     <span class='ocr_line' id='line_1_5' title="bbox 246 650 1902 728; baseline 0.005 -20"><span class='ocrx_word' id='word_1_41' title='bbox 246 650 346 709; x_wconf 86' lang='lat' dir='ltr'>dorico</span> <span class='ocrx_word' id='word_1_42' title='bbox 360 651 525 707; x_wconf 85' lang='lat' dir='ltr'>Francorum</span> <span class='ocrx_word' id='word_1_43' title='bbox 537 663 687 723; x_wconf 83' lang='lat' dir='ltr'>regennae</span> <span class='ocrx_word' id='word_1_44' title='bbox 697 666 782 720; x_wconf 83' lang='lat' dir='ltr'>xxvxi,</span> <span class='ocrx_word' id='word_1_45' title='bbox 793 652 1045 725; x_wconf 76' lang='lat' dir='ltr'>archiepiscopatus</span> <span class='ocrx_word' id='word_1_46' title='bbox 1098 654 1190 711; x_wconf 89' lang='lat' dir='ltr'>monio</span> <span class='ocrx_word' id='word_1_47' title='bbox 1204 655 1326 711; x_wconf 89' lang='lat' dir='ltr'>sedatam</span> <span class='ocrx_word' id='word_1_48' title='bbox 1340 655 1439 725; x_wconf 89' lang='lat' dir='ltr'>fuisse;</span> <span class='ocrx_word' id='word_1_49' title='bbox 1457 656 1566 728; x_wconf 86' lang='lat' dir='ltr'>quando</span> <span class='ocrx_word' id='word_1_50' title='bbox 1578 656 1682 715; x_wconf 88' lang='lat' dir='ltr'>scilicet</span> <span class='ocrx_word' id='word_1_51' title='bbox 1696 661 1777 717; x_wconf 90' lang='lat' dir='ltr'>nohis</span> <span class='ocrx_word' id='word_1_52' title='bbox 1793 662 1902 719; x_wconf 91' lang='lat' dir='ltr'>sedeu-</span> 
     </span>
     <span class='ocr_line' id='line_1_6' title="bbox 246 738 1903 823; baseline 0.005 -25"><span class='ocrx_word' id='word_1_53' title='bbox 246 749 337 799; x_wconf 89' lang='lat' dir='ltr'>autem</span> <span class='ocrx_word' id='word_1_54' title='bbox 351 738 445 797; x_wconf 92' lang='lat' dir='ltr'>domni</span> <span class='ocrx_word' id='word_1_55' title='bbox 460 738 584 797; x_wconf 89' lang='lat' dir='ltr'>Rainaldi</span> <span class='ocrx_word' id='word_1_56' title='bbox 599 739 713 796; x_wconf 88' lang='lat' dir='ltr'>secundi</span> <span class='ocrx_word' id='word_1_57' title='bbox 724 756 796 796; x_wconf 92' lang='lat' dir='ltr'>anno</span> <span class='ocrx_word' id='word_1_58' title='bbox 810 757 847 797; x_wconf 87' lang='lat' dir='ltr'>xx.</span> <span class='ocrx_word' id='word_1_59' title='bbox 1099 743 1170 799; x_wconf 91' lang='lat' dir='ltr'>tibus</span> <span class='ocrx_word' id='word_1_60' title='bbox 1179 743 1207 799; x_wconf 93' lang='lat' dir='ltr'>in</span> <span class='ocrx_word' id='word_1_61' title='bbox 1221 754 1314 802; x_wconf 87' lang='lat' dir='ltr'>monta</span> <span class='ocrx_word' id='word_1_62' title='bbox 1325 746 1401 815; x_wconf 85' lang='lat' dir='ltr'>juxta</span> <span class='ocrx_word' id='word_1_63' title='bbox 1412 744 1540 813; x_wconf 88' lang='lat' dir='ltr'>Chalcus,</span> <span class='ocrx_word' id='word_1_64' title='bbox 1553 762 1568 801; x_wconf 92' lang='lat' dir='ltr'>a</span> <span class='ocrx_word' id='word_1_65' title='bbox 1579 754 1686 820; x_wconf 87' lang='lat' dir='ltr'>septem</span> <span class='ocrx_word' id='word_1_66' title='bbox 1697 749 1837 823; x_wconf 73' lang='lat' dir='ltr'>legalibus</span> <span class='ocrx_word' id='word_1_67' title='bbox 1852 752 1903 807; x_wconf 93' lang='lat' dir='ltr'>bo·</span> 
     </span>
     <span class='ocr_line' id='line_1_7' title="bbox 282 827 1902 907; baseline 0.006 -20"><span class='ocrx_word' id='word_1_68' title='bbox 282 832 378 904; x_wconf 84' lang='lat' dir='ltr'>Drogo</span> <span class='ocrx_word' id='word_1_69' title='bbox 392 827 572 887; x_wconf 88' lang='lat' dir='ltr'>cancellarius</span> <span class='ocrx_word' id='word_1_70' title='bbox 599 832 771 902; x_wconf 76' lang='lat' dir='ltr'>recognovit,</span> <span class='ocrx_word' id='word_1_71' title='bbox 794 830 904 903; x_wconf 88' lang='lat' dir='ltr'>scripsit</span> <span class='ocrx_word' id='word_1_72' title='bbox 926 838 953 887; x_wconf 92' lang='lat' dir='ltr'>et</span> <span class='ocrx_word' id='word_1_73' title='bbox 977 830 1045 887; x_wconf 89' lang='lat' dir='ltr'>sub·</span> <span class='ocrx_word' id='word_1_74' title='bbox 1098 831 1217 889; x_wconf 86' lang='lat' dir='ltr'>minibus</span> <span class='ocrx_word' id='word_1_75' title='bbox 1235 834 1328 892; x_wconf 86' lang='lat' dir='ltr'>Sancti</span> <span class='ocrx_word' id='word_1_76' title='bbox 1350 834 1513 892; x_wconf 85' lang='lat' dir='ltr'>Theoderici</span> <span class='ocrx_word' id='word_1_77' title='bbox 1537 850 1599 893; x_wconf 88' lang='lat' dir='ltr'>cnm</span> <span class='ocrx_word' id='word_1_78' title='bbox 1621 837 1800 907; x_wconf 84' lang='lat' dir='ltr'>jurejurando</span> <span class='ocrx_word' id='word_1_79' title='bbox 1820 840 1902 896; x_wconf 86' lang='lat' dir='ltr'>dera-</span> 
     </span>
     <span class='ocr_line' id='line_1_8' title="bbox 246 919 1902 996; baseline 0.004 -19"><span class='ocrx_word' id='word_1_80' title='bbox 246 919 363 994; x_wconf 89' lang='lat' dir='ltr'>acripsit.</span> <span class='ocrx_word' id='word_1_81' title='bbox 1098 921 1236 978; x_wconf 87' lang='lat' dir='ltr'>cionatum</span> <span class='ocrx_word' id='word_1_82' title='bbox 1251 931 1301 991; x_wconf 91' lang='lat' dir='ltr'>est,</span> <span class='ocrx_word' id='word_1_83' title='bbox 1318 931 1401 980; x_wconf 91' lang='lat' dir='ltr'>totam</span> <span class='ocrx_word' id='word_1_84' title='bbox 1416 939 1515 996; x_wconf 84' lang='lat' dir='ltr'>aquam</span> <span class='ocrx_word' id='word_1_85' title='bbox 1531 932 1557 981; x_wconf 91' lang='lat' dir='ltr'>et</span> <span class='ocrx_word' id='word_1_86' title='bbox 1571 940 1734 995; x_wconf 83' lang='lat' dir='ltr'>marescum,</span> <span class='ocrx_word' id='word_1_87' title='bbox 1750 944 1766 983; x_wconf 92' lang='lat' dir='ltr'>a</span> <span class='ocrx_word' id='word_1_88' title='bbox 1790 930 1902 986; x_wconf 89' lang='lat' dir='ltr'>molen·</span> 
     </span>
     <span class='ocr_line' id='line_1_9' title="bbox 627 1010 1902 1108; baseline 0.013 -49"><span class='ocrx_word' id='word_1_89' title='bbox 627 1050 655 1108; x_wconf 66' lang='lat' dir='ltr'>x</span> <span class='ocrx_word' id='word_1_90' title='bbox 1098 1010 1162 1066; x_wconf 91' lang='lat' dir='ltr'>diuo</span> <span class='ocrx_word' id='word_1_91' title='bbox 1178 1010 1250 1083; x_wconf 88' lang='lat' dir='ltr'>quod</span> <span class='ocrx_word' id='word_1_92' title='bbox 1266 1011 1364 1069; x_wconf 89' lang='lat' dir='ltr'>dicitur</span> <span class='ocrx_word' id='word_1_93' title='bbox 1377 1012 1505 1083; x_wconf 84' lang='lat' dir='ltr'>blascele,</span> <span class='ocrx_word' id='word_1_94' title='bbox 1530 1030 1624 1086; x_wconf 87' lang='lat' dir='ltr'>supra,</span> <span class='ocrx_word' id='word_1_95' title='bbox 1648 1032 1732 1089; x_wconf 86' lang='lat' dir='ltr'>usque</span> <span class='ocrx_word' id='word_1_96' title='bbox 1755 1017 1791 1073; x_wconf 92' lang='lat' dir='ltr'>ad</span> <span class='ocrx_word' id='word_1_97' title='bbox 1805 1018 1902 1074; x_wconf 87' lang='lat' dir='ltr'>lucum</span> 
     </span>
    </p>

    <p class='ocr_par' dir='ltr' id='par_1_3' title="bbox 659 1090 1902 1177">
     <span class='ocr_line' id='line_1_10' title="bbox 659 1090 1902 1177; baseline 0.01 -26"><span class='ocrx_word' id='word_1_98' title='bbox 659 1090 668 1110; x_wconf 84' lang='lat'><em>⁰</em></span> <span class='ocrx_word' id='word_1_99' title='bbox 1098 1102 1145 1173; x_wconf 92' lang='lat' dir='ltr'>qui</span> <span class='ocrx_word' id='word_1_100' title='bbox 1158 1100 1258 1157; x_wconf 90' lang='lat' dir='ltr'>dicitur</span> <span class='ocrx_word' id='word_1_101' title='bbox 1273 1100 1370 1169; x_wconf 90' lang='lat' dir='ltr'>Vidua,</span> <span class='ocrx_word' id='word_1_102' title='bbox 1385 1101 1499 1157; x_wconf 89' lang='lat' dir='ltr'>fundum</span> <span class='ocrx_word' id='word_1_103' title='bbox 1524 1110 1614 1171; x_wconf 82' lang='lat' dir='ltr'>terrae,</span> <span class='ocrx_word' id='word_1_104' title='bbox 1631 1110 1657 1161; x_wconf 90' lang='lat' dir='ltr'>et</span> <span class='ocrx_word' id='word_1_105' title='bbox 1675 1106 1857 1177; x_wconf 83' lang='lat' dir='ltr'>piscaturam,</span> <span class='ocrx_word' id='word_1_106' title='bbox 1876 1114 1902 1163; x_wconf 88' lang='lat' dir='ltr'>et</span> 
     </span>
    </p>

    <p class='ocr_par' dir='ltr' id='par_1_4' title="bbox 244 1177 1900 1548">
     <span class='ocr_line' id='line_1_11' title="bbox 246 1177 1900 1261; baseline 0.005 -19"><span class='ocrx_word' id='word_1_107' title='bbox 246 1178 381 1242; x_wconf 83' lang='lat' dir='ltr'>Ruiouldi</span> <span class='ocrx_word' id='word_1_108' title='bbox 409 1177 553 1237; x_wconf 65' lang='lat' dir='ltr'>murensis</span> <span class='ocrx_word' id='word_1_109' title='bbox 576 1177 782 1251; x_wconf 78' lang='lat' dir='ltr'>archiepiscopi</span> <span class='ocrx_word' id='word_1_110' title='bbox 801 1178 984 1253; x_wconf 74' lang='lat' dir='ltr'>priuilegium</span> <span class='ocrx_word' id='word_1_111' title='bbox 1009 1178 1043 1235; x_wconf 81' lang='lat' dir='ltr'>dc</span> <span class='ocrx_word' id='word_1_112' title='bbox 1097 1188 1267 1261; x_wconf 86' lang='lat' dir='ltr'>herbagium,</span> <span class='ocrx_word' id='word_1_113' title='bbox 1297 1198 1324 1245; x_wconf 88' lang='lat' dir='ltr'>et</span> <span class='ocrx_word' id='word_1_114' title='bbox 1353 1190 1484 1258; x_wconf 85' lang='lat' dir='ltr'>bannum,</span> <span class='ocrx_word' id='word_1_115' title='bbox 1500 1198 1527 1247; x_wconf 89' lang='lat' dir='ltr'>et</span> <span class='ocrx_word' id='word_1_116' title='bbox 1550 1192 1683 1261; x_wconf 88' lang='lat' dir='ltr'>justitiam</span> <span class='ocrx_word' id='word_1_117' title='bbox 1709 1210 1772 1253; x_wconf 92' lang='lat' dir='ltr'>esse</span> <span class='ocrx_word' id='word_1_118' title='bbox 1800 1195 1900 1253; x_wconf 81' lang='lat' dir='ltr'>Sancti</span> 
     </span>
     <span class='ocr_line' id='line_1_12' title="bbox 280 1264 1899 1355; baseline 0.004 -21"><span class='ocrx_word' id='word_1_119' title='bbox 280 1286 355 1345; x_wconf 69' lang='lat' dir='ltr'>aqua</span> <span class='ocrx_word' id='word_1_120' title='bbox 368 1268 482 1334; x_wconf 70' lang='lat' dir='ltr'>Vidtloe·</span> <span class='ocrx_word' id='word_1_121' title='bbox 492 1282 629 1334; x_wconf 65' lang='grc'>1111110100,</span> <span class='ocrx_word' id='word_1_122' title='bbox 641 1264 770 1337; x_wconf 59' lang='lat' dir='ltr'>helladio</span> <span class='ocrx_word' id='word_1_123' title='bbox 784 1271 813 1323; x_wconf 64' lang='grc' dir='ltr'>εἰ</span> <span class='ocrx_word' id='word_1_124' title='bbox 822 1265 1037 1338; x_wconf 62' lang='lat' dir='ltr'>jurisdictioni·</span> <span class='ocrx_word' id='word_1_125' title='bbox 1096 1277 1275 1347; x_wconf 81' lang='lat' dir='ltr'>Theoderici3</span> <span class='ocrx_word' id='word_1_126' title='bbox 1298 1279 1459 1353; x_wconf 78' lang='lat' dir='ltr'>herbagium</span> <span class='ocrx_word' id='word_1_127' title='bbox 1482 1279 1591 1353; x_wconf 88' lang='lat' dir='ltr'>quidem</span> <span class='ocrx_word' id='word_1_128' title='bbox 1618 1290 1645 1339; x_wconf 92' lang='lat' dir='ltr'>et</span> <span class='ocrx_word' id='word_1_129' title='bbox 1671 1291 1809 1355; x_wconf 91' lang='lat' dir='ltr'>pasturam</span> <span class='ocrx_word' id='word_1_130' title='bbox 1842 1293 1899 1341; x_wconf 90' lang='lat' dir='ltr'>tam</span> 
     </span>
     <span class='ocr_line' id='line_1_13' title="bbox 244 1355 1898 1447; baseline 0.002 -20"><span class='ocrx_word' id='word_1_131' title='bbox 244 1418 251 1432; x_wconf 79' lang='grc'>,</span> <span class='ocrx_word' id='word_1_132' title='bbox 279 1360 310 1417; x_wconf 82' lang='lat' dir='ltr'>S·</span> <span class='ocrx_word' id='word_1_133' title='bbox 332 1357 491 1416; x_wconf 65' lang='lat' dir='ltr'>Ti¹0011⁰i5⁶i</span> <span class='ocrx_word' id='word_1_134' title='bbox 504 1372 593 1430; x_wconf 82' lang='lat' dir='ltr'>usque</span> <span class='ocrx_word' id='word_1_135' title='bbox 608 1355 644 1412; x_wconf 69' lang='lat' dir='ltr'>“d</span> <span class='ocrx_word' id='word_1_136' title='bbox 658 1371 771 1413; x_wconf 57' lang='lat' dir='ltr'>“licem</span> <span class='ocrx_word' id='word_1_137' title='bbox 787 1357 947 1427; x_wconf 65' lang='lat' dir='ltr'>Haiminif·</span> <span class='ocrx_word' id='word_1_138' title='bbox 1096 1365 1131 1423; x_wconf 93' lang='lat' dir='ltr'>de</span> <span class='ocrx_word' id='word_1_139' title='bbox 1146 1383 1270 1424; x_wconf 86' lang='lat' dir='ltr'>maresco</span> <span class='ocrx_word' id='word_1_140' title='bbox 1285 1384 1365 1443; x_wconf 85' lang='lat' dir='ltr'>quarn</span> <span class='ocrx_word' id='word_1_141' title='bbox 1381 1370 1462 1425; x_wconf 91' lang='lat' dir='ltr'>etiam</span> <span class='ocrx_word' id='word_1_142' title='bbox 1477 1370 1511 1425; x_wconf 92' lang='lat' dir='ltr'>de</span> <span class='ocrx_word' id='word_1_143' title='bbox 1526 1379 1618 1427; x_wconf 91' lang='lat' dir='ltr'>monte</span> <span class='ocrx_word' id='word_1_144' title='bbox 1634 1374 1768 1447; x_wconf 87' lang='lat' dir='ltr'>usquead</span> <span class='ocrx_word' id='word_1_145' title='bbox 1783 1391 1898 1431; x_wconf 82' lang='lat' dir='ltr'>emicem</span> 
     </span>
     <span class='ocr_line' id='line_1_14' title="bbox 541 1446 1898 1548; baseline 0.008 -38"><span class='ocrx_word' id='word_1_146' title='bbox 541 1478 632 1548; x_wconf 58' lang='lat' dir='ltr'><strong>(Anno</strong></span> <span class='ocrx_word' id='word_1_147' title='bbox 647 1446 742 1547; x_wconf 38' lang='lat'><strong>¹137.)</strong></span> <span class='ocrx_word' id='word_1_148' title='bbox 1095 1456 1244 1529; x_wconf 86' lang='lat' dir='ltr'>Haymonis</span> <span class='ocrx_word' id='word_1_149' title='bbox 1266 1472 1438 1515; x_wconf 90' lang='lat' dir='ltr'>communem</span> <span class='ocrx_word' id='word_1_150' title='bbox 1463 1466 1489 1515; x_wconf 91' lang='lat' dir='ltr'>et</span> <span class='ocrx_word' id='word_1_151' title='bbox 1512 1459 1668 1516; x_wconf 90' lang='lat' dir='ltr'>hominibus</span> <span class='ocrx_word' id='word_1_152' title='bbox 1692 1461 1784 1519; x_wconf 87' lang='lat' dir='ltr'>Sancti</span> <span class='ocrx_word' id='word_1_153' title='bbox 1802 1464 1898 1521; x_wconf 84' lang='lat' dir='ltr'>Theo-</span> 
     </span>
    </p>

    <p class='ocr_par' dir='ltr' id='par_1_5' title="bbox 221 1544 1968 3755">
     <span class='ocr_line' id='line_1_15' title="bbox 1094 1544 1896 1621; baseline 0.012 -22"><span class='ocrx_word' id='word_1_154' title='bbox 1094 1544 1177 1601; x_wconf 89' lang='lat' dir='ltr'>derici</span> <span class='ocrx_word' id='word_1_155' title='bbox 1193 1546 1389 1603; x_wconf 89' lang='lat' dir='ltr'>ethomiuibus</span> <span class='ocrx_word' id='word_1_156' title='bbox 1414 1546 1547 1617; x_wconf 87' lang='lat' dir='ltr'>Gerardi;</span> <span class='ocrx_word' id='word_1_157' title='bbox 1572 1548 1737 1621; x_wconf 90' lang='lat' dir='ltr'>piscaturam</span> <span class='ocrx_word' id='word_1_158' title='bbox 1760 1568 1830 1609; x_wconf 83' lang='lat' dir='ltr'>uero</span> <span class='ocrx_word' id='word_1_159' title='bbox 1853 1561 1896 1609; x_wconf 89' lang='lat' dir='ltr'>to·</span> 
     </span>
     <span class='ocr_line' id='line_1_16' title="bbox 1094 1634 1895 1708; baseline 0.012 -19"><span class='ocrx_word' id='word_1_160' title='bbox 1094 1634 1147 1690; x_wconf 89' lang='lat' dir='ltr'>tius</span> <span class='ocrx_word' id='word_1_161' title='bbox 1163 1650 1240 1707; x_wconf 79' lang='lat' dir='ltr'>aqum</span> <span class='ocrx_word' id='word_1_162' title='bbox 1253 1636 1392 1708; x_wconf 85' lang='lat' dir='ltr'>propriam</span> <span class='ocrx_word' id='word_1_163' title='bbox 1406 1645 1433 1693; x_wconf 87' lang='lat' dir='ltr'>et</span> <span class='ocrx_word' id='word_1_164' title='bbox 1445 1635 1669 1694; x_wconf 89' lang='lat' dir='ltr'>indominicatam</span> <span class='ocrx_word' id='word_1_165' title='bbox 1694 1640 1787 1697; x_wconf 78' lang='lat' dir='ltr'>Sancti</span> <span class='ocrx_word' id='word_1_166' title='bbox 1801 1642 1895 1698; x_wconf 88' lang='lat' dir='ltr'>Theo·</span> 
     </span>
     <span class='ocr_line' id='line_1_17' title="bbox 275 1722 1894 1813; baseline -0.002 -24"><span class='ocrx_word' id='word_1_167' title='bbox 275 1734 306 1789; x_wconf 92' lang='lat' dir='ltr'>ln</span> <span class='ocrx_word' id='word_1_168' title='bbox 320 1729 431 1787; x_wconf 91' lang='lat' dir='ltr'>nomine</span> <span class='ocrx_word' id='word_1_169' title='bbox 445 1735 547 1785; x_wconf 78' lang='lat' dir='ltr'>sancta</span> <span class='ocrx_word' id='word_1_170' title='bbox 568 1735 595 1783; x_wconf 90' lang='lat' dir='ltr'>et</span> <span class='ocrx_word' id='word_1_171' title='bbox 617 1725 764 1784; x_wconf 75' lang='lat' dir='ltr'>individuae</span> <span class='ocrx_word' id='word_1_172' title='bbox 781 1725 936 1793; x_wconf 84' lang='lat' dir='ltr'>Trinitatis,</span> <span class='ocrx_word' id='word_1_173' title='bbox 951 1724 1037 1783; x_wconf 86' lang='lat' dir='ltr'>Patris</span> <span class='ocrx_word' id='word_1_174' title='bbox 1053 1750 1080 1813; x_wconf 80' lang='grc' dir='ltr'><em>Β</em></span> <span class='ocrx_word' id='word_1_175' title='bbox 1094 1722 1189 1791; x_wconf 83' lang='lat' dir='ltr'>derisi,</span> <span class='ocrx_word' id='word_1_176' title='bbox 1205 1724 1364 1796; x_wconf 82' lang='lat' dir='ltr'>apraediclo</span> <span class='ocrx_word' id='word_1_177' title='bbox 1383 1723 1540 1783; x_wconf 88' lang='lat' dir='ltr'>molendino</span> <span class='ocrx_word' id='word_1_178' title='bbox 1562 1742 1650 1799; x_wconf 88' lang='lat' dir='ltr'>usque</span> <span class='ocrx_word' id='word_1_179' title='bbox 1672 1729 1706 1784; x_wconf 94' lang='lat' dir='ltr'>ad</span> <span class='ocrx_word' id='word_1_180' title='bbox 1728 1728 1894 1787; x_wconf 76' lang='lat' dir='ltr'>fulcaturam</span> 
     </span>
     <span class='ocr_line' id='line_1_18' title="bbox 240 1812 1895 1892; baseline -0.002 -13"><span class='ocrx_word' id='word_1_181' title='bbox 240 1827 269 1879; x_wconf 86' lang='lat' dir='ltr'>et</span> <span class='ocrx_word' id='word_1_182' title='bbox 282 1818 352 1888; x_wconf 84' lang='lat' dir='ltr'>Filii,</span> <span class='ocrx_word' id='word_1_183' title='bbox 369 1825 396 1875; x_wconf 87' lang='lat' dir='ltr'>et</span> <span class='ocrx_word' id='word_1_184' title='bbox 409 1816 530 1892; x_wconf 89' lang='lat' dir='ltr'>Spiritus</span> <span class='ocrx_word' id='word_1_185' title='bbox 545 1814 645 1871; x_wconf 88' lang='lat' dir='ltr'>saneti.</span> <span class='ocrx_word' id='word_1_186' title='bbox 1094 1828 1147 1885; x_wconf 84' lang='lat' dir='ltr'>que</span> <span class='ocrx_word' id='word_1_187' title='bbox 1161 1812 1291 1869; x_wconf 91' lang='lat' dir='ltr'>dividitur</span> <span class='ocrx_word' id='word_1_188' title='bbox 1306 1814 1366 1886; x_wconf 85' lang='lat' dir='ltr'>ipsa</span> <span class='ocrx_word' id='word_1_189' title='bbox 1390 1829 1460 1888; x_wconf 89' lang='lat' dir='ltr'>aqua</span> <span class='ocrx_word' id='word_1_190' title='bbox 1488 1814 1523 1871; x_wconf 90' lang='lat' dir='ltr'>ad</span> <span class='ocrx_word' id='word_1_191' title='bbox 1552 1816 1708 1873; x_wconf 90' lang='lat' dir='ltr'>molendina</span> <span class='ocrx_word' id='word_1_192' title='bbox 1731 1819 1840 1876; x_wconf 90' lang='lat' dir='ltr'>llacbot</span> <span class='ocrx_word' id='word_1_193' title='bbox 1866 1828 1895 1877; x_wconf 92' lang='lat' dir='ltr'>et</span> 
     </span>
     <span class='ocr_line' id='line_1_19' title="bbox 275 1901 1892 1981; baseline -0.002 -14"><span class='ocrx_word' id='word_1_194' title='bbox 275 1909 337 1981; x_wconf 84' lang='lat' dir='ltr'>Ego</span> <span class='ocrx_word' id='word_1_195' title='bbox 351 1908 516 1965; x_wconf 79' lang='lat' dir='ltr'>Rameuuus</span> <span class='ocrx_word' id='word_1_196' title='bbox 538 1906 687 1973; x_wconf 87' lang='lat' dir='ltr'>secundus,</span> <span class='ocrx_word' id='word_1_197' title='bbox 708 1903 758 1961; x_wconf 85' lang='lat' dir='ltr'>Dei</span> <span class='ocrx_word' id='word_1_198' title='bbox 780 1905 867 1977; x_wconf 90' lang='lat' dir='ltr'>gratia</span> <span class='ocrx_word' id='word_1_199' title='bbox 887 1904 1036 1961; x_wconf 86' lang='lat' dir='ltr'>Remorum</span> <span class='ocrx_word' id='word_1_200' title='bbox 1092 1901 1205 1970; x_wconf 89' lang='lat' dir='ltr'>Puisun,</span> <span class='ocrx_word' id='word_1_201' title='bbox 1224 1910 1351 1975; x_wconf 78' lang='lat' dir='ltr'>eiusque</span> <span class='ocrx_word' id='word_1_202' title='bbox 1365 1902 1401 1959; x_wconf 90' lang='lat' dir='ltr'>ad</span> <span class='ocrx_word' id='word_1_203' title='bbox 1416 1904 1518 1960; x_wconf 88' lang='lat' dir='ltr'>fossam</span> <span class='ocrx_word' id='word_1_204' title='bbox 1534 1904 1576 1961; x_wconf 92' lang='lat' dir='ltr'>vel</span> <span class='ocrx_word' id='word_1_205' title='bbox 1592 1904 1724 1961; x_wconf 88' lang='lat' dir='ltr'>vivarium</span> <span class='ocrx_word' id='word_1_206' title='bbox 1747 1909 1823 1980; x_wconf 89' lang='lat' dir='ltr'>qnod</span> <span class='ocrx_word' id='word_1_207' title='bbox 1839 1924 1892 1979; x_wconf 88' lang='lat' dir='ltr'>ap-</span> 
     </span>
     <span class='ocr_line' id='line_1_20' title="bbox 238 1990 1892 2072; baseline -0.003 -15"><span class='ocrx_word' id='word_1_208' title='bbox 238 1996 472 2072; x_wconf 84' lang='lat' dir='ltr'>archiepiscopus,</span> <span class='ocrx_word' id='word_1_209' title='bbox 488 2002 581 2051; x_wconf 87' lang='lat' dir='ltr'>uotum</span> <span class='ocrx_word' id='word_1_210' title='bbox 596 2010 658 2051; x_wconf 89' lang='lat' dir='ltr'>esse</span> <span class='ocrx_word' id='word_1_211' title='bbox 671 1994 734 2051; x_wconf 92' lang='lat' dir='ltr'>volo</span> <span class='ocrx_word' id='word_1_212' title='bbox 748 1994 874 2052; x_wconf 84' lang='lat' dir='ltr'>omnibus</span> <span class='ocrx_word' id='word_1_213' title='bbox 893 2001 949 2050; x_wconf 89' lang='lat' dir='ltr'>tam</span> <span class='ocrx_word' id='word_1_214' title='bbox 964 2010 1036 2066; x_wconf 82' lang='lat' dir='ltr'>prae-</span> <span class='ocrx_word' id='word_1_215' title='bbox 1090 1990 1190 2063; x_wconf 90' lang='lat' dir='ltr'>pellant</span> <span class='ocrx_word' id='word_1_216' title='bbox 1205 1992 1371 2061; x_wconf 82' lang='lat' dir='ltr'>Raherium;</span> <span class='ocrx_word' id='word_1_217' title='bbox 1388 2007 1470 2064; x_wconf 86' lang='lat' dir='ltr'>snpra</span> <span class='ocrx_word' id='word_1_218' title='bbox 1484 2009 1549 2050; x_wconf 88' lang='lat' dir='ltr'>vero</span> <span class='ocrx_word' id='word_1_219' title='bbox 1560 2008 1751 2061; x_wconf 89' lang='lat' dir='ltr'>communem;</span> <span class='ocrx_word' id='word_1_220' title='bbox 1768 1996 1892 2053; x_wconf 91' lang='lat' dir='ltr'>bannum</span> 
     </span>
     <span class='ocr_line' id='line_1_21' title="bbox 238 2080 1890 2160; baseline -0.002 -14"><span class='ocrx_word' id='word_1_221' title='bbox 238 2088 362 2147; x_wconf 82' lang='lat' dir='ltr'>sentibus</span> <span class='ocrx_word' id='word_1_222' title='bbox 376 2101 458 2160; x_wconf 86' lang='lat' dir='ltr'>quam</span> <span class='ocrx_word' id='word_1_223' title='bbox 471 2084 569 2141; x_wconf 89' lang='lat' dir='ltr'>futuris</span> <span class='ocrx_word' id='word_1_224' title='bbox 583 2099 636 2156; x_wconf 88' lang='lat' dir='ltr'>quo</span> <span class='ocrx_word' id='word_1_225' title='bbox 649 2083 755 2153; x_wconf 88' lang='lat' dir='ltr'>ordine,</span> <span class='ocrx_word' id='word_1_226' title='bbox 772 2100 827 2156; x_wconf 86' lang='lat' dir='ltr'>qua</span> <span class='ocrx_word' id='word_1_227' title='bbox 842 2082 959 2150; x_wconf 85' lang='lat' dir='ltr'>ratione,</span> <span class='ocrx_word' id='word_1_228' title='bbox 975 2099 1036 2139; x_wconf 91' lang='lat' dir='ltr'>con·</span> <span class='ocrx_word' id='word_1_229' title='bbox 1090 2096 1197 2152; x_wconf 78' lang='lat' dir='ltr'>‹puoque</span> <span class='ocrx_word' id='word_1_230' title='bbox 1213 2089 1239 2137; x_wconf 93' lang='lat' dir='ltr'>et</span> <span class='ocrx_word' id='word_1_231' title='bbox 1251 2081 1382 2151; x_wconf 79' lang='lat' dir='ltr'>justitiam</span> <span class='ocrx_word' id='word_1_232' title='bbox 1397 2081 1498 2155; x_wconf 90' lang='lat' dir='ltr'>ubique</span> <span class='ocrx_word' id='word_1_233' title='bbox 1512 2080 1582 2139; x_wconf 85' lang='lat' dir='ltr'>infra</span> <span class='ocrx_word' id='word_1_234' title='bbox 1597 2084 1647 2139; x_wconf 90' lang='lat' dir='ltr'>hos</span> <span class='ocrx_word' id='word_1_235' title='bbox 1662 2082 1740 2151; x_wconf 85' lang='lat' dir='ltr'>fines,</span> <span class='ocrx_word' id='word_1_236' title='bbox 1761 2084 1890 2143; x_wconf 88' lang='lat' dir='ltr'>videlicet</span> 
     </span>
     <span class='ocr_line' id='line_1_22' title="bbox 236 2168 1968 2243; baseline -0.002 -9"><span class='ocrx_word' id='word_1_237' title='bbox 236 2176 399 2235; x_wconf 76' lang='lat' dir='ltr'>boversiam</span> <span class='ocrx_word' id='word_1_238' title='bbox 427 2174 504 2231; x_wconf 88' lang='lat' dir='ltr'>iliam</span> <span class='ocrx_word' id='word_1_239' title='bbox 529 2181 648 2231; x_wconf 82' lang='lat' dir='ltr'>veterem</span> <span class='ocrx_word' id='word_1_240' title='bbox 668 2181 694 2229; x_wconf 91' lang='lat' dir='ltr'>et</span> <span class='ocrx_word' id='word_1_241' title='bbox 717 2172 883 2240; x_wconf 84' lang='lat' dir='ltr'>redivivam,</span> <span class='ocrx_word' id='word_1_242' title='bbox 908 2179 1034 2243; x_wconf 87' lang='lat' dir='ltr'>tempore</span> <span class='ocrx_word' id='word_1_243' title='bbox 1089 2168 1124 2224; x_wconf 89' lang='lat' dir='ltr'>ab</span> <span class='ocrx_word' id='word_1_244' title='bbox 1139 2184 1212 2242; x_wconf 88' lang='lat' dir='ltr'>aqua</span> <span class='ocrx_word' id='word_1_245' title='bbox 1226 2186 1313 2242; x_wconf 89' lang='lat' dir='ltr'>usque</span> <span class='ocrx_word' id='word_1_246' title='bbox 1327 2170 1361 2227; x_wconf 88' lang='lat' dir='ltr'>ud</span> <span class='ocrx_word' id='word_1_247' title='bbox 1385 2170 1547 2242; x_wconf 84' lang='lat' dir='ltr'>praedictam</span> <span class='ocrx_word' id='word_1_248' title='bbox 1566 2188 1687 2239; x_wconf 90' lang='lat' dir='ltr'>crucem,</span> <span class='ocrx_word' id='word_1_249' title='bbox 1711 2172 1799 2229; x_wconf 89' lang='lat' dir='ltr'>solius</span> <span class='ocrx_word' id='word_1_250' title='bbox 1822 2190 1889 2232; x_wconf 87' lang='lat' dir='ltr'>esse</span> <span class='ocrx_word' id='word_1_251' title='bbox 1967 2168 1968 2209; x_wconf 64' lang='lat'><em>³</em></span> 
     </span>
     <span class='ocr_line' id='line_1_23' title="bbox 235 2246 1887 2335; baseline -0.001 -12"><span class='ocrx_word' id='word_1_252' title='bbox 235 2265 338 2323; x_wconf 86' lang='lat' dir='ltr'>liellini</span> <span class='ocrx_word' id='word_1_253' title='bbox 360 2263 468 2322; x_wconf 87' lang='lat' dir='ltr'>abbatis</span> <span class='ocrx_word' id='word_1_254' title='bbox 481 2246 695 2329; x_wconf 82' lang='lat' dir='ltr'>terminavimus,</span> <span class='ocrx_word' id='word_1_255' title='bbox 712 2276 773 2333; x_wconf 79' lang='lat' dir='ltr'>qua</span> <span class='ocrx_word' id='word_1_256' title='bbox 787 2260 823 2316; x_wconf 93' lang='lat' dir='ltr'>de</span> <span class='ocrx_word' id='word_1_257' title='bbox 837 2276 910 2335; x_wconf 91' lang='lat' dir='ltr'>aqua</span> <span class='ocrx_word' id='word_1_258' title='bbox 928 2259 1034 2317; x_wconf 85' lang='lat' dir='ltr'>Vidulae</span> <span class='ocrx_word' id='word_1_259' title='bbox 1089 2258 1213 2315; x_wconf 73' lang='lat' dir='ltr'>ecclesia</span> <span class='ocrx_word' id='word_1_260' title='bbox 1224 2259 1316 2315; x_wconf 87' lang='lat' dir='ltr'>Sancti</span> <span class='ocrx_word' id='word_1_261' title='bbox 1327 2260 1503 2317; x_wconf 87' lang='lat' dir='ltr'>Theoderici.</span> <span class='ocrx_word' id='word_1_262' title='bbox 1523 2261 1608 2317; x_wconf 85' lang='lat' dir='ltr'>Nobis</span> <span class='ocrx_word' id='word_1_263' title='bbox 1632 2270 1723 2319; x_wconf 87' lang='lat' dir='ltr'>autem</span> <span class='ocrx_word' id='word_1_264' title='bbox 1744 2262 1783 2319; x_wconf 89' lang='lat' dir='ltr'>rei</span> <span class='ocrx_word' id='word_1_265' title='bbox 1805 2263 1887 2333; x_wconf 80' lang='lat' dir='ltr'>hujus</span> 
     </span>
     <span class='ocr_line' id='line_1_24' title="bbox 232 2346 1887 2425; baseline -0.002 -13"><span class='ocrx_word' id='word_1_266' title='bbox 232 2354 310 2425; x_wconf 80' lang='lat' dir='ltr'>juxta</span> <span class='ocrx_word' id='word_1_267' title='bbox 322 2352 415 2410; x_wconf 85' lang='lat' dir='ltr'>villam</span> <span class='ocrx_word' id='word_1_268' title='bbox 430 2368 491 2424; x_wconf 77' lang='lat' dir='ltr'>qua</span> <span class='ocrx_word' id='word_1_269' title='bbox 505 2350 604 2408; x_wconf 90' lang='lat' dir='ltr'>dicitur</span> <span class='ocrx_word' id='word_1_270' title='bbox 624 2349 761 2415; x_wconf 90' lang='lat' dir='ltr'>Chalonia,</span> <span class='ocrx_word' id='word_1_271' title='bbox 784 2357 811 2405; x_wconf 91' lang='lat' dir='ltr'>et</span> <span class='ocrx_word' id='word_1_272' title='bbox 832 2348 867 2405; x_wconf 91' lang='lat' dir='ltr'>de</span> <span class='ocrx_word' id='word_1_273' title='bbox 891 2347 1033 2418; x_wconf 86' lang='lat' dir='ltr'>adjacente</span> <span class='ocrx_word' id='word_1_274' title='bbox 1087 2347 1211 2405; x_wconf 87' lang='lat' dir='ltr'>ordinem</span> <span class='ocrx_word' id='word_1_275' title='bbox 1228 2346 1364 2421; x_wconf 88' lang='lat' dir='ltr'>finemque</span> <span class='ocrx_word' id='word_1_276' title='bbox 1379 2365 1412 2406; x_wconf 87' lang='lat' dir='ltr'>ex</span> <span class='ocrx_word' id='word_1_277' title='bbox 1427 2355 1521 2407; x_wconf 91' lang='lat' dir='ltr'>tenore</span> <span class='ocrx_word' id='word_1_278' title='bbox 1534 2350 1673 2424; x_wconf 84' lang='lat' dir='ltr'>privilegii</span> <span class='ocrx_word' id='word_1_279' title='bbox 1682 2366 1887 2422; x_wconf 86' lang='lat' dir='ltr'>recognoscen-</span> 
     </span>
     <span class='ocr_line' id='line_1_25' title="bbox 235 2436 1968 2521; baseline -0.001 -22"><span class='ocrx_word' id='word_1_280' title='bbox 235 2457 365 2501; x_wconf 85' lang='lat' dir='ltr'>maresco</span> <span class='ocrx_word' id='word_1_281' title='bbox 380 2439 424 2499; x_wconf 88' lang='lat' dir='ltr'>vel</span> <span class='ocrx_word' id='word_1_282' title='bbox 438 2440 549 2513; x_wconf 88' lang='lat' dir='ltr'>palude,</span> <span class='ocrx_word' id='word_1_283' title='bbox 566 2442 593 2495; x_wconf 87' lang='lat' dir='ltr'>et</span> <span class='ocrx_word' id='word_1_284' title='bbox 606 2439 745 2511; x_wconf 87' lang='lat' dir='ltr'>piscatura</span> <span class='ocrx_word' id='word_1_285' title='bbox 758 2446 826 2505; x_wconf 87' lang='lat' dir='ltr'>tota,</span> <span class='ocrx_word' id='word_1_286' title='bbox 840 2445 867 2493; x_wconf 93' lang='lat' dir='ltr'>et</span> <span class='ocrx_word' id='word_1_287' title='bbox 890 2436 973 2493; x_wconf 91' lang='lat' dir='ltr'>fundo</span> <span class='ocrx_word' id='word_1_288' title='bbox 989 2437 1033 2509; x_wconf 92' lang='lat' dir='ltr'>ip·</span> <span class='ocrx_word' id='word_1_289' title='bbox 1087 2436 1168 2504; x_wconf 90' lang='lat' dir='ltr'>tibus,</span> <span class='ocrx_word' id='word_1_290' title='bbox 1192 2453 1254 2494; x_wconf 90' lang='lat' dir='ltr'>cum</span> <span class='ocrx_word' id='word_1_291' title='bbox 1279 2437 1402 2507; x_wconf 82' lang='lat' dir='ltr'>ejusdem</span> <span class='ocrx_word' id='word_1_292' title='bbox 1427 2438 1563 2512; x_wconf 89' lang='lat' dir='ltr'>privilegii</span> <span class='ocrx_word' id='word_1_293' title='bbox 1579 2438 1713 2497; x_wconf 86' lang='lat' dir='ltr'>Girardus</span> <span class='ocrx_word' id='word_1_294' title='bbox 1734 2441 1886 2499; x_wconf 77' lang='lat' dir='ltr'>auctoritati</span> <span class='ocrx_word' id='word_1_295' title='bbox 1967 2506 1968 2521; x_wconf 12' lang='grc' dir='ltr'>χ</span> 
     </span>
     <span class='ocr_line' id='line_1_26' title="bbox 233 2526 1884 2605; baseline -0.002 -17"><span class='ocrx_word' id='word_1_296' title='bbox 233 2529 290 2589; x_wconf 85' lang='lat' dir='ltr'>aius</span> <span class='ocrx_word' id='word_1_297' title='bbox 304 2538 386 2588; x_wconf 82' lang='lat' dir='ltr'>terra</span> <span class='ocrx_word' id='word_1_298' title='bbox 400 2537 428 2587; x_wconf 90' lang='lat' dir='ltr'>et</span> <span class='ocrx_word' id='word_1_299' title='bbox 440 2529 583 2602; x_wconf 91' lang='lat' dir='ltr'>herbagio,</span> <span class='ocrx_word' id='word_1_300' title='bbox 600 2535 627 2585; x_wconf 91' lang='lat' dir='ltr'>et</span> <span class='ocrx_word' id='word_1_301' title='bbox 650 2526 741 2582; x_wconf 91' lang='lat' dir='ltr'>banno</span> <span class='ocrx_word' id='word_1_302' title='bbox 761 2534 787 2582; x_wconf 89' lang='lat' dir='ltr'>et</span> <span class='ocrx_word' id='word_1_303' title='bbox 807 2526 919 2596; x_wconf 85' lang='lat' dir='ltr'>justitie,</span> <span class='ocrx_word' id='word_1_304' title='bbox 936 2532 1032 2581; x_wconf 90' lang='lat' dir='ltr'>contra</span> <span class='ocrx_word' id='word_1_305' title='bbox 1085 2526 1174 2597; x_wconf 91' lang='lat' dir='ltr'>primo</span> <span class='ocrx_word' id='word_1_306' title='bbox 1190 2543 1245 2583; x_wconf 93' lang='lat' dir='ltr'>non</span> <span class='ocrx_word' id='word_1_307' title='bbox 1260 2526 1325 2582; x_wconf 87' lang='lat' dir='ltr'>satis</span> <span class='ocrx_word' id='word_1_308' title='bbox 1339 2528 1551 2600; x_wconf 84' lang='lat' dir='ltr'>obtemperaret,</span> <span class='ocrx_word' id='word_1_309' title='bbox 1568 2528 1735 2585; x_wconf 86' lang='lat' dir='ltr'>abbasillud</span> <span class='ocrx_word' id='word_1_310' title='bbox 1748 2530 1884 2605; x_wconf 83' lang='lat' dir='ltr'>perlegi-</span> 
     </span>
     <span class='ocr_line' id='line_1_27' title="bbox 233 2614 1968 2690; baseline -0.003 -14"><span class='ocrx_word' id='word_1_311' title='bbox 233 2620 381 2678; x_wconf 86' lang='lat' dir='ltr'>ecclesiam</span> <span class='ocrx_word' id='word_1_312' title='bbox 397 2618 490 2675; x_wconf 85' lang='lat' dir='ltr'>Sancti</span> <span class='ocrx_word' id='word_1_313' title='bbox 504 2616 666 2673; x_wconf 84' lang='lat' dir='ltr'>Theoderici</span> <span class='ocrx_word' id='word_1_314' title='bbox 680 2631 698 2672; x_wconf 89' lang='lat' dir='ltr'>a</span> <span class='ocrx_word' id='word_1_315' title='bbox 712 2615 831 2671; x_wconf 88' lang='lat' dir='ltr'>Girardo</span> <span class='ocrx_word' id='word_1_316' title='bbox 847 2614 991 2672; x_wconf 91' lang='lat' dir='ltr'>Roceiensi</span> <span class='ocrx_word' id='word_1_317' title='bbox 1005 2622 1031 2671; x_wconf 89' lang='lat' dir='ltr'>ct</span> <span class='ocrx_word' id='word_1_318' title='bbox 1086 2614 1166 2671; x_wconf 86' lang='lat' dir='ltr'>times</span> <span class='ocrx_word' id='word_1_319' title='bbox 1180 2631 1313 2687; x_wconf 88' lang='lat' dir='ltr'>personas</span> <span class='ocrx_word' id='word_1_320' title='bbox 1329 2632 1389 2690; x_wconf 87' lang='lat' dir='ltr'>quae</span> <span class='ocrx_word' id='word_1_321' title='bbox 1408 2624 1435 2673; x_wconf 90' lang='lat' dir='ltr'>et</span> <span class='ocrx_word' id='word_1_322' title='bbox 1448 2616 1486 2672; x_wconf 89' lang='lat' dir='ltr'>ibi</span> <span class='ocrx_word' id='word_1_323' title='bbox 1500 2625 1651 2689; x_wconf 71' lang='lat' dir='ltr'>presentes</span> <span class='ocrx_word' id='word_1_324' title='bbox 1664 2619 1789 2687; x_wconf 83' lang='lat' dir='ltr'>aderant,</span> <span class='ocrx_word' id='word_1_325' title='bbox 1806 2627 1834 2676; x_wconf 89' lang='lat' dir='ltr'>et</span> <span class='ocrx_word' id='word_1_326' title='bbox 1847 2620 1885 2675; x_wconf 90' lang='lat' dir='ltr'>illi</span> <span class='ocrx_word' id='word_1_327' title='bbox 1967 2656 1968 2671; x_wconf 76' lang='lat'>.</span> 
     </span>
     <span class='ocr_line' id='line_1_28' title="bbox 230 2703 1883 2777; baseline -0.002 -10"><span class='ocrx_word' id='word_1_328' title='bbox 230 2707 451 2767; x_wconf 78' lang='lat' dir='ltr'>antecessoribus</span> <span class='ocrx_word' id='word_1_329' title='bbox 466 2707 526 2777; x_wconf 85' lang='lat' dir='ltr'>ejus</span> <span class='ocrx_word' id='word_1_330' title='bbox 540 2706 621 2763; x_wconf 87' lang='lat' dir='ltr'>toties</span> <span class='ocrx_word' id='word_1_331' title='bbox 632 2706 733 2776; x_wconf 87' lang='lat' dir='ltr'>injuste</span> <span class='ocrx_word' id='word_1_332' title='bbox 747 2712 883 2760; x_wconf 88' lang='lat' dir='ltr'>commota</span> <span class='ocrx_word' id='word_1_333' title='bbox 905 2710 957 2770; x_wconf 86' lang='lat' dir='ltr'>est,</span> <span class='ocrx_word' id='word_1_334' title='bbox 973 2710 1030 2759; x_wconf 92' lang='lat' dir='ltr'>eta</span> <span class='ocrx_word' id='word_1_335' title='bbox 1084 2703 1259 2760; x_wconf 90' lang='lat' dir='ltr'>nihilominus</span> <span class='ocrx_word' id='word_1_336' title='bbox 1287 2704 1479 2777; x_wconf 83' lang='lat' dir='ltr'>compositioni</span> <span class='ocrx_word' id='word_1_337' title='bbox 1514 2716 1666 2777; x_wconf 71' lang='lat' dir='ltr'>presentes</span> <span class='ocrx_word' id='word_1_338' title='bbox 1706 2707 1883 2775; x_wconf 85' lang='lat' dir='ltr'>exstiterant,</span> 
     </span>
     <span class='ocr_line' id='line_1_29' title="bbox 230 2791 1968 2869; baseline -0.001 -14"><span class='ocrx_word' id='word_1_339' title='bbox 230 2796 507 2869; x_wconf 79' lang='lat' dir='ltr'>uobisjueteaopita.</span> <span class='ocrx_word' id='word_1_340' title='bbox 523 2799 602 2851; x_wconf 78' lang='lat' dir='ltr'>Anno</span> <span class='ocrx_word' id='word_1_341' title='bbox 626 2794 724 2866; x_wconf 90' lang='lat' dir='ltr'>primo,</span> <span class='ocrx_word' id='word_1_342' title='bbox 749 2808 844 2849; x_wconf 90' lang='lat' dir='ltr'>mense</span> <span class='ocrx_word' id='word_1_343' title='bbox 868 2800 966 2866; x_wconf 86' lang='lat' dir='ltr'>quarto</span> <span class='ocrx_word' id='word_1_344' title='bbox 980 2791 1029 2847; x_wconf 94' lang='lat' dir='ltr'>ab·</span> <span class='ocrx_word' id='word_1_345' title='bbox 1083 2800 1165 2863; x_wconf 88' lang='lat' dir='ltr'>prout</span> <span class='ocrx_word' id='word_1_346' title='bbox 1184 2792 1316 2862; x_wconf 87' lang='lat' dir='ltr'>judicium</span> <span class='ocrx_word' id='word_1_347' title='bbox 1342 2802 1502 2866; x_wconf 82' lang='lat' dir='ltr'>expeteret,</span> <span class='ocrx_word' id='word_1_348' title='bbox 1532 2796 1775 2867; x_wconf 88' lang='lat' dir='ltr'>comprobaturum</span> <span class='ocrx_word' id='word_1_349' title='bbox 1800 2813 1830 2853; x_wconf 88' lang='lat' dir='ltr'>se</span> <span class='ocrx_word' id='word_1_350' title='bbox 1858 2806 1884 2854; x_wconf 90' lang='lat' dir='ltr'>et</span> <span class='ocrx_word' id='word_1_351' title='bbox 1967 2804 1968 2817; x_wconf 64' lang='lat'>¹</span> 
     </span>
     <span class='ocr_line' id='line_1_30' title="bbox 229 2878 1883 2959; baseline -0.001 -15"><span class='ocrx_word' id='word_1_352' title='bbox 229 2886 310 2943; x_wconf 81' lang='lat' dir='ltr'>batia</span> <span class='ocrx_word' id='word_1_353' title='bbox 324 2884 449 2959; x_wconf 75' lang='lat' dir='ltr'>predicti</span> <span class='ocrx_word' id='word_1_354' title='bbox 463 2883 583 2950; x_wconf 91' lang='lat' dir='ltr'>abbatis,</span> <span class='ocrx_word' id='word_1_355' title='bbox 596 2881 729 2939; x_wconf 88' lang='lat' dir='ltr'>Girardus</span> <span class='ocrx_word' id='word_1_356' title='bbox 745 2882 779 2938; x_wconf 91' lang='lat' dir='ltr'>ad</span> <span class='ocrx_word' id='word_1_357' title='bbox 800 2881 927 2938; x_wconf 86' lang='lat' dir='ltr'>vidulam</span> <span class='ocrx_word' id='word_1_358' title='bbox 943 2880 1026 2949; x_wconf 81' lang='lat' dir='ltr'>venit,</span> <span class='ocrx_word' id='word_1_359' title='bbox 1082 2878 1304 2938; x_wconf 89' lang='lat' dir='ltr'>confirmaturum</span> <span class='ocrx_word' id='word_1_360' title='bbox 1318 2881 1381 2939; x_wconf 87' lang='lat' dir='ltr'>viva</span> <span class='ocrx_word' id='word_1_361' title='bbox 1396 2898 1472 2949; x_wconf 88' lang='lat' dir='ltr'>voce,</span> <span class='ocrx_word' id='word_1_362' title='bbox 1489 2883 1616 2939; x_wconf 85' lang='lat' dir='ltr'>asseruit.</span> <span class='ocrx_word' id='word_1_363' title='bbox 1633 2884 1690 2941; x_wconf 88' lang='lat' dir='ltr'>Rae</span> <span class='ocrx_word' id='word_1_364' title='bbox 1712 2885 1759 2942; x_wconf 91' lang='lat' dir='ltr'>ille</span> <span class='ocrx_word' id='word_1_365' title='bbox 1774 2886 1883 2943; x_wconf 87' lang='lat' dir='ltr'>tandem</span> 
     </span>
     <span class='ocr_line' id='line_1_31' title="bbox 229 2970 1883 3048; baseline -0.002 -15"><span class='ocrx_word' id='word_1_366' title='bbox 229 2985 258 3033; x_wconf 93' lang='lat' dir='ltr'>et</span> <span class='ocrx_word' id='word_1_367' title='bbox 269 2974 422 3048; x_wconf 80' lang='lat' dir='ltr'>piscatores</span> <span class='ocrx_word' id='word_1_368' title='bbox 436 2973 562 3032; x_wconf 74' lang='lat' dir='ltr'>ecclesie</span> <span class='ocrx_word' id='word_1_369' title='bbox 576 2972 625 3044; x_wconf 89' lang='lat' dir='ltr'>qui</span> <span class='ocrx_word' id='word_1_370' title='bbox 645 2971 673 3027; x_wconf 92' lang='lat' dir='ltr'>in</span> <span class='ocrx_word' id='word_1_371' title='bbox 697 2986 824 3027; x_wconf 89' lang='lat' dir='ltr'>maresco</span> <span class='ocrx_word' id='word_1_372' title='bbox 845 2986 942 3025; x_wconf 89' lang='lat' dir='ltr'>nassas</span> <span class='ocrx_word' id='word_1_373' title='bbox 964 2986 1028 3026; x_wconf 86' lang='lat' dir='ltr'>suas</span> <span class='ocrx_word' id='word_1_374' title='bbox 1082 2970 1194 3027; x_wconf 88' lang='lat' dir='ltr'>rationis</span> <span class='ocrx_word' id='word_1_375' title='bbox 1210 2970 1307 3027; x_wconf 87' lang='lat' dir='ltr'>virtute</span> <span class='ocrx_word' id='word_1_376' title='bbox 1331 2970 1482 3039; x_wconf 89' lang='lat' dir='ltr'>convictus,</span> <span class='ocrx_word' id='word_1_377' title='bbox 1505 2972 1613 3029; x_wconf 91' lang='lat' dir='ltr'>veritati</span> <span class='ocrx_word' id='word_1_378' title='bbox 1626 2974 1812 3043; x_wconf 90' lang='lat' dir='ltr'>consentiens,</span> <span class='ocrx_word' id='word_1_379' title='bbox 1827 2976 1883 3047; x_wconf 89' lang='lat' dir='ltr'>pri·</span> 
     </span>
     <span class='ocr_line' id='line_1_32' title="bbox 228 3058 1883 3136; baseline 0 -15"><span class='ocrx_word' id='word_1_380' title='bbox 228 3063 386 3132; x_wconf 80' lang='lat' dir='ltr'>tendebant,</span> <span class='ocrx_word' id='word_1_381' title='bbox 401 3062 506 3120; x_wconf 84' lang='lat' dir='ltr'>scilicet</span> <span class='ocrx_word' id='word_1_382' title='bbox 519 3061 549 3117; x_wconf 93' lang='lat' dir='ltr'>in</span> <span class='ocrx_word' id='word_1_383' title='bbox 570 3060 653 3117; x_wconf 88' lang='lat' dir='ltr'>fossis</span> <span class='ocrx_word' id='word_1_384' title='bbox 676 3059 838 3133; x_wconf 91' lang='lat' dir='ltr'>quibusdam</span> <span class='ocrx_word' id='word_1_385' title='bbox 860 3076 921 3132; x_wconf 76' lang='lat' dir='ltr'>quea</span> <span class='ocrx_word' id='word_1_386' title='bbox 942 3058 1026 3131; x_wconf 83' lang='lat' dir='ltr'>vulgo</span> <span class='ocrx_word' id='word_1_387' title='bbox 1080 3059 1210 3133; x_wconf 82' lang='lat' dir='ltr'>vilegium</span> <span class='ocrx_word' id='word_1_388' title='bbox 1224 3060 1373 3118; x_wconf 90' lang='lat' dir='ltr'>concessit.</span> <span class='ocrx_word' id='word_1_389' title='bbox 1389 3062 1505 3133; x_wconf 90' lang='lat' dir='ltr'>Insuper</span> <span class='ocrx_word' id='word_1_390' title='bbox 1516 3060 1598 3119; x_wconf 88' lang='lat' dir='ltr'>etiam</span> <span class='ocrx_word' id='word_1_391' title='bbox 1615 3064 1688 3136; x_wconf 92' lang='lat' dir='ltr'>quod</span> <span class='ocrx_word' id='word_1_392' title='bbox 1700 3063 1734 3121; x_wconf 92' lang='lat' dir='ltr'>de</span> <span class='ocrx_word' id='word_1_393' title='bbox 1745 3063 1883 3135; x_wconf 84' lang='lat' dir='ltr'>lapidibus</span> 
     </span>
     <span class='ocr_line' id='line_1_33' title="bbox 226 3112 1882 3224; baseline -0.001 -14"><span class='ocrx_word' id='word_1_394' title='bbox 226 3152 346 3212; x_wconf 90' lang='lat' dir='ltr'>Raheria</span> <span class='ocrx_word' id='word_1_395' title='bbox 360 3158 564 3223; x_wconf 89' lang='lat' dir='ltr'>nuncupantur,</span> <span class='ocrx_word' id='word_1_396' title='bbox 580 3149 608 3204; x_wconf 95' lang='lat' dir='ltr'>ln</span> <span class='ocrx_word' id='word_1_397' title='bbox 623 3164 690 3222; x_wconf 90' lang='lat' dir='ltr'>quas</span> <span class='ocrx_word' id='word_1_398' title='bbox 713 3164 786 3219; x_wconf 89' lang='lat' dir='ltr'>aqua</span> <span class='ocrx_word' id='word_1_399' title='bbox 807 3148 841 3204; x_wconf 93' lang='lat' dir='ltr'>de</span> <span class='ocrx_word' id='word_1_400' title='bbox 864 3147 960 3204; x_wconf 88' lang='lat' dir='ltr'>matris</span> <span class='ocrx_word' id='word_1_401' title='bbox 982 3147 1025 3203; x_wconf 88' lang='lat' dir='ltr'>al·</span> <span class='ocrx_word' id='word_1_402' title='bbox 1040 3112 1065 3173; x_wconf 64' lang='lat' dir='ltr'>G</span> <span class='ocrx_word' id='word_1_403' title='bbox 1078 3147 1107 3203; x_wconf 91' lang='lat' dir='ltr'>in</span> <span class='ocrx_word' id='word_1_404' title='bbox 1121 3156 1212 3205; x_wconf 90' lang='lat' dir='ltr'>monte</span> <span class='ocrx_word' id='word_1_405' title='bbox 1227 3148 1363 3205; x_wconf 84' lang='lat' dir='ltr'>fodiendis</span> <span class='ocrx_word' id='word_1_406' title='bbox 1390 3151 1577 3222; x_wconf 89' lang='lat' dir='ltr'>prohibuerat,</span> <span class='ocrx_word' id='word_1_407' title='bbox 1598 3168 1629 3207; x_wconf 88' lang='lat' dir='ltr'>ec</span> <span class='ocrx_word' id='word_1_408' title='bbox 1657 3152 1760 3221; x_wconf 88' lang='lat' dir='ltr'>injuste</span> <span class='ocrx_word' id='word_1_409' title='bbox 1783 3153 1882 3224; x_wconf 89' lang='lat' dir='ltr'>pmhi·</span> 
     </span>
     <span class='ocr_line' id='line_1_34' title="bbox 226 3232 1881 3323; baseline 0 -25"><span class='ocrx_word' id='word_1_410' title='bbox 226 3257 291 3310; x_wconf 87' lang='lat' dir='ltr'>veo,</span> <span class='ocrx_word' id='word_1_411' title='bbox 307 3256 370 3299; x_wconf 89' lang='lat' dir='ltr'>cum</span> <span class='ocrx_word' id='word_1_412' title='bbox 384 3240 507 3314; x_wconf 87' lang='lat' dir='ltr'>piscibus</span> <span class='ocrx_word' id='word_1_413' title='bbox 520 3239 665 3305; x_wconf 89' lang='lat' dir='ltr'>dirivatur,</span> <span class='ocrx_word' id='word_1_414' title='bbox 679 3235 762 3293; x_wconf 91' lang='lat' dir='ltr'>minis</span> <span class='ocrx_word' id='word_1_415' title='bbox 777 3246 804 3293; x_wconf 89' lang='lat' dir='ltr'>ct</span> <span class='ocrx_word' id='word_1_416' title='bbox 814 3238 967 3293; x_wconf 87' lang='lat' dir='ltr'>terroribus</span> <span class='ocrx_word' id='word_1_417' title='bbox 977 3252 1025 3293; x_wconf 90' lang='lat' dir='ltr'>ex·</span> <span class='ocrx_word' id='word_1_418' title='bbox 1078 3236 1171 3293; x_wconf 90' lang='lat' dir='ltr'>bnisse</span> <span class='ocrx_word' id='word_1_419' title='bbox 1196 3232 1374 3311; x_wconf 83' lang='lat' dir='ltr'>recognovit;</span> <span class='ocrx_word' id='word_1_420' title='bbox 1406 3246 1490 3295; x_wconf 88' lang='lat' dir='ltr'>testes</span> <span class='ocrx_word' id='word_1_421' title='bbox 1512 3239 1731 3323; x_wconf 86' lang='lat' dir='ltr'>iudehabentur,</span> <span class='ocrx_word' id='word_1_422' title='bbox 1743 3241 1881 3299; x_wconf 83' lang='lat' dir='ltr'>lorannus</span> 
     </span>
     <span class='ocr_line' id='line_1_35' title="bbox 226 3324 1880 3403; baseline -0.001 -16"><span class='ocrx_word' id='word_1_423' title='bbox 226 3330 353 3397; x_wconf 88' lang='lat' dir='ltr'>turbavit,</span> <span class='ocrx_word' id='word_1_424' title='bbox 369 3330 580 3401; x_wconf 81' lang='lat' dir='ltr'>exturbatosque</span> <span class='ocrx_word' id='word_1_425' title='bbox 593 3343 609 3382; x_wconf 88' lang='lat' dir='ltr'>a</span> <span class='ocrx_word' id='word_1_426' title='bbox 623 3326 783 3399; x_wconf 88' lang='lat' dir='ltr'>piscationis</span> <span class='ocrx_word' id='word_1_427' title='bbox 801 3324 889 3381; x_wconf 88' lang='lat' dir='ltr'>officio</span> <span class='ocrx_word' id='word_1_428' title='bbox 912 3340 1023 3382; x_wconf 91' lang='lat' dir='ltr'>cessare</span> <span class='ocrx_word' id='word_1_429' title='bbox 1078 3326 1164 3381; x_wconf 89' lang='lat' dir='ltr'>abbas</span> <span class='ocrx_word' id='word_1_430' title='bbox 1187 3326 1279 3383; x_wconf 88' lang='lat' dir='ltr'>Sancti</span> <span class='ocrx_word' id='word_1_431' title='bbox 1307 3326 1419 3394; x_wconf 89' lang='lat' dir='ltr'>Nicasii,</span> <span class='ocrx_word' id='word_1_432' title='bbox 1450 3328 1535 3384; x_wconf 89' lang='lat' dir='ltr'>Lucas</span> <span class='ocrx_word' id='word_1_433' title='bbox 1556 3329 1642 3385; x_wconf 88' lang='lat' dir='ltr'>abbas</span> <span class='ocrx_word' id='word_1_434' title='bbox 1666 3329 1880 3403; x_wconf 86' lang='lat' dir='ltr'>Cuasiacensis;</span> 
     </span>
     <span class='ocr_line' id='line_1_36' title="bbox 224 3413 1880 3491; baseline -0.001 -15"><span class='ocrx_word' id='word_1_435' title='bbox 224 3417 328 3491; x_wconf 86' lang='lat' dir='ltr'>coegit.</span> <span class='ocrx_word' id='word_1_436' title='bbox 348 3416 490 3473; x_wconf 84' lang='lat' dir='ltr'>Prohibuit</span> <span class='ocrx_word' id='word_1_437' title='bbox 504 3415 651 3471; x_wconf 88' lang='lat' dir='ltr'>nilominus</span> <span class='ocrx_word' id='word_1_438' title='bbox 665 3430 700 3471; x_wconf 90' lang='lat' dir='ltr'>ue</span> <span class='ocrx_word' id='word_1_439' title='bbox 715 3415 801 3470; x_wconf 88' lang='lat' dir='ltr'>abbas</span> <span class='ocrx_word' id='word_1_440' title='bbox 816 3415 922 3485; x_wconf 88' lang='lat' dir='ltr'>absque</span> <span class='ocrx_word' id='word_1_441' title='bbox 936 3414 1023 3486; x_wconf 85' lang='lat' dir='ltr'>ipsius</span> <span class='ocrx_word' id='word_1_442' title='bbox 1077 3413 1171 3471; x_wconf 89' lang='lat' dir='ltr'>clerici</span> <span class='ocrx_word' id='word_1_443' title='bbox 1186 3415 1355 3484; x_wconf 80' lang='lat' dir='ltr'>Remenses;</span> <span class='ocrx_word' id='word_1_444' title='bbox 1371 3416 1473 3473; x_wconf 88' lang='lat' dir='ltr'>Petrus</span> <span class='ocrx_word' id='word_1_445' title='bbox 1489 3417 1523 3473; x_wconf 92' lang='lat' dir='ltr'>de</span> <span class='ocrx_word' id='word_1_446' title='bbox 1538 3417 1706 3485; x_wconf 87' lang='lat' dir='ltr'>Curvavilla,</span> <span class='ocrx_word' id='word_1_447' title='bbox 1722 3420 1804 3486; x_wconf 85' lang='lat' dir='ltr'>Ruso,</span> <span class='ocrx_word' id='word_1_448' title='bbox 1821 3436 1880 3476; x_wconf 86' lang='lat' dir='ltr'>ma-</span> 
     </span>
     <span class='ocr_line' id='line_1_37' title="bbox 222 3503 1879 3581; baseline 0 -18"><span class='ocrx_word' id='word_1_449' title='bbox 222 3506 332 3563; x_wconf 83' lang='lat' dir='ltr'>boeotia</span> <span class='ocrx_word' id='word_1_450' title='bbox 345 3504 450 3577; x_wconf 89' lang='lat' dir='ltr'>lapides</span> <span class='ocrx_word' id='word_1_451' title='bbox 465 3504 568 3561; x_wconf 88' lang='lat' dir='ltr'>foderet</span> <span class='ocrx_word' id='word_1_452' title='bbox 582 3503 610 3558; x_wconf 91' lang='lat' dir='ltr'>in</span> <span class='ocrx_word' id='word_1_453' title='bbox 625 3504 762 3560; x_wconf 89' lang='lat' dir='ltr'>montibus</span> <span class='ocrx_word' id='word_1_454' title='bbox 785 3518 904 3576; x_wconf 88' lang='lat' dir='ltr'>quornm</span> <span class='ocrx_word' id='word_1_455' title='bbox 930 3511 1022 3558; x_wconf 88' lang='lat' dir='ltr'>tamen</span> <span class='ocrx_word' id='word_1_456' title='bbox 1078 3503 1164 3575; x_wconf 88' lang='lat' dir='ltr'>gister</span> <span class='ocrx_word' id='word_1_457' title='bbox 1188 3504 1349 3573; x_wconf 70' lang='lat' dir='ltr'>amalricus,</span> <span class='ocrx_word' id='word_1_458' title='bbox 1379 3506 1511 3578; x_wconf 89' lang='lat' dir='ltr'>magister</span> <span class='ocrx_word' id='word_1_459' title='bbox 1538 3506 1715 3575; x_wconf 88' lang='lat' dir='ltr'>lleruardus,</span> <span class='ocrx_word' id='word_1_460' title='bbox 1746 3508 1879 3581; x_wconf 79' lang='lat' dir='ltr'>magister</span> 
     </span>
     <span class='ocr_line' id='line_1_38' title="bbox 223 3590 1876 3667; baseline 0 -15"><span class='ocrx_word' id='word_1_461' title='bbox 223 3603 252 3653; x_wconf 92' lang='lat' dir='ltr'>et</span> <span class='ocrx_word' id='word_1_462' title='bbox 266 3596 386 3651; x_wconf 92' lang='lat' dir='ltr'>bannum</span> <span class='ocrx_word' id='word_1_463' title='bbox 400 3601 495 3661; x_wconf 88' lang='lat' dir='ltr'>totum,</span> <span class='ocrx_word' id='word_1_464' title='bbox 512 3602 539 3649; x_wconf 91' lang='lat' dir='ltr'>et</span> <span class='ocrx_word' id='word_1_465' title='bbox 548 3592 694 3662; x_wconf 85' lang='lat' dir='ltr'>justitiam,</span> <span class='ocrx_word' id='word_1_466' title='bbox 720 3600 747 3648; x_wconf 90' lang='lat' dir='ltr'>et</span> <span class='ocrx_word' id='word_1_467' title='bbox 764 3608 796 3649; x_wconf 87' lang='lat' dir='ltr'>ex</span> <span class='ocrx_word' id='word_1_468' title='bbox 821 3590 919 3661; x_wconf 81' lang='lat' dir='ltr'>majori</span> <span class='ocrx_word' id='word_1_469' title='bbox 936 3596 1016 3663; x_wconf 91' lang='lat' dir='ltr'>parte</span> <span class='ocrx_word' id='word_1_470' title='bbox 1078 3590 1171 3659; x_wconf 87' lang='lat' dir='ltr'>Fulco,</span> <span class='ocrx_word' id='word_1_471' title='bbox 1181 3593 1325 3649; x_wconf 91' lang='lat' dir='ltr'>Lctbertus</span> <span class='ocrx_word' id='word_1_472' title='bbox 1339 3594 1469 3659; x_wconf 87' lang='lat' dir='ltr'>decanus,</span> <span class='ocrx_word' id='word_1_473' title='bbox 1483 3594 1582 3651; x_wconf 87' lang='lat' dir='ltr'>Clerici</span> <span class='ocrx_word' id='word_1_474' title='bbox 1592 3596 1808 3667; x_wconf 76' lang='lat' dir='ltr'>laudunenses,</span> <span class='ocrx_word' id='word_1_475' title='bbox 1824 3597 1876 3654; x_wconf 87' lang='lat' dir='ltr'>Dei</span> 
     </span>
     <span class='ocr_line' id='line_1_39' title="bbox 221 3680 1876 3755; baseline 0.001 -15"><span class='ocrx_word' id='word_1_476' title='bbox 221 3683 337 3741; x_wconf 89' lang='lat' dir='ltr'>fundum</span> <span class='ocrx_word' id='word_1_477' title='bbox 351 3690 441 3750; x_wconf 77' lang='lat' dir='ltr'>terra,</span> <span class='ocrx_word' id='word_1_478' title='bbox 457 3681 576 3739; x_wconf 88' lang='lat' dir='ltr'>ecclesia</span> <span class='ocrx_word' id='word_1_479' title='bbox 588 3681 684 3739; x_wconf 86' lang='lat' dir='ltr'>Sancti</span> <span class='ocrx_word' id='word_1_480' title='bbox 698 3680 859 3737; x_wconf 87' lang='lat' dir='ltr'>Theoderici</span> <span class='ocrx_word' id='word_1_481' title='bbox 874 3680 1020 3737; x_wconf 71' lang='lat' dir='ltr'>haeredita-</span> <span class='ocrx_word' id='word_1_482' title='bbox 1075 3680 1188 3749; x_wconf 90' lang='lat' dir='ltr'>amicus,</span> <span class='ocrx_word' id='word_1_483' title='bbox 1204 3680 1341 3751; x_wconf 79' lang='lat' dir='ltr'>locellus,</span> <span class='ocrx_word' id='word_1_484' title='bbox 1357 3682 1507 3739; x_wconf 83' lang='lat' dir='ltr'>Herbertus</span> <span class='ocrx_word' id='word_1_485' title='bbox 1528 3682 1712 3755; x_wconf 85' lang='lat' dir='ltr'>subdecanus,</span> <span class='ocrx_word' id='word_1_486' title='bbox 1750 3684 1826 3742; x_wconf 81' lang='lat' dir='ltr'>aczo</span> <span class='ocrx_word' id='word_1_487' title='bbox 1841 3686 1876 3741; x_wconf 94' lang='lat' dir='ltr'>de</span> 
     </span>
    </p>
   </div>
   <div class='ocr_carea' id='block_1_3' title="bbox 222 3770 1419 3846">
    <p class='ocr_par' dir='ltr' id='par_1_6' title="bbox 222 3770 1419 3846">
     <span class='ocr_line' id='line_1_40' title="bbox 222 3770 1419 3846; baseline -0.003 -15"><span class='ocrx_word' id='word_1_488' title='bbox 222 3773 265 3831; x_wconf 89' lang='lat' dir='ltr'>rio</span> <span class='ocrx_word' id='word_1_489' title='bbox 275 3772 347 3845; x_wconf 83' lang='lat' dir='ltr'>jure,</span> <span class='ocrx_word' id='word_1_490' title='bbox 363 3772 487 3846; x_wconf 88' lang='lat' dir='ltr'>legitima</span> <span class='ocrx_word' id='word_1_491' title='bbox 501 3771 687 3845; x_wconf 85' lang='lat' dir='ltr'>possessione,</span> <span class='ocrx_word' id='word_1_492' title='bbox 702 3770 788 3827; x_wconf 88' lang='lat' dir='ltr'>tenuit</span> <span class='ocrx_word' id='word_1_493' title='bbox 811 3778 838 3827; x_wconf 91' lang='lat' dir='ltr'>et</span> <span class='ocrx_word' id='word_1_494' title='bbox 861 3776 943 3835; x_wconf 90' lang='lat' dir='ltr'>tenet,</span> <span class='ocrx_word' id='word_1_495' title='bbox 961 3784 1021 3841; x_wconf 89' lang='lat' dir='ltr'>pos-</span> <span class='ocrx_word' id='word_1_496' title='bbox 1077 3770 1189 3841; x_wconf 89' lang='lat' dir='ltr'>Rcceio,</span> <span class='ocrx_word' id='word_1_497' title='bbox 1206 3778 1232 3827; x_wconf 88' lang='lat' dir='ltr'>et</span> <span class='ocrx_word' id='word_1_498' title='bbox 1245 3772 1419 3844; x_wconf 87' lang='lat' dir='ltr'>Radulpbus.</span> 
     </span>
    </p>
   </div>
   <div class='ocr_carea' id='block_1_4' title="bbox 242 1598 1039 1682">
    <p class='ocr_par' dir='ltr' id='par_1_7' title="bbox 242 1598 1039 1682">
     <span class='ocr_line' id='line_1_41' title="bbox 242 1598 1039 1682; baseline -0.011 -17"><span class='ocrx_word' id='word_1_499' title='bbox 242 1601 491 1682; x_wconf 64' lang='lat' dir='ltr'>[Vxxmdrcbfues</span> <span class='ocrx_word' id='word_1_500' title='bbox 498 1600 743 1660; x_wconf 63' lang='lat' dir='ltr'>administrativa</span> <span class='ocrx_word' id='word_1_501' title='bbox 752 1601 785 1659; x_wconf 90' lang='lat' dir='ltr'>de</span> <span class='ocrx_word' id='word_1_502' title='bbox 794 1602 896 1669; x_wconf 80' lang='lat' dir='ltr'>Reims,</span> <span class='ocrx_word' id='word_1_503' title='bbox 903 1601 925 1671; x_wconf 96' lang='lat' dir='ltr'>l,</span> <span class='ocrx_word' id='word_1_504' title='bbox 935 1598 1039 1675; x_wconf 76' lang='lat' dir='ltr'>p.290}.</span> 
     </span>
    </p>
   </div>
   <div class='ocr_carea' id='block_1_5' title="bbox 220 3857 1876 4292">
    <p class='ocr_par' dir='ltr' id='par_1_8' title="bbox 222 3857 1210 3933">
     <span class='ocr_line' id='line_1_42' title="bbox 222 3857 1210 3933; baseline -0.004 -14"><span class='ocrx_word' id='word_1_505' title='bbox 222 3862 294 3919; x_wconf 88' lang='lat' dir='ltr'>sedit</span> <span class='ocrx_word' id='word_1_506' title='bbox 307 3869 335 3919; x_wconf 93' lang='lat' dir='ltr'>et</span> <span class='ocrx_word' id='word_1_507' title='bbox 347 3862 481 3933; x_wconf 88' lang='lat' dir='ltr'>possidet.</span> <span class='ocrx_word' id='word_1_508' title='bbox 496 3862 555 3918; x_wconf 86' lang='lat' dir='ltr'>lloc</span> <span class='ocrx_word' id='word_1_509' title='bbox 568 3868 658 3917; x_wconf 90' lang='lat' dir='ltr'>autern</span> <span class='ocrx_word' id='word_1_510' title='bbox 673 3859 832 3931; x_wconf 89' lang='lat' dir='ltr'>prohibens,</span> <span class='ocrx_word' id='word_1_511' title='bbox 855 3857 1020 3930; x_wconf 90' lang='lat' dir='ltr'>probibitio·</span> <span class='ocrx_word' id='word_1_512' title='bbox 1112 3858 1187 3915; x_wconf 91' lang='lat' dir='ltr'>Laici</span> <span class='ocrx_word' id='word_1_513' title='bbox 1203 3877 1210 3915; x_wconf 92' lang='lat'><strong>:</strong></span> 
     </span>
    </p>

    <p class='ocr_par' dir='ltr' id='par_1_9' title="bbox 220 3946 1876 4292">
     <span class='ocr_line' id='line_1_43' title="bbox 220 3946 1875 4025; baseline 0.001 -17"><span class='ocrx_word' id='word_1_514' title='bbox 220 3966 273 4008; x_wconf 88' lang='lat' dir='ltr'>nes</span> <span class='ocrx_word' id='word_1_515' title='bbox 287 3966 351 4007; x_wconf 87' lang='lat' dir='ltr'>suas</span> <span class='ocrx_word' id='word_1_516' title='bbox 365 3952 415 4009; x_wconf 89' lang='lat' dir='ltr'>hac</span> <span class='ocrx_word' id='word_1_517' title='bbox 429 3949 603 4007; x_wconf 84' lang='lat' dir='ltr'>solummodo</span> <span class='ocrx_word' id='word_1_518' title='bbox 626 3948 740 4005; x_wconf 86' lang='lat' dir='ltr'>munivit</span> <span class='ocrx_word' id='word_1_519' title='bbox 767 3946 922 4015; x_wconf 88' lang='lat' dir='ltr'>occasione,</span> <span class='ocrx_word' id='word_1_520' title='bbox 946 3946 1021 4019; x_wconf 90' lang='lat' dir='ltr'>quod</span> <span class='ocrx_word' id='word_1_521' title='bbox 1111 3948 1191 4021; x_wconf 84' lang='lat' dir='ltr'>llugo</span> <span class='ocrx_word' id='word_1_522' title='bbox 1206 3948 1356 4018; x_wconf 79' lang='lat' dir='ltr'>coxardus,</span> <span class='ocrx_word' id='word_1_523' title='bbox 1378 3949 1531 4019; x_wconf 82' lang='lat' dir='ltr'>otrannus,</span> <span class='ocrx_word' id='word_1_524' title='bbox 1565 3950 1684 4008; x_wconf 91' lang='lat' dir='ltr'>Thomas</span> <span class='ocrx_word' id='word_1_525' title='bbox 1709 3950 1744 4009; x_wconf 91' lang='lat' dir='ltr'>de</span> <span class='ocrx_word' id='word_1_526' title='bbox 1771 3952 1875 4025; x_wconf 83' lang='lat' dir='ltr'>Rebas,</span> 
     </span>
     <span class='ocr_line' id='line_1_44' title="bbox 220 4035 1849 4110; baseline 0.001 -14"><span class='ocrx_word' id='word_1_527' title='bbox 220 4039 293 4096; x_wconf 89' lang='lat' dir='ltr'>iufra</span> <span class='ocrx_word' id='word_1_528' title='bbox 306 4041 367 4098; x_wconf 86' lang='lat' dir='ltr'>vice</span> <span class='ocrx_word' id='word_1_529' title='bbox 381 4040 539 4097; x_wconf 86' lang='lat' dir='ltr'>comitatum</span> <span class='ocrx_word' id='word_1_530' title='bbox 554 4038 613 4109; x_wconf 84' lang='lat' dir='ltr'>ejus</span> <span class='ocrx_word' id='word_1_531' title='bbox 627 4044 734 4095; x_wconf 88' lang='lat' dir='ltr'>montes</span> <span class='ocrx_word' id='word_1_532' title='bbox 749 4036 789 4091; x_wconf 93' lang='lat' dir='ltr'>illi</span> <span class='ocrx_word' id='word_1_533' title='bbox 803 4053 865 4092; x_wconf 91' lang='lat' dir='ltr'>esse</span> <span class='ocrx_word' id='word_1_534' title='bbox 879 4036 1018 4092; x_wconf 89' lang='lat' dir='ltr'>dicuntur.</span> <span class='ocrx_word' id='word_1_535' title='bbox 1075 4035 1220 4093; x_wconf 89' lang='lat' dir='ltr'>Gualterus</span> <span class='ocrx_word' id='word_1_536' title='bbox 1235 4055 1321 4110; x_wconf 90' lang='lat' dir='ltr'>nepos</span> <span class='ocrx_word' id='word_1_537' title='bbox 1335 4038 1404 4109; x_wconf 90' lang='lat' dir='ltr'>ejus,</span> <span class='ocrx_word' id='word_1_538' title='bbox 1420 4037 1549 4097; x_wconf 84' lang='lat' dir='ltr'>Ertaldus</span> <span class='ocrx_word' id='word_1_539' title='bbox 1564 4039 1599 4098; x_wconf 92' lang='lat' dir='ltr'>de</span> <span class='ocrx_word' id='word_1_540' title='bbox 1615 4041 1725 4109; x_wconf 88' lang='lat' dir='ltr'>Roceio,</span> <span class='ocrx_word' id='word_1_541' title='bbox 1742 4041 1849 4098; x_wconf 84' lang='lat' dir='ltr'>Helias.</span> 
     </span>
     <span class='ocr_line' id='line_1_45' title="bbox 221 4123 1876 4202; baseline 0.002 -19"><span class='ocrx_word' id='word_1_542' title='bbox 221 4128 270 4184; x_wconf 86' lang='lat' dir='ltr'>His</span> <span class='ocrx_word' id='word_1_543' title='bbox 295 4128 407 4202; x_wconf 84' lang='lat' dir='ltr'>quidam</span> <span class='ocrx_word' id='word_1_544' title='bbox 435 4143 518 4200; x_wconf 88' lang='lat' dir='ltr'>super</span> <span class='ocrx_word' id='word_1_545' title='bbox 540 4125 657 4197; x_wconf 85' lang='lat' dir='ltr'>injuriis,</span> <span class='ocrx_word' id='word_1_546' title='bbox 679 4123 858 4182; x_wconf 88' lang='lat' dir='ltr'>charissimus</span> <span class='ocrx_word' id='word_1_547' title='bbox 881 4124 1020 4181; x_wconf 85' lang='lat' dir='ltr'>confrater</span> <span class='ocrx_word' id='word_1_548' title='bbox 1110 4128 1207 4183; x_wconf 78' lang='lat' dir='ltr'>dotum</span> <span class='ocrx_word' id='word_1_549' title='bbox 1222 4126 1409 4195; x_wconf 70' lang='lat' dir='ltr'>Remissane</span> <span class='ocrx_word' id='word_1_550' title='bbox 1431 4128 1566 4185; x_wconf 89' lang='lat' dir='ltr'>incarnati</span> <span class='ocrx_word' id='word_1_551' title='bbox 1590 4128 1676 4185; x_wconf 90' lang='lat' dir='ltr'>Verbi</span> <span class='ocrx_word' id='word_1_552' title='bbox 1697 4132 1776 4199; x_wconf 77' lang='lat' dir='ltr'>flet,</span> <span class='ocrx_word' id='word_1_553' title='bbox 1800 4130 1876 4187; x_wconf 90' lang='lat' dir='ltr'>indi-</span> 
     </span>
     <span class='ocr_line' id='line_1_46' title="bbox 220 4212 1875 4292; baseline 0.002 -20"><span class='ocrx_word' id='word_1_554' title='bbox 220 4224 318 4273; x_wconf 91' lang='lat' dir='ltr'>noater</span> <span class='ocrx_word' id='word_1_555' title='bbox 345 4215 564 4272; x_wconf 85' lang='lat' dir='ltr'>Bartholomaeus</span> <span class='ocrx_word' id='word_1_556' title='bbox 599 4212 765 4270; x_wconf 87' lang='lat' dir='ltr'>venerabilis</span> <span class='ocrx_word' id='word_1_557' title='bbox 799 4212 1019 4269; x_wconf 79' lang='lat' dir='ltr'>laudunensium</span> <span class='ocrx_word' id='word_1_558' title='bbox 1074 4214 1163 4271; x_wconf 88' lang='lat' dir='ltr'>ctione</span> <span class='ocrx_word' id='word_1_559' title='bbox 1189 4230 1248 4283; x_wconf 86' lang='lat' dir='ltr'>xv,</span> <span class='ocrx_word' id='word_1_560' title='bbox 1275 4222 1410 4291; x_wconf 87' lang='lat' dir='ltr'>regnante</span> <span class='ocrx_word' id='word_1_561' title='bbox 1438 4216 1576 4273; x_wconf 85' lang='lat' dir='ltr'>Ludovioo</span> <span class='ocrx_word' id='word_1_562' title='bbox 1607 4218 1777 4276; x_wconf 85' lang='lat' dir='ltr'>Francorum</span> <span class='ocrx_word' id='word_1_563' title='bbox 1804 4234 1875 4292; x_wconf 79' lang='lat' dir='ltr'>rege</span> 
     </span>
    </p>
   </div>
   <div class='ocr_carea' id='block_1_6' title="bbox 220 4300 1968 4379">
    <p class='ocr_par' dir='ltr' id='par_1_10' title="bbox 220 4300 1968 4379">
     <span class='ocr_line' id='line_1_47' title="bbox 220 4300 1968 4379; baseline 0 -18"><span class='ocrx_word' id='word_1_564' title='bbox 220 4304 378 4379; x_wconf 87' lang='lat' dir='ltr'>episcopus,</span> <span class='ocrx_word' id='word_1_565' title='bbox 394 4303 541 4360; x_wconf 86' lang='lat' dir='ltr'>Girardnm</span> <span class='ocrx_word' id='word_1_566' title='bbox 556 4302 751 4376; x_wconf 85' lang='lat' dir='ltr'>parochianum</span> <span class='ocrx_word' id='word_1_567' title='bbox 779 4317 858 4357; x_wconf 88' lang='lat' dir='ltr'>suum</span> <span class='ocrx_word' id='word_1_568' title='bbox 886 4316 919 4357; x_wconf 90' lang='lat' dir='ltr'>ex</span> <span class='ocrx_word' id='word_1_569' title='bbox 946 4300 1019 4373; x_wconf 82' lang='lat' dir='ltr'>poti-</span> <span class='ocrx_word' id='word_1_570' title='bbox 1074 4318 1145 4359; x_wconf 92' lang='lat' dir='ltr'>anno</span> <span class='ocrx_word' id='word_1_571' title='bbox 1167 4317 1250 4371; x_wconf 91' lang='lat' dir='ltr'>xxx,</span> <span class='ocrx_word' id='word_1_572' title='bbox 1279 4304 1533 4376; x_wconf 87' lang='lat' dir='ltr'>archiepiscopatus</span> <span class='ocrx_word' id='word_1_573' title='bbox 1562 4311 1655 4363; x_wconf 87' lang='lat' dir='ltr'>autem</span> <span class='ocrx_word' id='word_1_574' title='bbox 1682 4305 1785 4363; x_wconf 89' lang='lat' dir='ltr'>domini</span> <span class='ocrx_word' id='word_1_575' title='bbox 1812 4307 1876 4364; x_wconf 86' lang='lat' dir='ltr'>Rai—</span> <span class='ocrx_word' id='word_1_576' title='bbox 1967 4374 1968 4379; x_wconf 8' lang='grc' dir='ltr'>η</span> 
     </span>
    </p>
   </div>
   <div class='ocr_carea' id='block_1_7' title="bbox 210 4388 1968 5805">
    <p class='ocr_par' dir='ltr' id='par_1_11' title="bbox 218 4388 1968 4644">
     <span class='ocr_line' id='line_1_48' title="bbox 220 4388 1400 4464; baseline -0.002 -15"><span class='ocrx_word' id='word_1_577' title='bbox 220 4390 295 4449; x_wconf 88' lang='lat' dir='ltr'>lione</span> <span class='ocrx_word' id='word_1_578' title='bbox 308 4391 412 4447; x_wconf 88' lang='lat' dir='ltr'>abbatis</span> <span class='ocrx_word' id='word_1_579' title='bbox 439 4392 467 4447; x_wconf 91' lang='lat' dir='ltr'>in</span> <span class='ocrx_word' id='word_1_580' title='bbox 495 4391 640 4464; x_wconf 72' lang='lat' dir='ltr'>presentia</span> <span class='ocrx_word' id='word_1_581' title='bbox 668 4398 762 4447; x_wconf 88' lang='lat' dir='ltr'>nostra</span> <span class='ocrx_word' id='word_1_582' title='bbox 788 4390 930 4447; x_wconf 88' lang='lat' dir='ltr'>convenit.</span> <span class='ocrx_word' id='word_1_583' title='bbox 964 4388 1018 4457; x_wconf 86' lang='lat' dir='ltr'>Qui</span> <span class='ocrx_word' id='word_1_584' title='bbox 1074 4392 1354 4463; x_wconf 87' lang='lat' dir='ltr'>naldiu,annox11.</span> <span class='ocrx_word' id='word_1_585' title='bbox 1398 4432 1400 4437; x_wconf 72' lang='lat'><em>·</em></span> 
     </span>
     <span class='ocr_line' id='line_1_49' title="bbox 219 4468 1968 4558; baseline 0.002 -20"><span class='ocrx_word' id='word_1_586' title='bbox 219 4495 367 4554; x_wconf 89' lang='lat' dir='ltr'>cumpace</span> <span class='ocrx_word' id='word_1_587' title='bbox 381 4495 555 4555; x_wconf 88' lang='lat' dir='ltr'>nequaquam</span> <span class='ocrx_word' id='word_1_588' title='bbox 582 4479 781 4553; x_wconf 87' lang='lat' dir='ltr'>acquiesceret,</span> <span class='ocrx_word' id='word_1_589' title='bbox 810 4478 884 4535; x_wconf 89' lang='lat' dir='ltr'>diem</span> <span class='ocrx_word' id='word_1_590' title='bbox 911 4468 1061 4549; x_wconf 90' lang='lat' dir='ltr'>accepitD</span> <span class='ocrx_word' id='word_1_591' title='bbox 1109 4480 1205 4555; x_wconf 77' lang='lat' dir='ltr'>Droga</span> <span class='ocrx_word' id='word_1_592' title='bbox 1220 4479 1402 4540; x_wconf 90' lang='lat' dir='ltr'>cancellarius</span> <span class='ocrx_word' id='word_1_593' title='bbox 1424 4481 1595 4557; x_wconf 80' lang='lat' dir='ltr'>recognovit,</span> <span class='ocrx_word' id='word_1_594' title='bbox 1622 4483 1731 4558; x_wconf 90' lang='lat' dir='ltr'>scripsit</span> <span class='ocrx_word' id='word_1_595' title='bbox 1754 4492 1782 4542; x_wconf 90' lang='lat' dir='ltr'>et</span> <span class='ocrx_word' id='word_1_596' title='bbox 1804 4484 1871 4541; x_wconf 85' lang='lat' dir='ltr'>snb·</span> <span class='ocrx_word' id='word_1_597' title='bbox 1967 4528 1968 4533; x_wconf 18' lang='grc' dir='ltr'>η</span> 
     </span>
     <span class='ocr_line' id='line_1_50' title="bbox 218 4566 1191 4644; baseline -0.003 -18"><span class='ocrx_word' id='word_1_598' title='bbox 218 4569 247 4626; x_wconf 90' lang='lat' dir='ltr'>in</span> <span class='ocrx_word' id='word_1_599' title='bbox 263 4584 318 4644; x_wconf 83' lang='lat' dir='ltr'>qna</span> <span class='ocrx_word' id='word_1_600' title='bbox 340 4568 469 4626; x_wconf 79' lang='lat' dir='ltr'>attentius</span> <span class='ocrx_word' id='word_1_601' title='bbox 486 4568 522 4625; x_wconf 88' lang='lat' dir='ltr'>de</span> <span class='ocrx_word' id='word_1_602' title='bbox 550 4567 626 4640; x_wconf 87' lang='lat' dir='ltr'>pacis</span> <span class='ocrx_word' id='word_1_603' title='bbox 652 4569 725 4625; x_wconf 89' lang='lat' dir='ltr'>inter</span> <span class='ocrx_word' id='word_1_604' title='bbox 751 4583 800 4625; x_wconf 90' lang='lat' dir='ltr'>eos</span> <span class='ocrx_word' id='word_1_605' title='bbox 823 4566 1017 4625; x_wconf 76' lang='lat' dir='ltr'>reformatione</span> <span class='ocrx_word' id='word_1_606' title='bbox 1072 4566 1191 4639; x_wconf 86' lang='lat' dir='ltr'>scripsit.</span> 
     </span>
    </p>

    <p class='ocr_par' dir='ltr' id='par_1_12' title="bbox 215 4656 1490 5174">
     <span class='ocr_line' id='line_1_51' title="bbox 218 4656 1490 4731; baseline -0.005 -16"><span class='ocrx_word' id='word_1_607' title='bbox 218 4664 391 4715; x_wconf 84' lang='lat' dir='ltr'>tractaretur.</span> <span class='ocrx_word' id='word_1_608' title='bbox 415 4657 458 4713; x_wconf 75' lang='lat' dir='ltr'>Ad</span> <span class='ocrx_word' id='word_1_609' title='bbox 475 4658 549 4712; x_wconf 87' lang='lat' dir='ltr'>benc</span> <span class='ocrx_word' id='word_1_610' title='bbox 571 4663 662 4713; x_wconf 86' lang='lat' dir='ltr'>autem</span> <span class='ocrx_word' id='word_1_611' title='bbox 689 4656 783 4713; x_wconf 90' lang='lat' dir='ltr'>venire</span> <span class='ocrx_word' id='word_1_612' title='bbox 801 4656 1015 4728; x_wconf 80' lang='lat' dir='ltr'>parvipendens,</span> <span class='ocrx_word' id='word_1_613' title='bbox 1438 4674 1490 4731; x_wconf 61' lang='lat' dir='ltr'>XL</span> 
     </span>
     <span class='ocr_line' id='line_1_52' title="bbox 218 4744 1014 4820; baseline -0.005 -17"><span class='ocrx_word' id='word_1_614' title='bbox 218 4746 316 4805; x_wconf 91' lang='lat' dir='ltr'>iterum</span> <span class='ocrx_word' id='word_1_615' title='bbox 326 4754 408 4820; x_wconf 87' lang='lat' dir='ltr'>atque</span> <span class='ocrx_word' id='word_1_616' title='bbox 420 4746 501 4803; x_wconf 87' lang='lat' dir='ltr'>tertio</span> <span class='ocrx_word' id='word_1_617' title='bbox 515 4744 587 4803; x_wconf 91' lang='lat' dir='ltr'>diem</span> <span class='ocrx_word' id='word_1_618' title='bbox 603 4744 718 4818; x_wconf 86' lang='lat' dir='ltr'>accepit.</span> <span class='ocrx_word' id='word_1_619' title='bbox 730 4744 787 4802; x_wconf 90' lang='lat' dir='ltr'>Sed</span> <span class='ocrx_word' id='word_1_620' title='bbox 800 4761 891 4818; x_wconf 85' lang='lat' dir='ltr'>neque</span> <span class='ocrx_word' id='word_1_621' title='bbox 904 4746 1014 4813; x_wconf 92' lang='lat' dir='ltr'>iterum,</span> 
     </span>
     <span class='ocr_line' id='line_1_53' title="bbox 217 4833 1014 4910; baseline -0.005 -17"><span class='ocrx_word' id='word_1_622' title='bbox 217 4852 307 4910; x_wconf 85' lang='lat' dir='ltr'>neque</span> <span class='ocrx_word' id='word_1_623' title='bbox 321 4836 398 4893; x_wconf 90' lang='lat' dir='ltr'>tertio</span> <span class='ocrx_word' id='word_1_624' title='bbox 411 4834 504 4893; x_wconf 88' lang='lat' dir='ltr'>venire</span> <span class='ocrx_word' id='word_1_625' title='bbox 519 4833 639 4891; x_wconf 92' lang='lat' dir='ltr'>curavit.</span> <span class='ocrx_word' id='word_1_626' title='bbox 658 4833 727 4891; x_wconf 84' lang='lat' dir='ltr'>Cum</span> <span class='ocrx_word' id='word_1_627' title='bbox 745 4833 830 4908; x_wconf 86' lang='lat' dir='ltr'>igitur</span> <span class='ocrx_word' id='word_1_628' title='bbox 848 4850 899 4891; x_wconf 91' lang='lat' dir='ltr'>nec</span> <span class='ocrx_word' id='word_1_629' title='bbox 918 4834 965 4891; x_wconf 91' lang='lat' dir='ltr'>ille</span> <span class='ocrx_word' id='word_1_630' title='bbox 979 4834 1014 4889; x_wconf 90' lang='lat' dir='ltr'>ab</span> 
     </span>
     <span class='ocr_line' id='line_1_54' title="bbox 216 4922 1014 4998; baseline -0.003 -17"><span class='ocrx_word' id='word_1_631' title='bbox 216 4922 328 4998; x_wconf 74' lang='lat' dir='ltr'>injuria,</span> <span class='ocrx_word' id='word_1_632' title='bbox 342 4940 394 4982; x_wconf 86' lang='lat' dir='ltr'>nee</span> <span class='ocrx_word' id='word_1_633' title='bbox 405 4923 492 4981; x_wconf 85' lang='lat' dir='ltr'>abbas</span> <span class='ocrx_word' id='word_1_634' title='bbox 508 4940 525 4979; x_wconf 90' lang='lat' dir='ltr'>a</span> <span class='ocrx_word' id='word_1_635' title='bbox 548 4922 669 4981; x_wconf 90' lang='lat' dir='ltr'>clamore</span> <span class='ocrx_word' id='word_1_636' title='bbox 689 4923 846 4991; x_wconf 87' lang='lat' dir='ltr'>desisteret,</span> <span class='ocrx_word' id='word_1_637' title='bbox 871 4922 1014 4980; x_wconf 85' lang='lat' dir='ltr'>mandavi·-</span> 
     </span>
     <span class='ocr_line' id='line_1_55' title="bbox 215 5012 1350 5111; baseline -0.003 -41"><span class='ocrx_word' id='word_1_638' title='bbox 215 5028 278 5070; x_wconf 87' lang='lat' dir='ltr'>mns</span> <span class='ocrx_word' id='word_1_639' title='bbox 299 5013 429 5086; x_wconf 86' lang='lat' dir='ltr'>episcopo</span> <span class='ocrx_word' id='word_1_640' title='bbox 454 5021 592 5086; x_wconf 89' lang='lat' dir='ltr'>quatenus</span> <span class='ocrx_word' id='word_1_641' title='bbox 614 5012 705 5069; x_wconf 87' lang='lat' dir='ltr'>locum</span> <span class='ocrx_word' id='word_1_642' title='bbox 736 5020 764 5068; x_wconf 90' lang='lat' dir='ltr'>et</span> <span class='ocrx_word' id='word_1_643' title='bbox 793 5020 900 5084; x_wconf 89' lang='lat' dir='ltr'>tempus</span> <span class='ocrx_word' id='word_1_644' title='bbox 922 5020 1014 5084; x_wconf 87' lang='lat' dir='ltr'>aptum</span> <span class='ocrx_word' id='word_1_645' title='bbox 1107 5052 1191 5111; x_wconf 54' lang='lat' dir='ltr'>Male,</span> <span class='ocrx_word' id='word_1_646' title='bbox 1206 5068 1243 5110; x_wconf 59' lang='lat' dir='ltr'><strong><em>w</em></strong></span> <span class='ocrx_word' id='word_1_647' title='bbox 1258 5052 1350 5111; x_wconf 62' lang='lat' dir='ltr'>anm</span> 
     </span>
     <span class='ocr_line' id='line_1_56' title="bbox 215 5094 1364 5174; baseline -0.004 -13"><span class='ocrx_word' id='word_1_648' title='bbox 215 5102 403 5171; x_wconf 87' lang='lat' dir='ltr'>constitueret,</span> <span class='ocrx_word' id='word_1_649' title='bbox 418 5101 465 5159; x_wconf 91' lang='lat' dir='ltr'>ubi</span> <span class='ocrx_word' id='word_1_650' title='bbox 490 5102 595 5174; x_wconf 83' lang='lat' dir='ltr'>pariter</span> <span class='ocrx_word' id='word_1_651' title='bbox 614 5102 695 5158; x_wconf 90' lang='lat' dir='ltr'>nobis</span> <span class='ocrx_word' id='word_1_652' title='bbox 717 5102 954 5169; x_wconf 88' lang='lat' dir='ltr'>convenientibus,</span> <span class='ocrx_word' id='word_1_653' title='bbox 970 5100 1014 5157; x_wconf 92' lang='lat' dir='ltr'>al·</span> <span class='ocrx_word' id='word_1_654' title='bbox 1356 5094 1364 5110; x_wconf 75' lang='lat'><em>⁶</em></span> 
     </span>
    </p>

    <p class='ocr_par' dir='ltr' id='par_1_13' title="bbox 212 5162 1564 5260">
     <span class='ocr_line' id='line_1_57' title="bbox 212 5162 1564 5260; baseline -0.002 -11"><span class='ocrx_word' id='word_1_655' title='bbox 212 5191 327 5249; x_wconf 85' lang='lat' dir='ltr'>teroatio</span> <span class='ocrx_word' id='word_1_656' title='bbox 341 5191 388 5247; x_wconf 89' lang='lat' dir='ltr'>illa</span> <span class='ocrx_word' id='word_1_657' title='bbox 403 5188 487 5247; x_wconf 89' lang='lat' dir='ltr'>finem</span> <span class='ocrx_word' id='word_1_658' title='bbox 509 5191 632 5249; x_wconf 84' lang='lat' dir='ltr'>debitum</span> <span class='ocrx_word' id='word_1_659' title='bbox 653 5190 756 5260; x_wconf 88' lang='lat' dir='ltr'>judicio</span> <span class='ocrx_word' id='word_1_660' title='bbox 780 5192 933 5247; x_wconf 87' lang='lat' dir='ltr'>sortiretur.</span> <span class='ocrx_word' id='word_1_661' title='bbox 962 5188 1013 5247; x_wconf 77' lang='lat' dir='ltr'>aa·</span> <span class='ocrx_word' id='word_1_662' title='bbox 1368 5162 1564 5237; x_wconf 54' lang='lat' dir='ltr'>(mummi</span> 
     </span>
    </p>

    <p class='ocr_par' dir='ltr' id='par_1_14' title="bbox 214 5260 1727 5353">
     <span class='ocr_line' id='line_1_58' title="bbox 214 5260 1727 5353; baseline 0.003 -17"><span class='ocrx_word' id='word_1_663' title='bbox 214 5287 343 5353; x_wconf 83' lang='lat' dir='ltr'>utumque</span> <span class='ocrx_word' id='word_1_664' title='bbox 355 5288 398 5337; x_wconf 87' lang='lat' dir='ltr'>est</span> <span class='ocrx_word' id='word_1_665' title='bbox 411 5281 459 5347; x_wconf 89' lang='lat' dir='ltr'>ita,</span> <span class='ocrx_word' id='word_1_666' title='bbox 476 5288 503 5336; x_wconf 87' lang='lat' dir='ltr'>et</span> <span class='ocrx_word' id='word_1_667' title='bbox 515 5280 551 5336; x_wconf 91' lang='lat' dir='ltr'>ad</span> <span class='ocrx_word' id='word_1_668' title='bbox 565 5296 677 5337; x_wconf 86' lang='lat' dir='ltr'>erucem</span> <span class='ocrx_word' id='word_1_669' title='bbox 691 5296 753 5353; x_wconf 78' lang='lat' dir='ltr'>que</span> <span class='ocrx_word' id='word_1_670' title='bbox 766 5279 866 5337; x_wconf 89' lang='lat' dir='ltr'>dicitur</span> <span class='ocrx_word' id='word_1_671' title='bbox 890 5278 1012 5351; x_wconf 81' lang='lat' dir='ltr'>Raymo-</span> <span class='ocrx_word' id='word_1_672' title='bbox 1209 5260 1321 5337; x_wconf 64' lang='lat' dir='ltr'>[Vim.</span> <span class='ocrx_word' id='word_1_673' title='bbox 1335 5264 1475 5335; x_wconf 55' lang='lat' dir='ltr'>divisiva·</span> <span class='ocrx_word' id='word_1_674' title='bbox 1492 5272 1557 5335; x_wconf 74' lang='lat' dir='ltr'>etc,</span> <span class='ocrx_word' id='word_1_675' title='bbox 1574 5264 1595 5333; x_wconf 66' lang='lat'>1.</span> <span class='ocrx_word' id='word_1_676' title='bbox 1613 5278 1633 5335; x_wconf 73' lang='lat'>¹2</span> <span class='ocrx_word' id='word_1_677' title='bbox 1649 5262 1727 5341; x_wconf 51' lang='grc' dir='ltr'>Μ]</span> 
     </span>
    </p>

    <p class='ocr_par' dir='ltr' id='par_1_15' title="bbox 211 5366 1869 5618">
     <span class='ocr_line' id='line_1_59' title="bbox 212 5366 1869 5452; baseline 0.002 -22"><span class='ocrx_word' id='word_1_678' title='bbox 212 5366 257 5424; x_wconf 75' lang='lat' dir='ltr'>nia</span> <span class='ocrx_word' id='word_1_679' title='bbox 272 5367 384 5441; x_wconf 64' lang='lat' dir='ltr'>mendis</span> <span class='ocrx_word' id='word_1_680' title='bbox 398 5369 618 5439; x_wconf 67' lang='lat' dir='ltr'>utrumqueffls)</span> <span class='ocrx_word' id='word_1_681' title='bbox 628 5366 771 5423; x_wconf 83' lang='lat' dir='ltr'>hominum</span> <span class='ocrx_word' id='word_1_682' title='bbox 787 5366 931 5423; x_wconf 79' lang='lat' dir='ltr'>multitudo</span> <span class='ocrx_word' id='word_1_683' title='bbox 947 5382 1014 5423; x_wconf 80' lang='lat' dir='ltr'>cen-</span> <span class='ocrx_word' id='word_1_684' title='bbox 1100 5370 1262 5429; x_wconf 77' lang='lat' dir='ltr'>errrxcous</span> <span class='ocrx_word' id='word_1_685' title='bbox 1276 5373 1424 5442; x_wconf 85' lang='lat' dir='ltr'>secundus,</span> <span class='ocrx_word' id='word_1_686' title='bbox 1441 5374 1592 5452; x_wconf 82' lang='lat' dir='ltr'>beigratia</span> <span class='ocrx_word' id='word_1_687' title='bbox 1603 5374 1751 5431; x_wconf 88' lang='lat' dir='ltr'>Remorum</span> <span class='ocrx_word' id='word_1_688' title='bbox 1763 5375 1869 5435; x_wconf 84' lang='lat' dir='ltr'>arehie-</span> 
     </span>
     <span class='ocr_line' id='line_1_60' title="bbox 212 5455 1865 5540; baseline -0.002 -28"><span class='ocrx_word' id='word_1_689' title='bbox 212 5456 307 5512; x_wconf 86' lang='lat' dir='ltr'>venit:</span> <span class='ocrx_word' id='word_1_690' title='bbox 323 5456 590 5528; x_wconf 70' lang='lat' dir='ltr'>concedentibusque</span> <span class='ocrx_word' id='word_1_691' title='bbox 617 5456 698 5512; x_wconf 73' lang='lat' dir='ltr'>nobis</span> <span class='ocrx_word' id='word_1_692' title='bbox 724 5456 896 5528; x_wconf 69' lang='lat' dir='ltr'>privilegium</span> <span class='ocrx_word' id='word_1_693' title='bbox 919 5455 1014 5528; x_wconf 82' lang='lat' dir='ltr'>quod·</span> <span class='ocrx_word' id='word_1_694' title='bbox 1067 5460 1207 5536; x_wconf 73' lang='lat' dir='ltr'>leCOplli,</span> <span class='ocrx_word' id='word_1_695' title='bbox 1222 5471 1277 5517; x_wconf 80' lang='lat' dir='ltr'>tam</span> <span class='ocrx_word' id='word_1_696' title='bbox 1293 5463 1570 5538; x_wconf 76' lang='lat' dir='ltr'>praesentibusquam</span> <span class='ocrx_word' id='word_1_697' title='bbox 1591 5464 1699 5535; x_wconf 53' lang='lat' dir='ltr'>futuris·</span> <span class='ocrx_word' id='word_1_698' title='bbox 1714 5466 1743 5521; x_wconf 77' lang='lat' dir='ltr'>in</span> <span class='ocrx_word' id='word_1_699' title='bbox 1762 5482 1865 5540; x_wconf 62' lang='lat' dir='ltr'>perpe.</span> 
     </span>
     <span class='ocr_line' id='line_1_61' title="bbox 211 5542 1155 5618; baseline 0.007 -18"><span class='ocrx_word' id='word_1_700' title='bbox 211 5542 274 5600; x_wconf 89' lang='lat' dir='ltr'>dam</span> <span class='ocrx_word' id='word_1_701' title='bbox 287 5542 401 5615; x_wconf 91' lang='lat' dir='ltr'>protulit</span> <span class='ocrx_word' id='word_1_702' title='bbox 415 5545 514 5607; x_wconf 79' lang='lat' dir='ltr'>abbas,</span> <span class='ocrx_word' id='word_1_703' title='bbox 528 5543 637 5618; x_wconf 82' lang='lat' dir='ltr'>sigillis,</span> <span class='ocrx_word' id='word_1_704' title='bbox 654 5544 773 5615; x_wconf 91' lang='lat' dir='ltr'>duobus,</span> <span class='ocrx_word' id='word_1_705' title='bbox 795 5552 892 5601; x_wconf 87' lang='lat' dir='ltr'>nostro</span> <span class='ocrx_word' id='word_1_706' title='bbox 907 5543 1014 5602; x_wconf 87' lang='lat' dir='ltr'>scilicet</span> <span class='ocrx_word' id='word_1_707' title='bbox 1069 5558 1155 5609; x_wconf 86' lang='lat' dir='ltr'>tuum.</span> 
     </span>
    </p>

    <p class='ocr_par' dir='ltr' id='par_1_16' title="bbox 210 5630 1867 5805">
     <span class='ocr_line' id='line_1_62' title="bbox 210 5630 1867 5717; baseline 0.01 -32"><span class='ocrx_word' id='word_1_708' title='bbox 210 5636 238 5685; x_wconf 90' lang='lat' dir='ltr'>et</span> <span class='ocrx_word' id='word_1_709' title='bbox 252 5630 374 5704; x_wconf 86' lang='lat' dir='ltr'>episcopi</span> <span class='ocrx_word' id='word_1_710' title='bbox 387 5631 593 5705; x_wconf 74' lang='lat' dir='ltr'>premunitum.</span> <span class='ocrx_word' id='word_1_711' title='bbox 614 5631 695 5702; x_wconf 85' lang='lat' dir='ltr'>Quod</span> <span class='ocrx_word' id='word_1_712' title='bbox 709 5650 771 5691; x_wconf 91' lang='lat' dir='ltr'>cum</span> <span class='ocrx_word' id='word_1_713' title='bbox 786 5633 815 5689; x_wconf 91' lang='lat' dir='ltr'>in</span> <span class='ocrx_word' id='word_1_714' title='bbox 829 5633 942 5693; x_wconf 87' lang='lat' dir='ltr'>auribus</span> <span class='ocrx_word' id='word_1_715' title='bbox 957 5641 1013 5692; x_wconf 86' lang='lat' dir='ltr'>tam</span> <span class='ocrx_word' id='word_1_716' title='bbox 1102 5640 1203 5698; x_wconf 89' lang='lat' dir='ltr'>Notum</span> <span class='ocrx_word' id='word_1_717' title='bbox 1216 5640 1296 5697; x_wconf 85' lang='lat' dir='ltr'>vohis</span> <span class='ocrx_word' id='word_1_718' title='bbox 1310 5638 1370 5701; x_wconf 87' lang='lat' dir='ltr'>fieri</span> <span class='ocrx_word' id='word_1_719' title='bbox 1380 5640 1506 5702; x_wconf 85' lang='lat' dir='ltr'>volumus</span> <span class='ocrx_word' id='word_1_720' title='bbox 1515 5640 1782 5717; x_wconf 74' lang='lat' dir='ltr'>motunpmisqne</span> <span class='ocrx_word' id='word_1_721' title='bbox 1791 5643 1867 5703; x_wconf 85' lang='lat' dir='ltr'>inter</span> 
     </span>
     <span class='ocr_line' id='line_1_63' title="bbox 211 5713 1865 5805; baseline 0.001 -17"><span class='ocrx_word' id='word_1_722' title='bbox 211 5713 320 5773; x_wconf 64' lang='lat' dir='ltr'>Glmdi</span> <span class='ocrx_word' id='word_1_723' title='bbox 347 5732 429 5791; x_wconf 78' lang='grc'>11111111</span> <span class='ocrx_word' id='word_1_724' title='bbox 456 5721 577 5779; x_wconf 72' lang='lat' dir='ltr'>(tmuium</span> <span class='ocrx_word' id='word_1_725' title='bbox 614 5721 660 5794; x_wconf 76' lang='lat' dir='ltr'>uui</span> <span class='ocrx_word' id='word_1_726' title='bbox 689 5723 804 5780; x_wconf 68' lang='lat' dir='ltr'>ederent</span> <span class='ocrx_word' id='word_1_727' title='bbox 831 5739 848 5779; x_wconf 78' lang='grc'>1</span> <span class='ocrx_word' id='word_1_728' title='bbox 881 5722 1012 5795; x_wconf 83' lang='lat' dir='ltr'>magistro</span> <span class='ocrx_word' id='word_1_729' title='bbox 1066 5728 1298 5787; x_wconf 84' lang='lat' dir='ltr'>ecclesiamlieati</span> <span class='ocrx_word' id='word_1_730' title='bbox 1311 5729 1474 5805; x_wconf 77' lang='lat' dir='ltr'>Theoderici</span> <span class='ocrx_word' id='word_1_731' title='bbox 1487 5741 1514 5793; x_wconf 90' lang='lat' dir='ltr'>et</span> <span class='ocrx_word' id='word_1_732' title='bbox 1535 5731 1689 5793; x_wconf 79' lang='lat' dir='ltr'>uerutum</span> <span class='ocrx_word' id='word_1_733' title='bbox 1709 5733 1865 5791; x_wconf 85' lang='lat' dir='ltr'>Rocbeien·</span> 
     </span>
    </p>
   </div>
   <div class='ocr_carea' id='block_1_8' title="bbox 1071 4784 1870 5036">
    <p class='ocr_par' dir='ltr' id='par_1_17' title="bbox 1071 4784 1870 5036">
     <span class='ocr_line' id='line_1_64' title="bbox 1071 4784 1870 4863; baseline 0.005 -20"><span class='ocrx_word' id='word_1_734' title='bbox 1071 4784 1870 4863; x_wconf 77' lang='lat' dir='ltr'>RoiocldiRemearisarchicpiscopicbartudecomposi·</span> 
     </span>
     <span class='ocr_line' id='line_1_65' title="bbox 1111 4876 1870 4948; baseline 0.008 -18"><span class='ocrx_word' id='word_1_735' title='bbox 1111 4876 1186 4931; x_wconf 69' lang='lat' dir='ltr'>done</span> <span class='ocrx_word' id='word_1_736' title='bbox 1198 4876 1278 4948; x_wconf 83' lang='lat' dir='ltr'>pacis</span> <span class='ocrx_word' id='word_1_737' title='bbox 1291 4878 1372 4948; x_wconf 76' lang='lat' dir='ltr'>sactu</span> <span class='ocrx_word' id='word_1_738' title='bbox 1387 4876 1464 4933; x_wconf 81' lang='lat' dir='ltr'>inter</span> <span class='ocrx_word' id='word_1_739' title='bbox 1476 4876 1627 4933; x_wconf 67' lang='lat' dir='ltr'>secusiam</span> <span class='ocrx_word' id='word_1_740' title='bbox 1650 4876 1687 4932; x_wconf 90' lang='lat' dir='ltr'>S.</span> <span class='ocrx_word' id='word_1_741' title='bbox 1710 4878 1870 4935; x_wconf 81' lang='lat' dir='ltr'>Theoderici</span> 
     </span>
     <span class='ocr_line' id='line_1_66' title="bbox 1108 4962 1869 5036; baseline 0.008 -17"><span class='ocrx_word' id='word_1_742' title='bbox 1108 4978 1146 5019; x_wconf 81' lang='lat' dir='ltr'>ca</span> <span class='ocrx_word' id='word_1_743' title='bbox 1158 4978 1217 5019; x_wconf 83' lang='lat' dir='ltr'>uua</span> <span class='ocrx_word' id='word_1_744' title='bbox 1226 4968 1317 5036; x_wconf 84' lang='lat' dir='ltr'>purte,</span> <span class='ocrx_word' id='word_1_745' title='bbox 1329 4967 1358 5021; x_wconf 86' lang='lat' dir='ltr'>et</span> <span class='ocrx_word' id='word_1_746' title='bbox 1368 4962 1525 5023; x_wconf 86' lang='lat' dir='ltr'>Gerardum</span> <span class='ocrx_word' id='word_1_747' title='bbox 1535 4966 1713 5025; x_wconf 80' lang='lat' dir='ltr'>Receicosem</span> <span class='ocrx_word' id='word_1_748' title='bbox 1722 4968 1869 5025; x_wconf 70' lang='lat' dir='ltr'>illiricum</span> 
     </span>
    </p>
   </div>
   <div class='ocr_carea' id='block_1_9' title="bbox 0 0 1976 6067">
    <p class='ocr_par' dir='ltr' id='par_1_18' title="bbox 0 0 1976 6067">
     <span class='ocr_line' id='line_1_67' title="bbox 0 0 1976 6067; baseline 0 12"><span class='ocrx_word' id='word_1_749' title='bbox 0 0 1976 6067; x_wconf 95' lang='lat' dir='ltr'> </span> 
     </span>
    </p>
   </div>
  </div>
 </body>
</html>
