3942 6067
82 327 128 379 rar
748 322 1085 383 sacatuottraamu.
1399 302 1404 307 ’
1688 325 1741 381 ιιι

82 446 282 518 praedicandum
299 446 492 522 Evangelium,
514 448 587 520 quod
602 464 653 505 nec
669 448 787 504 terrenis
802 464 880 505 com-
895 448 923 509 Α
938 448 1063 506 Ecclesia
1078 464 1165 520 usque
1189 447 1217 503 in
1231 446 1323 503 linem.
1342 445 1418 504 Circa
1438 446 1539 505 collum
1556 446 1684 513 circulus,
1701 452 1742 501 est

16 594 17 601 ,
82 536 167 591 modis
183 536 346 603 occultatur,
367 536 506 593 invitatur.
523 538 618 592 Casula
640 538 704 610 quia
718 536 838 609 pertinet
854 536 889 591 ad
944 536 1089 608 disciplina
1100 536 1220 592 Domini.
1244 538 1404 594 Sermonem
1420 536 1524 609 antiqui
1539 545 1679 591 cantantes
1693 551 1743 591 co-

16 622 17 631 ’
83 640 176 679 omnes
209 624 335 691 clericos,
368 624 504 696 siguificat
538 627 622 681 etiam
647 642 743 697 opera,
774 625 890 698 quenti
945 641 1038 682 ronam
1054 626 1192 696 incapite,
1222 634 1349 698 torquem
1361 626 1387 680 in
1400 626 1473 682 collo
1496 625 1675 695 accipiebant.
1688 624 1742 680 Co-

83 728 178 769 omnes
194 714 333 784 pertinent
350 732 356 769 :
374 714 470 781 iames,
487 715 603 787 vigiliae,
615 715 704 781 lertio,
719 715 819 781 oratio,
835 722 888 771 etc.
945 730 1013 771 rona
1027 716 1054 769 in
1069 715 1159 786 capite
1169 723 1211 770 est
1226 716 1345 771 charitas
1355 713 1381 769 in
1389 723 1493 778 mente,
1508 722 1618 785 torques
1629 713 1655 768 in
1672 713 1744 770 collo

44 810 47 815 '
85 801 181 857 Casula
196 809 237 856 est
252 802 353 872 duplex
368 802 438 858 inter
453 804 584 859 humeros
598 813 624 858 et
636 804 707 859 iuter
723 811 889 875 peutuspost
945 811 987 859 est
1001 804 1125 875 operatio
1150 804 1178 857 in
1203 803 1398 875 predicatione
1415 820 1422 857 ε
1438 811 1467 857 ut
1480 802 1609 873 specibus
1634 799 1746 871 impleat

85 900 203 963 tergum.
227 890 280 945 Per
299 891 429 945 humeros
452 906 539 962 opera
558 892 748 963 exprimuntur
765 910 771 947 ι
788 890 890 963 duplex
945 893 1020 967 quod
1043 892 1133 948 verbis
1149 893 1239 948 docet.
1255 893 1364 947 Corona
1379 891 1468 962 gratia
1483 891 1554 945 Nori
1568 890 1744 955 Testamenti,

87 977 279 1033 vestimentum
302 976 329 1031 in
352 977 476 1033 humeris
506 986 570 1033 suut
594 978 666 1034 hona
688 993 775 1050 opera
798 994 890 1035 coram
946 990 1067 1053 torques,
1093 996 1158 1053 spes
1172 980 1252 1051 regni
1271 980 1390 1035 coelestis
1407 998 1413 1043 ;
1429 980 1508 1045 cuius
1528 978 1659 1049 splendor
1686 980 1746 1033 exi-

83 1065 214 1137 proximis
229 1074 256 1121 et
270 1080 362 1122 coram
378 1066 452 1121 Deo.
473 1068 501 1121 ln
518 1075 629 1138 pectore
644 1066 679 1121 sit
689 1067 800 1138 duplex,
812 1066 838 1120 id
850 1076 891 1121 est
945 1070 1015 1125 mius
1031 1071 1066 1127 ad
1081 1070 1237 1140 exemplum
1252 1084 1362 1126 corone
1376 1069 1420 1123 rel
1430 1068 1534 1139 torquis
1548 1069 1745 1139 nullaunquam
1764 1071 1768 1084 ¹

84 1153 209 1209 doctrina
229 1161 255 1209 et
269 1155 369 1210 veritas
383 1174 392 1211 :
408 1155 507 1211 veritas
523 1154 645 1222 interius,
656 1156 782 1211 doctrina
798 1154 833 1211 ad
844 1156 892 1210 ho·
945 1158 999 1214 line
1010 1158 1162 1231 claudetur.
1192 1158 1336 1214 Sudarium
1351 1166 1473 1227 portatur
1488 1157 1515 1211 in
1528 1172 1610 1211 uranu
1624 1156 1743 1222 sinistra,

85 1242 186 1299 mines.
206 1242 261 1299 Per
275 1244 373 1299 stolam
389 1244 550 1315 intelligitur
562 1244 659 1318 jugum
672 1244 781 1300 Domini
792 1260 888 1312 suere,
946 1263 1001 1320 quo
1011 1248 1152 1305 oculorum
1162 1254 1190 1303 et
1199 1247 1304 1302 nanum
1312 1254 1454 1319 tergantur
1464 1244 1745 1315 snperttnatloosunt

84 1330 111 1387 id
126 1340 169 1387 est
183 1332 374 1405 Evangelium.
944 1335 998 1409 pire
1013 1344 1041 1392 et
1056 1337 1164 1391 mundae
1179 1336 1368 1409 cogitationes,
1386 1334 1485 1405 quihus
1501 1333 1668 1405 detergimus
1683 1348 1744 1386 mo-

252 1472 319 1527 CAP·
341 1472 439 1529 XXVI·
455 1503 489 1514 -
504 1475 542 1532 De
558 1474 724 1531 dalmatica·
947 1424 1041 1482 lesties
1051 1425 1173 1506 animiex
1182 1424 1335 1479 infirmitate
1348 1423 1474 1494 corporis
1485 1433 1512 1477 ει
1523 1422 1582 1477 ritae
1592 1421 1742 1493 presentis.

1101 1542 1170 1599 Cae.
1190 1541 1321 1598 xxvttt.
1336 1572 1371 1583 -
1384 1544 1424 1597 De
1433 1540 1586 1597 sandaliis.

980 1655 1139 1727 Episcopus
1152 1656 1236 1711 habet
1249 1655 1393 1729 ligaturam
1408 1654 1500 1709 insuis
1511 1652 1652 1718 sandaliis,
1664 1668 1747 1724 quam

945 1745 1099 1803 nonhabet
1127 1746 1283 1817 presbyter.
1304 1744 1433 1815 Episcopi
1447 1752 1490 1798 est
1509 1743 1562 1798 huc
1571 1749 1598 1797 et
1612 1742 1676 1797 illuc
1690 1742 1746 1795 dis·

946 1850 1058 1891 currere
1081 1849 1132 1904 per
1156 1833 1316 1904 parochiam
1341 1832 1376 1887 ad
1395 1832 1546 1905 regendam
1571 1830 1690 1901 plebem,
1719 1838 1746 1884 et

945 1923 1009 1979 ideo
1025 1922 1107 1995 ligata
1135 1930 1208 1989 suot,
1225 1937 1260 1977 ne
1275 1922 1310 1975 de
1323 1920 1441 1991 pedibus
1455 1920 1563 1976 cadant.
1588 1919 1646 1974 llac
1660 1916 1747 1989 signi-

945 2010 1027 2067 ficant
1056 2010 1165 2065 firmare
1192 2010 1288 2065 arentis
1304 2025 1429 2083 gressus,
1445 2008 1493 2081 qui
1512 2008 1539 2062 in
1553 2008 1640 2062 turbis
1655 2022 1745 2077 popu-

945 2099 1034 2155 lorum
1060 2107 1212 2155 versantur.
1230 2097 1381 2169 Presbyter
1394 2112 1468 2163 vero,
1481 2096 1528 2169 qui
1542 2096 1615 2151 denti
1644 2096 1747 2150 hostias

945 2188 1079 2254 immolat,
1094 2187 1218 2244 securius
1231 2186 1343 2242 incedit.
1364 2186 1501 2241 Diaconus
1515 2184 1597 2239 etiarn
1611 2184 1693 2238 habet
1707 2184 1745 2237 in·

946 2277 1076 2333 sandaliis
1091 2277 1246 2351 ligaturam,
1263 2276 1412 2347 quiasuum
1429 2283 1467 2329 est
1482 2273 1562 2329 iread
1576 2273 1743 2329 comitatum.

119 1616 273 1673 Dalmatica
296 1616 503 1691 religiosancta
527 1625 553 1673 et
567 1616 741 1674 immaculata
769 1617 890 1673 estvisi·

86 1710 146 1761 tare
160 1706 280 1777 pupillos
296 1713 322 1761 et
337 1705 442 1761 viduas.
467 1706 621 1763 Dalmatica
638 1705 721 1761 hahet
745 1706 814 1761 duas
828 1721 891 1763 coo·

87 1792 184 1849 cineas
202 1794 288 1849 lineas
302 1802 388 1859 retro,
404 1793 531 1851 similiter
553 1802 581 1849 ει
590 1794 617 1849 in
633 1794 767 1850 anteriori
788 1804 864 1865 parte
880 1814 888 1861 ;
904 1797 931 1858 Β

86 1882 149 1953 quia
180 1882 262 1937 Vetus
277 1890 306 1938 et
321 1882 429 1937 Novum
452 1884 659 1939 Testamentum
680 1883 796 1939 rutilant
820 1882 893 1939 dile·

87 1970 178 2027 ctione
192 1970 243 2026 Dei
258 1979 284 2027 et
300 1971 426 2042 proximi.
437 1972 644 2027 immaculatum
658 1972 844 2042 essepertinet
858 1973 892 2027 ad

87 2059 187 2125 Deum,
209 2058 323 2115 visitare
338 2059 438 2115 iratres
460 2060 494 2115 ad
510 2060 678 2131 proximum.
694 2060 779 2116 Color
800 2061 893 2117 cocci·

87 2163 155 2205 neus
171 2162 257 2218 opera
280 2148 490 2217 misericordia,
508 2164 569 2219 quae
585 2164 617 2203 ex
634 2148 765 2204 charitate
781 2146 848 2203 liunt
863 2150 890 2203 in

86 2235 201 2308 pupillis
219 2244 246 2290 et
259 2235 357 2291 viduis.
377 2236 428 2291 Per
443 2236 588 2293 candorem
600 2237 755 2293 dalmaticae
767 2237 892 2293 visitato-

87 2340 148 2379 rum
167 2323 298 2421 mumistia
313 2323 487 2397 designatum
506 2325 647 2393 Fimbriae’
664 2340 724 2397 ‘¹¹¹ae
737 2324 892 2397 pr⁰⁰ed⁰m
947 2365 1137 2422 Subdiaconus
1153 2365 1237 2420 hahet
1247 2362 1392 2418 dissimilia
1419 2378 1454 2418 ιιε
1481 2362 1612 2417 diaconus
1625 2361 1744 2417 eastime-

88 2410 123 2467 de
139 2412 294 2477 dalmatica,
320 2412 404 2468 rerba
419 2419 482 2467 sunt
520 2412 738 2483 praedicationis.
766 2414 892 2485 Triginta
1395 2407 1402 2428 '

88 2498 212 2555 fimbrias
230 2498 311 2555 habet
322 2500 468 2555 dalmatica
497 2510 571 2556 retro
586 2509 612 2556 ει
627 2510 691 2557 ante
704 2519 712 2568 ;
726 2501 842 2574 singule
856 2502 892 2557 li-
947 2462 1003 2511 ω’
1022 2454 1150 2509 sandaha
1164 2468 1275 2509 mmm
1290 2449 1641 2523 mffloewmss'gmfieam
1651 2468 1658 2515 ³
1669 2449 1746 2504 ⁵⁰¹&

884 2590 889 2600 .
947 2559 1009 2614 quae
1021 2545 1115 2598 subtus
1130 2550 1182 2611 est,
1210 2558 1244 2597 ne
1261 2541 1426 2611 predicator
1441 2556 1471 2595 se
1486 2538 1602 2595 terrenis
1628 2538 1746 2608 negotiis

88 2604 149 2643 nem
164 2587 328 2643 altrinsecus
345 2588 607 2661 quindecimaquia
622 2589 741 2645 charitas
756 2589 783 2645 iu
800 2590 892 2647 Veteri
948 2632 953 2645 .
1004 2632 1021 2686 l.
1107 2631 1135 2686 L.
1227 2632 1244 2685 d
1294 2630 1321 2683 lb
1412 2628 1417 2639 .
1486 2628 1514 2683 bt
1610 2626 1668 2682 'can
1706 2643 1731 2680 m

89 2687 116 2733 ει
134 2677 161 2731 in
175 2678 254 2732 Novo
269 2676 446 2733 Testamento
461 2678 616 2749 quindecim
633 2694 722 2733 ramos
746 2678 886 2749 producit.
946 2640 1078 2703 mmm
1129 2644 1213 2705 ’ΠΨ
1246 2645 1291 2685 ⁸⁸
1323 2644 1484 2685 ⁰⁰⁰r¹⁰⁵⁰
1517 2644 1549 2683 ¹¹⁵
1576 2643 1606 2683 ω
1671 2643 1703 2682 ⁹⁰
1736 2669 1743 2689 '

92 2767 141 2821 Per
163 2769 308 2820 humerum
335 2767 459 2821 dextrum
496 2776 523 2821 et
551 2767 692 2821 sinistrum
722 2766 892 2838 prosperitas

88 2848 253 2923 intelligitur
282 2859 308 2905 et
334 2850 498 2917 adversitas,
520 2853 547 2905 in
576 2852 675 2923 quihus
697 2852 809 2923 prodest
832 2850 891 2906 lra-

91 2940 178 2994 tribus
202 2939 337 2994 charitas.
367 2938 528 3008 Quindecim
553 2940 620 2995 rami
635 2941 775 2997 charitatis
804 2948 890 2995 sunt:

92 3026 893 3101 Palierrsest,honiqnuerl,oonerrrululrtr,autrepilper·

946 2728 975 2777 ut
988 2720 1027 2775 sis
1055 2719 1187 2776 innocens
1202 2728 1229 2774 ει
1244 2718 1304 2773 sine
1318 2718 1382 2773 dolo
1398 2732 1406 2787 ;
1422 2717 1514 2787 lingua
1529 2716 1627 2771 exinde
1655 2715 1743 2787 surgit

946 2818 1074 2880 separata
1096 2808 1202 2863 acorio
1229 2806 1426 2869 sandaliorum,
1456 2806 1550 2877 lingua
1578 2813 1619 2860 est
1646 2820 1741 2860 eorum

947 2896 993 2970 qui
1011 2896 1076 2953 foris
1091 2905 1163 2961 suut,
1186 2905 1213 2951 et
1227 2896 1412 2951 testimonium
1440 2896 1502 2949 dant
1518 2894 1619 2949 honum
1647 2892 1744 2963 prasti-

947 2986 1032 3044 caleri
1048 3006 1056 3053 ς
1072 2986 1099 3040 1ιί
1115 2994 1178 3041 suut
1191 2985 1218 3039 in
1234 2984 1356 3041 inferiori
1384 2990 1472 3055 parte,
1490 2992 1516 3037 ει
1542 2980 1744 3055 quodammodo

947 3092 963 3131 a
985 3076 1192 3132 conuersatione
1207 3073 1385 3144 spiritualium
1400 3071 1531 3142 separati.
1564 3070 1668 3141 Lingua
1696 3086 1745 3124 su-

948 3164 1041 3237 perior
1068 3162 1249 3235 spiritualium
1288 3163 1379 3235 lingua
1418 3168 1467 3231 est,
1499 3159 1546 3231 qui
1589 3159 1746 3229 praedicato·

949 3271 1005 3309 rem
1034 3254 1061 3307 in
1091 3268 1161 3324 opus
1189 3250 1390 3324 predicationis
1418 3249 1691 3311 introducun13haec
1719 3247 1747 3300 in

91 3130 268 3189 percimonia
278 3117 409 3185 infletur,
430 3134 486 3172 non
497 3119 539 3173 eal
551 3118 711 3181 crrrlritioam
724 3135 780 3173 troo
789 3120 891 3189 quierit
908 3140 932 3203 G

92 3204 892 3276 quoesuarunt;trorrirritotar,nottcopitclmulnrrnncn

92 3293 748 3365 {madenaminiquumconfflmdetautem
766 3296 892 3397 veritatf'
948 3342 1076 3398 exteriori
1105 3342 1160 3397 rita
1188 3339 1372 3412 predicatoris
1402 3338 1550 3411 requirunt.
1580 3335 1748 3391 lutrinseens

95 3382 317 3453 omniasemel,
330 3382 425 3439 ornain
440 3384 541 3447 credit,
565 3384 661 3437 onrrtiu
677 3387 781 3455 sperui,
798 3399 893 3440 ortrrttn

92 3472 231 3526 sustinet.
252 3470 342 3535 Linea,
360 3488 421 3542 quae
440 3470 466 3524 iu
480 3470 634 3535 mediaest,
650 3469 728 3542 quasi
751 3472 837 3541 stipes
852 3480 894 3527 est

94 3558 238 3613 eharitatis
255 3556 347 3613 :linea
375 3558 433 3613 sire
448 3556 563 3615 fimbriae
587 3559 613 3613 iu
631 3560 724 3613 dextro
740 3558 796 3615 sire
825 3560 894 3613 sini-

93 3657 162 3711 stro,
174 3646 282 3703 scilicet
299 3654 371 3702 retro
396 3648 429 3701 orl
445 3658 582 3719 prs-acepta
601 3648 705 3703 l'eteris
728 3646 896 3703 Testamenti

94 3736 247 3808 pertinent,
264 3752 324 3807 quae
339 3752 405 3791 vero
420 3736 447 3789 iu
463 3737 593 3792 anteriori
609 3746 685 3807 parte
700 3745 772 3801 sunt,
789 3738 821 3791 ad
838 3738 895 3793 No·

95 3840 160 3878 vum
184 3824 390 3879 Testamentum
404 3824 552 3895 pertinent.
570 3824 714 3881 Sinistrum
730 3825 801 3879 latus
814 3824 896 3882 lanhet

94 3912 231 3979 fimbrias,
260 3912 325 3983 quia
348 3913 463 3968 actualis
495 3914 548 3969 vita
577 3913 693 3970 sollicita
721 3922 808 3969 estet
837 3922 895 3969 tur-

93 4002 179 4056 batur
200 4016 268 4073 erga
294 4000 421 4073 plurima.
448 4002 578 4057 Dextrum
607 4002 676 4057 latus
703 4018 757 4058 uon
781 4002 862 4057 habet
887 4022 894 4069 ;

94 4088 161 4159 quia
189 4090 402 4161 contemplativa
431 4092 485 4145 vita
501 4090 591 4163 quieta
606 4100 658 4147 est.
690 4092 811 4165 Largitur
831 4092 895 4147 hra-

93 4178 220 4233 cbiornm
248 4180 306 4233 sire
348 4178 513 4233 manicarum
543 4188 585 4234 est
612 4178 736 4235 hilaritas
772 4180 891 4236 datoris.

94 4266 244 4332 Diaconos,
262 4266 309 4339 qui
326 4267 391 4337 legit
404 4268 540 4337 casulam,
555 4267 765 4325 circumcinctus
781 4276 821 4323 est
832 4268 896 4325 late-

95 4372 125 4411 re
147 4354 259 4411 sinistro
286 4364 422 4427 pertusus,
448 4356 511 4426 quia
538 4356 593 4411 vult
616 4356 753 4412 Christum
782 4356 893 4425 imitari,
967 4405 972 4416 .
1016 4405 1021 4416 .
1142 4406 1146 4415 .
1377 4404 1381 4413 .
1524 4418 1530 4431 ,
1592 4400 1598 4452 Ι
1694 4397 1709 4450 Ι-

95 4444 144 4515 ‘lui
157 4442 265 4508 lartcea,
282 4451 323 4499 εει
338 4444 480 4515 aer-tossus
491 4443 518 4498 in
534 4444 629 4499 latere.
640 4445 777 4501 Subucula
792 4446 895 4517 artuin-
951 4404 1091 4477 ⁸¹⁸⁰¹fi⁰⁸t
1107 4422 1114 4461 ²
1130 4405 1203 4460 ,ω
1229 4420 1282 4476 ορθ
1297 4413 1398 4459 ΝΟΜ
1413 4404 1483 4459 swa
1498 4416 1592 4472 mom
1602 4414 1679 4455 ΘΜ
1703 4413 1747 4451 ω’

95 4532 191 4586 duitor
216 4531 334 4603 pontilex
350 4541 412 4603 post
438 4532 591 4597 canilsiam,
620 4530 755 4605 siguificat
783 4534 897 4590 uirtutes
914 4480 1144 4593 Dguasapdahf
1170 4509 1256 4565 mque
1283 4492 1414 4549 &finem
1442 4507 1500 4559 ⁶³⁰⁵
1520 4498 1564 4610 εει,
1590 4484 1750 4627 evangelica

95 4620 209 4675 intimas
224 4630 249 4675 ει
276 4620 429 4677 orationem
461 4620 629 4687 sublimium,
657 4638 717 4692 quae
740 4638 793 4675 non
819 4631 898 4748 patet
952 4582 1381 4655 perfectw'm‘ae“Utraque
1406 4577 1689 4650 pumpmdfflms'
1716 4588 1750 4628 ΘΧ

95 4691 235 4758 omuibus,
253 4692 301 4745 sed
317 4690 446 4761 perlectis
462 4700 542 4763 atque
557 4690 715 4759 majoribus,
732 4699 809 4747 otest
838 4694 896 4759 des,
952 4678 1056 4727 Suum
1076 4671 1210 4742 PT⁰¹¹0¹aer
1228 4668 1495 4741 ‘lllffllnssl’lssllle'io
1524 4663 1747 4763 fefflpltuffflwi·

96 4794 172 4850 spes,
190 4778 320 4834 ebaritas.
794 4824 795 4831 ,
952 4759 1059 4815 Etenim
1086 4758 1153 4829 ipsae
1166 4758 1304 4829 replicatae
1331 4765 1393 4811 strat
1407 4757 1440 4811 ad
1455 4754 1610 4809 medianam
1636 4752 1747 4818 lineam,

952 4864 1015 4919 quae
1028 4863 1114 4918 usque
1128 4848 1155 4901 iu
1171 4846 1251 4902 linem
1273 4846 1370 4903 currit.
1392 4846 1518 4915 ligatura
1533 4842 1561 4895 in
1588 4839 1747 4911 mysterium

952 4935 1147 4991 incarnationis
1177 4935 1287 4999 Christi,
1317 4932 1442 5006 corrigiae
1470 4930 1675 5003 supererogatio
1706 4934 1748 4981 est

133 5040 249 5095 l‘allium
264 5040 531 5111 archiepiscoporum
548 5042 737 5111 superomnia
754 5040 896 5097 indumen·
951 5023 1062 5096 Pf0llfi⁰
1077 5034 1185 5095 ⁵⁰¹⁰P¹¹¹
1197 5024 1361 5095 ilfaedissal'fl·

95 5137 125 5185 ιε
140 5136 193 5189 est.
206 5136 235 5182 ut
255 5128 355 5182 lentina
383 5128 410 5181 in
428 5128 515 5184 lroote
536 5128 775 5200 soliuspontificis,
793 5130 832 5186 sie
852 5131 897 5187 illo
1041 5150 1109 5205 cyp,
1125 5150 1228 5205 χχιχ,
1244 5180 1279 5192 -
1295 5149 1331 5206 pe
1346 5147 1469 5203 „mmm
1491 5147 1658 5219 presbytera,

95 5216 273 5288 distinguitur
288 5216 536 5287 archiepiscopusa
552 5218 657 5272 ceteris
670 5218 817 5288 episcopis.
835 5220 897 5273 Pal-

95 5305 162 5360 lium
192 5303 328 5376 siguificat
352 5312 488 5375 torquem,
518 5322 599 5377 quem
625 5305 747 5360 solebant
777 5304 898 5377 legitime

949 3440 1012 3487 suut
1026 3430 1193 3487 circumdata
1208 3430 1328 3484 sandalia
1345 3429 1456 3483 dealba
1478 3426 1564 3492 corio,
1581 3425 1616 3479 ita
1634 3423 1747 3479 intentio

949 3519 1139 3593 praedicatoris
1157 3520 1191 3573 sit
1203 3518 1319 3573 candida
1340 3533 1433 3573 coram
1448 3518 1507 3570 Deo
1523 3525 1549 3570 et
1563 3530 1629 3585 pura
1644 3510 1749 3569 consci-

949 3608 1033 3664 cntia.
1051 3608 1225 3663 Extrinsecus
1241 3623 1305 3662 vero
1319 3607 1458 3679 integrum
1480 3610 1602 3675 apparet,
1620 3601 1748 3673 quoniam

951 3696 1058 3753 videtur
1081 3696 1288 3768 praedicatorum
1319 3696 1373 3749 tita
1401 3694 1529 3765 despecta
1557 3690 1744 3746 saecularibus.

951 3786 1081 3857 Superior
1107 3801 1173 3855 pars
1198 3783 1392 3851 sandaliorum,
1420 3795 1566 3852 perquam
1593 3796 1642 3851 pes
1656 3779 1745 3844 intrat,
1804 3824 1810 3829 .

950 3873 1043 3928 multis
1072 3868 1125 3927 filis
1139 3880 1180 3927 est
1194 3878 1319 3935 consuta,
1348 3877 1376 3924 ut
1390 3870 1444 3924 duo
1470 3867 1548 3923 coria
1563 3882 1618 3921 non
1646 3864 1748 3921 dissol-

951 3969 1048 4017 vantur
1064 3978 1071 4016 ι
1087 3960 1114 4015 in
1136 3958 1211 4014 initio
1231 3959 1313 4014 debet
1340 3959 1450 4013 studere
1478 3954 1640 4027 praedicator
1663 3952 1748 4024 pluri·

950 4049 1003 4105 bus
1031 4048 1175 4105 virtutibus
1201 4058 1283 4120 atque
1309 4046 1509 4117 scripturarum
1537 4042 1688 4107 sententiis,
1718 4050 1748 4097 ut

951 4154 1037 4211 opera
1051 4137 1205 4194 lorinsecus
1218 4153 1281 4193 cum
1305 4138 1357 4201 bis,
1375 4152 1435 4208 quae
1450 4132 1615 4189 intrinsecus
1644 4131 1747 4186 intenta

951 4236 1024 4296 sunt,
1040 4242 1132 4283 coram
1150 4227 1217 4294 Deo,
1233 4242 1289 4281 non
1313 4225 1514 4298 disjungantur.
1531 4222 1637 4294 Lingua
1651 4220 1748 4274 sanda-

949 4316 1063 4375 liorum.
1080 4333 1141 4389 quae
1157 4331 1240 4387 super
1261 4315 1347 4385 pedes
1361 4324 1402 4369 est
1417 4314 1538 4385 linguam
1564 4309 1750 4381 predicatoris

170 4902 241 4957 Car.
260 4903 377 4957 xxvtt.
399 4934 431 4943 -
447 4904 485 4959 De
496 4905 587 4976 pullio
600 4902 821 4977 archiepiscopi.

973 5270 1124 5325 Panthera
1152 5270 1241 5324 bestia
1257 5268 1458 5323 habeteolores
1484 5276 1586 5337 septem
1604 5284 1610 5319 :
1626 5266 1747 5337 nigrum,

96 5404 234 5450 certantes
249 5397 391 5463 accipere.
415 5392 494 5461 Quod
511 5394 608 5449 ltalreat
619 5395 687 5449 duas
698 5394 784 5447 lineas
795 5409 810 5447 a
820 5410 897 5448 sum·
951 5358 1053 5425 ‘dmm’
1069 5359 1200 5431 griseum·
1217 5356 1609 5425 es⁰⁰⁸¹¹¹¹¹¹‘'isi‘h‘m’wimn'
1620 5355 1745 5408 ‘ulmum'

95 5498 247 5553 monsque
274 5480 898 5553 deorsum,seqyoflanqffisignqfiffl:quod
952 5455 1020 5525 Quae
1048 5457 1180 5526 pantlrora
1219 5455 1310 5509 uarias
1338 5454 1437 5509 herhas
1472 5453 1591 5508 rornedit
1620 5462 1749 5507 constans

95 5571 225 5625 mandata
253 5570 359 5625 Veteris
388 5570 586 5625 Testametrtia
615 5570 749 5640 principie
780 5568 897 5625 Getresis
951 5554 1082 5625 mimia»
1105 5554 1268 5625 ¹⁸¹¹S¹¹⁰¹¹¹⁰S
1291 5554 1325 5607 ¹¹1¹
1350 5571 1379 5607 ⁸⁸
1408 5552 1550 5607 V⁰¹¹ie¹¹¹⁰⁵
1577 5549 1641 5603 flflffl
1669 5564 1749 5605 ⁸⁰⁰³

94 5659 223 5731 usquein
247 5658 338 5723 linem,
356 5658 382 5711 in
399 5658 615 5713 humeralilinea
640 5659 821 5729 operandoet
849 5658 897 5713 du·
950 5652 1050 5707 morbo
1067 5659 1153 5707 sanat.
1170 5652 1219 5705 Per
1247 5653 1406 5721 prarrtlreram
1422 5651 1563 5721 presbyter
1577 5648 1746 5719 intelligitur,

99 5748 189 5805 ceudo
217 5756 310 5819 portet
324 5746 445 5819 pontifex
460 5746 486 5801 io
499 5746 626 5819 pectorati
647 5760 718 5802 noro
732 5760 748 5801 a
763 5746 896 5818 primitiva
950 5747 998 5819 qni
1012 5749 1095 5805 habet
1109 5755 1215 5820 septem
1240 5757 1332 5805 vestes
1346 5758 1373 5805 ει
1391 5758 1495 5821 septem
1511 5748 1633 5803 virtutes.
1662 5745 1748 5819 Niger
