3942 6067
91 278 162 335 atat
663 340 666 345 ,
715 266 966 339 rnuctnaatuat.
981 278 1095 342 -ιιε,
1115 278 1155 343 11.
1679 296 1749 355 stat

90 399 256 473 pravitatem
270 406 369 474 atqnat
385 418 394 458 t
408 410 473 463 tune
492 402 620 462 omnibus
643 403 734 461 modis
755 412 820 462 sunt
841 405 888 463 iu·
901 408 931 471 A·
943 406 1063 477 abjectio
1080 406 1271 477 mandatorum
1290 410 1351 479 Dei.
1372 419 1402 470 ut
1420 413 1541 473 dieitur:
1561 418 1629 477 liele
1650 422 1746 511 secere

90 486 196 563 aiendi,
211 488 274 563 quia
289 496 354 549 tuuc
367 506 450 550 causa
464 492 532 549 liunt
545 492 631 551 ruinae
644 494 752 567 populi.
946 493 1061 560 scinnt;
1083 493 1151 551 bene
1161 498 1258 553 entem
1269 512 1418 571 nunqnam
1427 500 1542 573 (llcttlr.
1557 504 1749 577 xarrr‚t).1stt

92 637 130 693 εἰ
151 636 486 710 DeettlpcPrcelotorttm
497 639 583 696 melis
595 638 894 697 suendotitcaeonnt'-
946 580 1073 653 qumis
1091 582 1146 638 m
1160 582 1316 654 interim*
1342 586 1437 645 νοω
1459 589 1546 648 *idm
1569 593 1741 665 ⁸¹¹p⁰si⁰¹⁸0ffi

110 722 245 787 manea,
255 720 345 795 ‘stim
358 739 417 781 '¹0⁹³
427 723 598 782 mmm
606 724 783 781 “mmm
794 723 874 794 filii*
947 760 1075 817 subesse.
1091 760 1139 817 lati
1154 762 1189 819 ad
1201 779 1296 821 sacros
1311 764 1424 825 ordines
1439 768 1591 829 nullatenus
1607 780 1671 831 sunt
1683 790 1750 847 pro·

127 842 166 900 D.
179 840 251 913 Quid
265 843 300 901 de
314 845 471 917 pastoribus
484 846 526 902 eia
540 846 800 904 consentientibus?
810 878 845 889 —
855 848 892 903 bl.
946 849 1087 907 movendi.
1107 851 1181 908 luter
1194 860 1311 911 eaeteroe
1328 870 1438 930 semper
1450 859 1604 919 habeantur
1617 879 1751 923 verecun-

90 930 206 1007 chitur
219 932 254 989 de
277 932 348 1000 lleli,
364 934 448 1009 quod,
474 935 538 1009 quia
552 933 615 993 liliis
642 951 727 1008 prave
749 938 895 1011 egentibus
949 939 987 1009 di,
1004 947 1030 996 ει
1045 940 1170 1011 rejiciant
1184 944 1344 1015 poenitendn
1359 964 1505 1019 venenum,
1521 968 1605 1025 quoa
1625 956 1750 1028 patribus

92 1020 285 1091 consenserit,
317 1031 344 1078 et
371 1039 420 1080 eos
446 1024 536 1096 tepide
564 1041 647 1097 super
676 1025 897 1099 transgressione
949 1034 1013 1085 sunt
1026 1029 1120 1099 illecti,
1137 1039 1165 1089 et
1180 1034 1342 1105 resipiscant
1355 1037 1403 1095 tali
1415 1040 1522 1111 pudore
1534 1044 1628 1103 caeteri
1651 1060 1750 1105 sacer.
1825 1106 1828 1113 Ι

91 1104 267 1177 θῦιιῑιιῑιθιίῐ,
284 1114 400 1165 mortem
420 1109 545 1181 corporis
563 1109 706 1167 incurrerit
723 1126 731 1167 τ
747 1109 793 1165 ttbi
806 1110 895 1167 mani·
949 1118 1042 1175 dotes.
1062 1118 1096 1175 lli
1111 1119 1163 1177 uisi
1176 1121 1341 1194 resipuerint
1357 1128 1515 1198 poenitendo
1530 1132 1680 1191 secundum
1695 1150 1754 1193 rno-

91 1192 165 1251 teste
178 1194 332 1252 ostenditur
346 1195 411 1269 quia
424 1205 552 1269 mortem,
575 1197 720 1270 quamius
742 1214 896 1271 perpessus
947 1207 1013 1265 dum
1027 1208 1124 1281 culpe,
1140 1211 1221 1267 arbor
1235 1226 1298 1269 cum
1320 1214 1414 1273 radice
1440 1221 1668 1281 exterminabitur
1693 1224 1753 1285 sina

93 1290 136 1341 est
150 1282 179 1339 in
192 1300 317 1356 corpore,
333 1284 376 1341 isti
391 1285 532 1357 patiuntur
545 1286 572 1343 io
587 1286 688 1343 anima.
705 1287 760 1360 lpsi
781 1296 896 1361 peccata
950 1294 1013 1365 tine,
1027 1306 1055 1354 ut
1066 1298 1343 1373 diciturtPropterec
1353 1305 1427 1363 Deus
1436 1308 1564 1369 testreet
1575 1315 1602 1368 te
1613 1314 1645 1369 in
1653 1314 1750 1387 finem,

94 1372 313 1446 delinquentium
333 1373 436 1444 iurent,
452 1383 586 1449 quatem
610 1378 646 1432 ab
670 1376 711 1433 eis
734 1377 895 1450 temporalia
948 1386 979 1443 id
992 1394 1043 1455 εει,
1061 1404 1147 1461 usqne
1163 1388 1191 1445 in
1207 1388 1300 1460 fluctu,
1318 1396 1347 1449 et
1360 1397 1464 1455 evellet
1479 1399 1606 1460 radicem
1622 1405 1703 1461 taam
1716 1404 1752 1464 de

93 1460 230 1536 stipendia
242 1463 406 1537 percipiant,
416 1472 444 1521 et
452 1466 604 1523 abtaterna
615 1466 785 1524 beatitudine
793 1467 897 1525 seeltasi
951 1476 1201 1536 renuntiantium
1215 1479 1309 1551 (Ptol.
1327 1497 1365 1553 nt,
1381 1484 1423 1555 D.

93 1566 192 1624 poenas
207 1560 326 1614 emmas
342 1569 404 1612 cunr
419 1554 460 1611 eis
475 1554 562 1612 luant.
575 1554 677 1629 Aliqui,
696 1571 760 1613 curn
778 1554 897 1629 pastoris
931 1567 933 1570 ·

90 1638 156 1712 jura
183 1640 348 1714 suscipiunt,
376 1642 413 1699 ad
440 1642 617 1701 lacerandum
644 1644 769 1702 subditos
786 1644 897 1704 iumds·
1001 1614 1050 1671 ³³·
1067 1616 1172 1673 mm
1187 1618 1253 1675 ‘'a‘'
1267 1621 1411 1725 mmm
1424 1625 1619 1729 “⁸⁶⁶“{0Wm2'
1635 1634 1665 1688 05
1679 1648 1718 1691 ⁰²¹

95 1737 196 1797 seont;
215 1731 351 1805 pecunias
364 1732 398 1788 ab
413 1732 454 1790 eis
478 1741 639 1808 extorquent
661 1742 688 1791 et
713 1733 857 1809 diripiunt,
869 1738 939 1837 etB
1167 1710 1313 1778 'membr
1329 1726 1362 1768 αὖ
1379 1712 1538 1773 ἰθῖθῒαηάῑ·

96 1818 169 1876 sacri
184 1818 289 1877 ordinis
299 1836 349 1893 per
362 1822 454 1878 omnia
472 1820 599 1880 infideles
622 1822 750 1894 existunt,
776 1832 806 1881 ut
828 1824 898 1882 dici·
991 1827 1022 1885 D.
1039 1828 1100 1895 Dic,
1112 1844 1215 1905 queso,
1227 1832 1325 1891 borum
1340 1836 1524 1909 reproborum
1539 1842 1713 1905 racemorum
1727 1853 1765 1905 ει·

96 1915 161 1965 tor:
179 1931 191 1958 s
209 1910 336 1967 Pastores
350 1910 388 1967 tui
401 1908 539 1980 infideles,
557 1912 623 1971 socii
638 1912 730 1971 iurum
747 1930 754 1971 :
773 1931 898 1989 sequun-
952 1914 1103 1974 infidelium
1124 1920 1185 1992 quis
1208 1920 1260 1978 erit
1279 1921 1351 1993 finis,
1368 1924 1412 1982 vel
1435 1928 1571 1989 emutatus
1592 1935 1709 1993 eorum?
1720 1966 1756 1983 -

96 2004 141 2055 tur
154 2014 279 2069 munera,
304 2016 400 2057 manus
427 2017 525 2059 cortun
546 2001 634 2075 plena
657 2002 753 2077 rapina
776 2004 857 2076 (lsai.
876 2022 897 2073 ι,
953 2006 991 2061 bl.
1002 2006 1037 2063 Ut
1046 2006 1168 2081 legitur:
1183 2009 1325 2084 Correpti,
1335 2017 1415 2081 sunt,
1426 2019 1456 2072 et
1465 2017 1667 2080 abominabiles
1678 2026 1754 2097 secti

97 2086 154 2159 ῃ),
174 2110 187 2140 .
954 2099 1025 2155 sent
1041 2098 1073 2153 a'n
1092 2097 1222 2170 operibus
1236 2102 1313 2169 auia,-
1333 2100 1395 2160 ideo
1410 2104 1447 2161 cd
1461 2105 1590 2166 nibilum
1605 2110 1756 2173 devenient

134 2186 172 2242 ι),
191 2184 262 2243 Sunt
276 2186 612 2260 ordimdilmerdotum
625 2188 697 2247 filii?
710 2220 745 2231 -
759 2190 800 2247 Μ,
818 2190 899 2249 bsidi-
955 2187 1174 2257 tenqeumeque
1189 2187 1353 2247 decurrent.
1366 2193 1401 2249 llt
1414 2208 1485 2262 oceo,
1499 2198 1576 2254 sicet
1583 2204 1712 2273 pastores
1723 2205 1756 2261 in

97 2291 156 2333 me.
175 2274 314 2333 Cononem
327 2276 452 2350 decretu,
466 2286 492 2337 et
519 2288 679 2337 sanctorum
704 2280 814 2337 Petrum
835 2296 901 2338 cou-
953 2276 1069 2345 ittsemo
1082 2276 1170 2347 potiti
1184 2281 1271 2335 erunt
1287 2296 1296 2335 :
1310 2294 1386 2338 mora
1400 2281 1532 2357 deposcet
1545 2302 1601 2359 eos,
1623 2292 1758 2367 quostiam

99 2358 190 2417 stituta
204 2360 351 2433 probibent
371 2379 419 2421 eos
442 2364 480 2423 ad
502 2380 598 2423 sacros
622 2364 733 2422 ordines
757 2366 898 2433 accedere,
954 2364 1029 2420 Deus
1043 2364 1304 2439 apreelteotffscl.
1320 2386 1383 2439 ειη,
1402 2374 1433 2440 ι;
1451 2388 1516 2443 nvn,
1529 2380 1564 2443 ις
1580 2392 1680 2453 xuvnt,
1699 2382 1756 2459 lt).

98 2448 189 2507 necin
204 2449 332 2509 Ecclesia
344 2450 464 2525 aliquant
485 2452 676 2527 praelationem
696 2454 810 2523 babere,
836 2454 901 2528 quia
992 2452 1028 2509 D.
1043 2450 1151 2510 Debent
1164 2452 1246 2511 malis
1260 2456 1346 2515 verba
1361 2456 1411 2516 Dei
1424 2461 1478 2519 dici
1489 2464 1503 2518 t
1516 2496 1551 2507 -
1562 2466 1600 2521 bl.
1621 2467 1649 2525 Si
1664 2470 1758 2530 seiun-

98 2553 133 2595 ει
147 2536 327 2597 iomicatiouc
354 2548 382 2598 et
410 2542 633 2617 transgressione
661 2550 724 2601 sant
751 2544 899 2618 procreati.
956 2548 1012 2609 tur,
1027 2556 1083 2597 non
1108 2548 1170 2598 sont
1194 2543 1234 2600 eis
1256 2544 1383 2616 dicenda,
1410 2550 1475 2622 quia
1497 2552 1621 2625 proditor
1642 2567 1684 2617 cst
1711 2560 1758 2637 qai

98 2626 140 2684 lia
153 2626 280 2701 patribus
302 2628 376 2687 enirn
392 2632 532 2690 venenatis
545 2631 621 2692 tirus
634 2632 733 2691 renem
753 2632 853 2689 transit
872 2633 903 2691 itt
956 2637 1007 2707 eis,
1019 2654 1081 2697 cum
1096 2639 1151 2698 sint
1162 2641 1267 2712 hostes,
1280 2654 1387 2703 reserat
1397 2646 1448 2705 Dei
1459 2655 1672 2723 secreta;unde
1685 2672 1757 2731 praa·

99 2712 186 2773 lilios.
956 2724 1073 2796 cipitur:
1093 2726 1185 2783 Nolite
1199 2730 1332 2787 sanctum
1345 2730 1412 2789 dere
1427 2736 1554 2805 conibet,
1565 2756 1617 2797 nec
1628 2742 1758 2803 mittatis
1836 2812 1839 2821 A

136 2806 171 2865 D.
186 2806 348 2865 Probat-
362 2811 398 2868 tr.
414 2810 526 2885 legitur
544 2809 702 2869 in-Geuesi
728 2810 802 2885 quod
827 2811 902 2871 Deus
955 2814 1049 2889 porcis
1077 2817 1267 2889 merperitea,
1299 2836 1335 2877 nc
1363 2824 1534 2885 conculcent
1561 2832 1589 2885 et
1612 2830 1756 2893 irrideant

100 2895 167 2954 ade
176 2898 307 2971 praecepit
321 2915 356 2957 ne
370 2900 528 2957 comederet
542 2900 578 2957 de
601 2900 687 2975 liquo,
702 2900 824 2961 scientie
837 2900 901 2958 bosi
957 2902 1066 2973 tratti.
1077 2920 1125 2974 vu,
1136 2904 1233 2974 stubi
1242 2916 1333 2966 autem
1343 2910 1508 2985 nesciuntur,
1520 2924 1634 2990 propter
1643 2918 1756 2995 eleetos,

99 2994 127 3042 al
140 2984 205 3041 mali
220 3002 228 3041 ε
243 2994 272 3043 at
285 2987 332 3045 ille
347 3005 403 3048 non
417 2989 452 3047 de
467 2988 552 3064 ligno,
566 2989 665 3047 sedda
679 2989 818 3048 interdicti
832 2990 902 3066 liqui
956 2992 1004 3065 qni
1018 2992 1153 3051 intereos
1168 2994 1253 3053 latent
1266 3000 1453 3071 convertendi,
1466 3013 1532 3060 sunt
1549 3023 1693 3069 sormones
1707 3012 1758 3071 Dei

99 3079 191 3139 iruetu
201 3077 331 3147 comedit,
341 3088 368 3137 et
378 3095 484 3137 veneno
494 3079 722 3153 transgressionis
733 3096 843 3137 omnem
852 3097 902 3153 po·
958 3082 1116 3155 proterendi
1130 3084 1186 3149 eis:
1203 3086 1273 3143 sicut
1283 3095 1309 3144 et
1318 3090 1456 3147 Dominus
1470 3110 1524 3150 non
1539 3098 1657 3157 cessavit
1673 3100 1757 3161 l‘etro

100 3171 255 3228 steritatem
269 3166 375 3225 iniecit.
393 3168 444 3227 llic
459 3168 640 3241 igiturpatet,
655 3169 719 3242 quia
734 3169 837 3227 tractus
850 3185 901 3231 ae·
956 3176 984 3227 et
999 3172 1060 3227 aliis
1075 3174 1214 3230 salvandis
1230 3177 1316 3233 verbu
1330 3178 1425 3236 salutis
1441 3182 1611 3257 ministrare,
1633 3191 1759 3263 quamvis

99 3254 192 3313 nenati
206 3252 274 3331 liqui
284 3269 302 3309 a
311 3269 418 3311 veneno
431 3252 624 3310 inobedientiae
638 3253 766 3309 immunis
780 3270 835 3311 uon
845 3253 903 3312 iue-
956 3262 1039 3319 sciret
1048 3262 1150 3319 tudam
1168 3272 1194 3321 at
1208 3264 1360 3338 pharisaeos
1370 3268 1435 3327 inde
1450 3272 1668 3335 scandalizando
1692 3294 1759 3339 cru-

101 3344 148 3415 rit,
163 3344 290 3419 quamvis
306 3342 422 3400 fructum
437 3342 505 3418 ligni
519 3342 665 3401 comedere
678 3359 734 3401 non
748 3344 879 3401 vetuerit.
956 3350 1037 3408 cieri.

136 3436 171 3493 D.
182 3432 262 3505 Quod
278 3440 320 3489 est
334 3432 446 3505 liparam
460 3435 589 3491 scientie
598 3432 701 3492 boniet
714 3434 788 3491 meli
797 3438 808 3492 ι
818 3435 900 3507 (Gen.
993 3440 1028 3497 D.
1048 3441 1154 3499 Debent
1167 3443 1277 3502 tolerari
1292 3446 1367 3518 mali,
1385 3466 1448 3506 eum
1463 3451 1589 3513 Christus
1602 3454 1701 3515 tudam
1714 3467 1759 3519 to·

100 3539 134 3594 rr,
149 3522 196 3597 t.)
209 3552 244 3565 -
258 3522 298 3577 Ι.
317 3521 445 3579 Scientire
465 3521 623 3579 divinarum
643 3521 859 3595 Scripturarum,
875 3531 902 3584 et
955 3530 1074 3588 leraviti
1087 3562 1122 3573 -
1137 3533 1175 3588 ll.
1194 3533 1259 3590 llali
1280 3536 1307 3591 in
1321 3537 1446 3597 Ecclesia
1465 3552 1529 3601 sunt
1549 3545 1692 3621 tolerandi,
1710 3546 1760 3609 sed

101 3620 209 3672 secreta
224 3611 415 3687 mysteriorum
426 3611 493 3679 Dei;
509 3612 583 3686 quod
596 3612 735 3687 praecipue
744 3612 811 3686 ipsis
825 3629 901 3671 cotn-
955 3634 1010 3677 non
1024 3619 1164 3691 imitandl;
1189 3624 1368 3699 quoadusque
1383 3626 1429 3685 ille
1445 3645 1508 3687 oum
1531 3634 1683 3697 ventilabro
1707 3656 1759 3698 tre·

100 3702 259 3760 nteodatutn
274 3709 325 3772 est,
341 3710 371 3759 ut
384 3700 506 3759 dicitur:
956 3708 1022 3774 nist,
1039 3710 1085 3782 qui
1098 3726 1184 3783 grana
1199 3711 1233 3768 de
1248 3714 1334 3785 paleis
1357 3718 1482 3792 excutiat,
1515 3730 1542 3779 et
1569 3723 1680 3785 zizaniis
1702 3726 1761 3803 iqui

141 3792 216 3852 Vobis
231 3789 334 3852 &tom
347 3795 391 3849 est
413 3806 495 3850 noste
521 3792 689 3866 mysterium
712 3792 760 3849 Dei
785 3792 898 3865 (ldettb.
958 3796 1068 3855 traditis
1081 3797 1202 3857 triticum
1216 3800 1245 3857 in
1258 3802 1358 3861 horrea
1372 3822 1423 3863 sua
1437 3810 1583 3871 recondat.

101 3896 165 3950 xtra,
182 3881 241 3956 lt).
993 3888 1032 3945 D.
1048 3888 1183 3963 Segreqet
1196 3897 1223 3947 te
1233 3892 1267 3947 ab
1283 3893 1357 3951 omni
1368 3897 1449 3967 malo,
1461 3904 1489 3955 et
1502 3900 1619 3961 collocet
1628 3911 1655 3964 te
1666 3904 1754 3980 Deus,

138 3972 173 4029 D.
189 3968 271 4043 Quod
284 3968 390 4045 imum
403 3966 493 4030 malit
507 3998 542 4011 -
554 3970 588 4029 n.
598 3968 703 4029 Notitis
713 3968 865 4042 secularis,
877 3976 905 4029 et
958 3975 1093 4051 magister
1106 3976 1188 4050 bone,
1204 3978 1232 4037 in
1247 3980 1351 4041 scelesti
1366 3986 1481 4059 gremio.
1498 3990 1602 4051 Amen.

680 4378 845 4461 LIBER
875 4380 1175 4467 SECUNDUS.

245 4592 275 4645 l.
297 4587 368 4659 Quid
381 4589 421 4645 sit
433 4588 554 4655 nubant,
569 4591 598 4645 et
611 4604 652 4645 en
664 4605 683 4646 o
696 4588 762 4647 Deo.
916 4590 1033 4665 Discit,
1048 4593 1213 4655 subsistunt.
1236 4594 1333 4657 Omnis
1348 4618 1414 4661 tero
1438 4608 1590 4670 substantia
1609 4613 1683 4673 bona
1697 4624 1758 4689 est;

137 4680 171 4737 D.
184 4677 285 4738 Anima
297 4693 362 4736 tnea
374 4677 492 4735 aasubu
503 4676 534 4734 in
546 4677 675 4747 Domino,
691 4678 766 4751 qnod
788 4677 900 4747 (ιειειξεο
955 4682 1006 4741 sed
1019 4682 1123 4739 malum
1145 4700 1202 4742 non
1228 4688 1312 4747 babet
1341 4693 1522 4755 substantiam
1536 4717 1543 4756 τ
1559 4718 1628 4775 ergo
1656 4704 1757 4763 malunt

100 4767 267 4843 ignorantia
280 4766 384 4836 nubilo,
398 4774 472 4825 tanto
486 4782 536 4840 par
545 4774 572 4824 te
582 4766 734 4823 illustratus
743 4782 804 4823 sum
814 4766 904 4824 scien·
955 4771 1023 4828 nibil
1037 4784 1091 4829 est.
1111 4773 1190 4845 Quod
1205 4785 1297 4836 autern
1310 4781 1409 4839 malum
1423 4785 1531 4859 dicitur,
1547 4790 1614 4849 nibil
1628 4792 1704 4850 aliud
1717 4804 1760 4852 εει

100 4858 149 4915 tire
163 4857 251 4915 radio.
266 4856 367 4928 Quteso
379 4855 482 4929 itaque,
504 4855 592 4914 decus
611 4854 756 4924 Ecclesioe,
772 4864 802 4911 ut
823 4854 905 4913 liceat
957 4876 1040 4934 quam
1054 4860 1101 4919 ubi
1117 4879 1172 4921 non
1188 4874 1229 4922 est
1252 4868 1376 4937 bonum;
1398 4873 1468 4931 sieut
1490 4877 1609 4948 cecitas,
1636 4882 1681 4939 ubi
1701 4899 1758 4942 non

99 4944 169 5005 mibi
183 4945 273 5005 adbuc
288 4944 380 5021 aliqua
393 4944 542 5019 inquirere.
559 4976 593 4988 -
607 4946 643 5003 ld.
660 4944 760 5016 Quaere
775 4960 837 5018 que
850 4945 903 5013 ais,
957 4954 1000 5004 est
1014 4946 1108 5017 visus;
1125 4957 1153 5005 et
1168 4952 1298 5023 tenebrat,
1314 4954 1362 5011 ubi
1376 4974 1431 5016 non
1446 4969 1488 5017 ast
1502 4962 1556 5035 lux,
1572 4981 1635 5022 cum
1649 4968 1758 5027 cecitas

101 5044 130 5095 et
145 5037 317 5111 audiesque
333 5036 423 5108 copis.
909 5112 913 5120 ι
958 5044 986 5092 ει
1000 5036 1121 5095 tenebra
1130 5054 1186 5095 non
1199 5041 1252 5099 sint
1263 5044 1438 5105 substantie.
1452 5050 1522 5107 Nota
1532 5054 1590 5113 beto
1601 5056 1663 5117 trie.
1675 5058 1758 5117 Crea-

138 5126 176 5184 D.
195 5126 300 5184 Dicitur
314 5125 416 5181 malum
430 5124 498 5183 nibil
513 5122 663 5194 csse‚etsi
678 5122 905 5193 molestando
958 5132 1018 5181 tura
1046 5126 1166 5199 reposita
1196 5137 1236 5186 est
1262 5131 1291 5188 in
1329 5136 1545 5207 predicamento
1582 5146 1754 5208 substantiae.

101 5214 202 5273 mirum
217 5214 335 5286 ridetur,
349 5214 488 5271 curDeus
502 5214 681 5271 bominesael
695 5214 809 5287 angelos
823 5213 905 5270 dam·
958 5212 1115 5271 Substantia
1135 5225 1177 5273 est
1205 5236 1250 5277 res
1278 5222 1398 5279 omnium
1427 5243 1529 5298 rerum,
1559 5234 1758 5304 predicamen-

102 5313 162 5373 net‚
176 5320 239 5362 eum
253 5300 321 5359 nibil
334 5302 448 5360 iaciant.
462 5300 492 5359 Si
506 5312 599 5359 autern
612 5302 717 5377 aliquid
733 5311 785 5370 cst,
800 5301 907 5358 ridetur
959 5312 1050 5361 torum
1074 5306 1102 5362 in
1132 5320 1193 5367 etse
1226 5325 1277 5367 suo
1306 5314 1491 5374 considerata.
1523 5321 1628 5380 Natura
1662 5326 1761 5385 dicitu

103 5395 192 5451 aDeo
205 5409 278 5463 esse,
292 5406 355 5450 curu
376 5391 467 5447 omniu
489 5388 544 5448 sint
564 5407 598 5449 ex
619 5392 700 5465 ipso;
730 5400 757 5448 et
783 5390 907 5464 sequitur
959 5393 1048 5451 omnis
1065 5412 1110 5452 res
1138 5392 1166 5452 in
1195 5412 1260 5457 csse
1289 5418 1348 5470 suo,
1377 5414 1476 5476 praeter
1503 5425 1536 5467 ea
1563 5429 1625 5485 quae
1650 5415 1759 5475 discor-

104 5482 179 5557 quod
190 5482 265 5539 Deus
276 5480 315 5537 sit
328 5491 425 5537 auctor
446 5478 524 5549 mali,
540 5486 568 5538 et
588 5480 689 5545 injuste
711 5496 759 5538 eos
783 5479 829 5553 qui
853 5479 907 5536 hoc
960 5484 1027 5540 dant
1066 5501 1082 5540 e
1135 5484 1226 5558 prima
1267 5492 1461 5553 constitutione
1501 5502 1655 5561 secuudum
1695 5522 1760 5563 suas

104 5570 215 5640 ratmot,
231 5568 364 5628 mmmmm.
380 5600 416 5611 -
430 5568 470 5626 tl.
488 5569 514 5626 Α
530 5570 589 5629 Deo
604 5586 704 5643 nempe
718 5576 780 5627 sunt
804 5566 907 5637 omnia,
960 5570 1157 5631 habitationes.
1177 5575 1310 5635 Voluntas
1325 5590 1419 5641 autern
1437 5602 1486 5643 seu
1499 5597 1598 5649 natura
1616 5610 1683 5667 quea,
1700 5595 1759 5655 dis·

104 5668 133 5719 ει
145 5658 240 5719 omnia
253 5658 320 5717 lecit
333 5658 414 5717 valde
427 5657 518 5729 bonet
533 5667 560 5719 ει
574 5659 638 5719 ideo
652 5661 756 5717 malum
775 5658 909 5732 probatur
961 5662 1054 5720 cordat
1068 5678 1085 5719 a
1112 5662 1252 5737 creatore,
1277 5684 1333 5727 uon
1358 5683 1480 5733 remanet
1503 5687 1598 5738 natura
1622 5684 1673 5741 sed
1693 5676 1762 5759 per·

104 5750 173 5810 nibil
185 5749 434 5823 pertaubstantiam
449 5765 525 5813 esse.
543 5749 642 5810 Omnia
655 5757 748 5810 sumtu
760 5764 821 5823 qne
833 5749 909 5809 Deus
961 5751 1078 5811 versitas
1092 5760 1205 5826 natura,
1220 5763 1249 5818 et
1261 5756 1321 5818 base
1333 5760 1397 5821 talis
1411 5764 1511 5851 dicittu
1530 5780 1689 5855 maestum.
1706 5776 1763 5836 Fa.

947 670 1079 727 Ambiunt
1093 672 1230 745 bonores;
1247 680 1378 746 appetunt
1402 679 1490 753 magis
1512 696 1641 753 preesse,
1667 699 1750 757 quarn
1859 728 1863 738 »
