3942 6067
119 307 166 364 ιιι
666 303 854 367 expositio
875 305 910 364 IN
929 307 1082 367 anrtca
1102 309 1237 372 cenric

1713 310 1765 366 ιιι

108 431 172 504 lege
187 430 241 487 sub
256 430 408 502 prophetis,
422 430 449 485 in
464 431 615 504 Evangelio
630 433 681 488 sub
695 432 839 504 apostolis.
859 431 907 488 ila
922 431 951 496 A
966 433 1019 490 Per
1042 433 1136 507 iguem
1161 436 1262 508 quippe
1291 435 1384 500 ardor,
1412 450 1461 506 per
1485 435 1611 489 llammus
1631 435 1765 506 accipitur

111 535 221 592 queque
233 527 288 574 tres
301 517 397 575 laudes
412 527 527 590 possunt
545 520 644 576 relerri
658 521 694 577 ad
709 530 766 578 tres
780 521 911 579 Ecclesiae

110 606 312 664 distinctiones.
337 607 439 674 Prima,
457 607 491 664 ad
508 607 594 679 illam,
612 625 674 682 quae
686 609 737 666 sub
751 608 912 682 patriarchis

106 694 232 753 ascendit
247 695 282 751 ad
296 693 379 751 idem
390 695 545 763 Trinitatis,
562 697 693 763 secunda,
710 697 745 753 ιιι
759 697 834 754 illam
849 713 912 770 quus

107 785 161 839 sub
185 783 329 857 prophetis
353 783 481 840 ascendit
506 785 540 840 ad
565 783 646 840 isdem
668 785 829 851 Trinitatis;
854 795 912 842 tes-

108 873 155 941 tie,
172 872 206 928 ad
222 871 297 928 illam
313 887 373 944 quae
388 871 439 927 sub
460 872 592 944 apostolis
606 880 633 930 et
647 889 742 930 eorum
765 889 911 932 successo·

107 959 187 1015 ribus
201 975 287 1034 usque
302 960 337 1015 ad
350 958 432 1016 finem
454 960 548 1016 mundi
572 961 695 1017 ascendit
708 962 742 1017 ad
757 960 837 1018 isdem
850 962 911 1017 Tri-

108 1047 212 1104 nitetis.

146 1199 314 1256 Sunamitem
330 1207 420 1255 autern
444 1199 471 1255 iu
495 1199 566 1256 solio
591 1201 679 1275 regali
705 1199 845 1258 sedentem
862 1215 909 1256 rer

107 1287 268 1360 alloquitur,
284 1287 380 1346 diceus
399 1303 405 1342 ι

148 1421 204 1478 Sub
218 1422 317 1478 arbore
330 1423 406 1480 nsulo
416 1423 554 1480 suscitavi
568 1427 607 1480 te.
622 1424 672 1480 Per
680 1423 733 1480 boc
743 1423 824 1480 datur
833 1423 913 1480 intel·

107 1509 170 1582 ligi.
195 1509 268 1582 quod
283 1510 334 1566 sub
349 1511 449 1567 arbore
463 1510 617 1581 dormierit,
634 1520 661 1568 et
676 1527 739 1568 earn
752 1511 791 1568 ibi
805 1511 911 1569 excita-

108 1597 191 1654 serit.
208 1598 238 1653 ln
254 1598 325 1655 malo
339 1606 469 1656 notantur
483 1599 543 1666 tria,
560 1599 666 1656 scilicet
687 1599 808 1668 fructus,
830 1600 909 1666 odor,

107 1686 222 1742 umbra.
243 1686 332 1742 Arbor
345 1686 426 1751 mali,
451 1695 492 1744 εει
516 1703 584 1744 cmx
608 1687 726 1754 Christi,
750 1689 828 1760 cujus
852 1687 911 1743 tru-

108 1783 172 1830 ctus
185 1782 228 1830 est
243 1774 374 1842 Christus,
391 1775 436 1848 qui
451 1782 493 1832 est
506 1775 575 1832 odor
588 1775 739 1844 suavitatis,
755 1785 780 1833 et
795 1775 949 1849 refuge-B

108 1861 179 1918 sium
194 1862 312 1920 abaestu
336 1861 461 1920 vitiorum
483 1863 518 1919 ad
541 1863 621 1920 vitam
645 1863 839 1920 itinerantium.
855 1867 909 1920 Su-

108 1949 220 2006 namitis
234 1951 284 2008 sub
298 1951 397 2008 urbore
409 1951 549 2020 dormivit,
572 1951 680 2025 quaudo
704 1951 852 2027 synagoga
875 1953 910 2009 de

109 2039 216 2096 arbore
230 2039 465 2112 praevaricationis
476 2045 580 2097 mortua
592 2040 688 2114 jacuit.
700 2041 778 2098 Hauc
788 2042 910 2098 Christus
983 2091 990 2102 .

108 2128 163 2184 sub
177 2127 278 2184 arbore
293 2127 356 2184 mali
371 2128 406 2184 ιιι
422 2129 505 2184 ritum
520 2127 669 2198 suscitavit,
681 2129 790 2202 quande
802 2129 832 2185 iu
845 2145 910 2186 cris·

109 2231 156 2283 ce,
172 2232 233 2288 que
247 2223 307 2272 erat
321 2215 426 2290 lignum
442 2217 513 2284 vitas,
529 2232 582 2289 pro
606 2231 639 2273 ca
661 2225 776 2274 mortem
800 2217 909 2274 subivit.

108 2304 184 2360 Dicit
199 2319 266 2378 ergo
292 2321 299 2358 ι
324 2305 380 2360 Sub
402 2305 498 2362 arbore
520 2305 593 2362 mulo
614 2304 743 2362 suscitavi
767 2313 809 2376 te,
834 2321 910 2378 quasi

109 2407 255 2452 consersae
265 2393 422 2466 synagoge
436 2393 510 2451 dicut
521 2411 528 2450 ι
538 2393 634 2452 bierite
650 2393 807 2468 diligendus
821 2410 911 2451 suma
966 2439 972 2450 .

107 2489 149 2548 te,
161 2481 223 2554 quia
236 2481 314 2553 prior
326 2481 410 2538 dilexi
425 2490 461 2548 to,
477 2490 505 2538 et
519 2489 606 2538 morte
630 2496 691 2539 mea
710 2483 813 2539 redemi
835 2490 862 2539 te
883 2483 911 2538 iu

111 2581 207 2622 cruce.
221 2567 260 2622 lbi
269 2571 407 2639 corrupte
420 2571 463 2624 est
472 2570 565 2624 muter
576 2571 636 2634 lue,
648 2567 753 2624 scilieet
766 2568 817 2623 sub
828 2581 911 2624 eruce

109 2655 261 2728 synagoga
275 2654 302 2709 iu
316 2653 425 2710 interno
434 2654 572 2724 damnata,
585 2671 645 2728 quse
654 2653 783 2712 claruerit
796 2655 909 2712 dicens:

109 2742 910 2816 Sunpuiselussuperassetsuperfiliosnostrosfflotlls.

107 2845 206 2898 xxvix,
219 2831 276 2902 ιδ).
289 2830 329 2886 lbi
340 2832 447 2888 υιοιιιιιι
461 2836 504 2888 est
518 2832 650 2902 penurie
660 2835 720 2901 tuo,
731 2830 858 2888 videlicet
866 2831 910 2888 lex

109 2917 203 2974 nutrix
220 2927 266 2974 tua
280 2919 459 2989 prevaricata
473 2927 525 2986 est,
543 2935 604 2991 quaa
617 2918 683 2976 dicit
702 2935 708 2974 :
727 2920 911 2978 innocentem

108 3011 140 3062 et
155 3009 265 3088 justum
279 3023 315 3064 ne
330 3007 489 3076 interficias
498 3007 582 3076 (Dan.
593 3022 655 3074 xsu,
668 3007 724 3078 tu).
737 3008 785 3064 Vel
795 3008 912 3082 genitrix

108 3103 154 3152 εει
169 3093 279 3162 violata,
295 3095 409 3194 quando·
425 3096 475 3194 lex·
490 3094 526 3152 de
549 3093 640 3152 littera
665 3105 710 3152 est
729 3096 766 3152 ad
788 3096 910 3168 spiritum
925 3131 951 3194 C

106 3191 227 3240 mutata.
246 3183 294 3239 Vel
309 3184 578 3257 geustr11,rxdelicet
590 3183 705 3242 iudaice
718 3201 789 3259 gens
803 3193 845 3242 est
858 3185 913 3242 rio·

105 3271 176 3338 Μ’
191 3273 302 3344 qu⁸⁰d⁰
326 3272 362 3328 ⁰h
387 3272 532 3330 'iudicum
556 3273 646 3332 πω
660 3289 676 3331 ⁸
689 3274 751 3331 Tim
766 3281 792 3330 ⁰¹
807 3275 911 3375 vm
965 3331 1081 3387 operum
1096 3315 1197 3372 Cbristi
1210 3331 1321 3387 semper
1333 3313 1454 3387 inspicit,
1470 3320 1498 3370 et
1511 3327 1546 3370 ει
1559 3311 1660 3369 imitari
1675 3311 1761 3384 cupit.

106 3359 192 3416 siano
207 3367 249 3417 ert
264 3359 414 3433 captivata.
441 3363 476 3418 Et
491 3361 554 3434 quia
567 3369 595 3418 ιε
608 3363 643 3418 ab
658 3363 710 3420 boc
725 3361 799 3420 malo
814 3362 910 3434 cripui,

106 3455 137 3506 ει
153 3448 220 3503 mibi
236 3463 366 3522 sponsam
375 3450 512 3523 assumpsi
523 3466 530 3504 ε
542 3453 618 3508 Pone
629 3468 675 3508 me
689 3455 723 3508 ut
731 3452 913 3524 signaculum

106 3553 197 3610 super
209 3554 257 3596 cor
274 3543 370 3606 tuum,
396 3538 423 3594 id
447 3547 492 3596 est
514 3539 662 3611 imaginem
682 3554 773 3597 meam
787 3539 913 3612 imprime

106 3625 254 3684 memorie
275 3634 336 3692 tuae,
353 3634 383 3682 ut
397 3626 515 3699 sigillum
530 3641 611 3694 certe,
630 3635 659 3684 ot
673 3627 772 3700 diliges
786 3645 831 3684 me
845 3628 913 3686 sicut

109 3713 198 3770 dilexi
210 3722 245 3770 ιε.
257 3713 291 3770 Et
301 3729 375 3786 pone
387 3731 430 3772 me
441 3719 474 3772 ut
484 3717 664 3788 sicnuculum
675 3717 913 3790 superbroclsiuns

109 3811 207 3870 tuum,
230 3802 257 3858 id
277 3809 320 3860 εει
339 3803 482 3875 exemplar
502 3820 571 3860 mese
590 3804 759 3876 operationis
786 3805 913 3876 imprime

107 3899 165 3948 ιιιιε
184 3891 355 3964 operationi,
377 3899 405 3948 ut
428 3892 498 3948 sicut
519 3908 572 3966 ego
596 3909 647 3965 per
671 3892 758 3950 inuita
780 3899 914 3950 tormenta

106 3987 234 4034 mortum
249 3995 307 4034 sum
322 3995 416 4036 unere
430 3980 478 4049 tui,
495 3979 533 4037 ita
556 3990 584 4036 tu
608 3997 658 4054 per
679 3979 754 4037 varia
778 3989 914 4038 tormenta

105 4067 239 4124 moriaris
252 4083 346 4124 amore
363 4068 426 4125 mei.
452 4069 511 4126 ιιοε
523 4069 587 4128 lecit
601 4068 728 4127 Ecclesia
744 4068 770 4124 iu
784 4077 914 4142 martyri-

108 4157 166 4212 bus
179 4163 305 4228 tempore
318 4155 528 4228 persecutionis.
547 4159 617 4230 Quia
632 4161 717 4228 sertis
733 4162 776 4215 est
791 4161 826 4214 ut
839 4174 915 4216 mors

107 4244 238 4310 dileetio,
253 4245 307 4302 boc
328 4253 379 4314 εει,
394 4245 465 4302 sicut
478 4261 553 4303 mors
568 4247 659 4302 ornuia
675 4246 769 4312 vincit,
784 4244 821 4301 ita
843 4245 914 4302 dile·

110 4331 169 4389 etio
183 4331 277 4390 omnia
292 4332 385 4400 uincit,
402 4351 464 4407 quaa
478 4351 522 4392 ιιιε
539 4349 622 4392 causa
637 4334 674 4390 tui
688 4335 722 4390 ad
739 4343 852 4392 mortem
868 4348 915 4391 co·

107 4419 271 4494 egitsburu
281 4425 314 4478 ut
323 4422 455 4492 infernus
464 4421 772 4480 emulatio.AEmrslatio
781 4421 915 4493 accipitur

107 4508 140 4562 in
155 4507 229 4565 beno
243 4516 271 4566 ει
284 4508 313 4564 in
336 4509 417 4566 malo.
443 4509 548 4568 Dicitur
569 4510 642 4566 enim
656 4509 767 4568 imitatio
781 4509 826 4566 vel
839 4507 913 4566 iudi-

106 4595 217 4670 gnutio,
236 4597 263 4653 id
276 4607 320 4654 εει
334 4598 447 4654 ιιιιιιιιι.
459 4598 588 4654 AEmulari
604 4598 676 4654 enim
692 4607 733 4655 est
747 4599 834 4656 bonos
849 4597 913 4654 irus·

107 4685 176 4752 tari,
191 4686 235 4742 rel
250 4687 331 4742 malis
345 4686 495 4759 indignari,
506 4685 550 4744 sel
561 4685 719 4744 melioribus
729 4685 862 4744 invidere.
874 4687 915 4745 Da

107 4775 187 4830 bono
196 4773 262 4832 dicit
274 4775 425 4847 Apostolus
442 4790 448 4830 :
465 4776 663 4842 AEnsutunsini,
670 4774 698 4830 id
709 4782 752 4832 est
762 4773 913 4844 imitamini,

107 4861 289 4920 eburismulu
302 4866 420 4924 meliora
431 4865 456 4936 (l
464 4864 525 4922 Cor.
536 4879 588 4932 xrs,
597 4865 653 4935 ut).
665 4863 706 4920 De
716 4863 790 4921 male
804 4871 893 4920 autem
906 4883 914 4920 ι

108 4953 301 5009 AEmuluntur
311 4969 421 5014 uosrwn
432 4954 583 5026 bene(llul.
593 4969 631 5020 iv,
643 4955 697 5020 tlt.
715 4953 751 5010 iit
765 4951 800 5010 de
813 4953 916 5025 loscplr

109 5038 262 5096 scribitur:
275 5041 497 5098 AEmulubuutur
511 5058 576 5098 eum
591 5044 698 5110 fratres
710 5041 791 5112 (Gen.
801 5055 914 5108 xxxxii,

965 521 1107 594 splendor.
1122 524 1294 590 Laurentius,
1307 523 1471 591 Stephanus,
1488 529 1515 577 et
1533 522 1580 578 alii
1593 522 1634 578 eis
1649 523 1763 591 similes,

965 609 1116 682 lamprides,
1128 611 1156 666 id
1170 619 1211 667 est
1227 627 1291 667 rasa
1306 609 1457 670 charitatis.
1472 610 1642 678 exstiterant,
1659 610 1687 665 in
1702 611 1764 684 qui-

967 697 1020 753 bus
1035 697 1107 772 iguis
1127 699 1243 769 Spiritus
1265 700 1352 755 saneti
1367 699 1497 767 ardebat,
1523 706 1549 754 et
1573 699 1639 754 loris
1655 699 1765 755 llamma

966 786 1132 857 operationis
1141 787 1259 843 lucebat.
1270 791 1355 860 Aquoe
1369 787 1479 852 multu,
1491 786 1518 841 id
1534 794 1576 843 est
1591 786 1728 843 blandities
1738 795 1765 843 et

965 873 1162 931 delectationes
1191 875 1350 944 mundanas,
1378 893 1436 933 non
1463 880 1635 948 potuerunt,
1659 875 1687 929 in
1712 875 1761 938 eis.

965 962 1149 1034 exstinquere
1169 963 1357 1030 eburilutem,
1382 980 1476 1036 neque
1497 964 1640 1032 flumina,
1673 963 1700 1019 id
1723 973 1764 1020 est

964 1049 1048 1107 mina
1063 1059 1089 1106 et
1104 1049 1302 1116 tribulationes¹
1320 1053 1440 1108 obruent
1453 1053 1544 1118 illum,
1556 1058 1585 1106 ut
1600 1066 1648 1106 cus
1662 1068 1676 1105 a
1692 1055 1763 1108 veri·

966 1145 1021 1195 tate
1035 1146 1180 1205 avertant;
1198 1139 1262 1211 quia
1276 1155 1365 1212 neque
1379 1155 1465 1205 mors,
1482 1156 1571 1212 neque
1592 1140 1660 1203 situ,
1674 1157 1762 1211 necue

964 1226 1063 1298 ulique
1082 1229 1216 1282 creatura
1233 1229 1339 1298 poterit
1363 1243 1411 1283 eos
1436 1243 1568 1298 separare
1584 1244 1600 1281 ιι
1617 1225 1763 1283 charitate

968 1313 1074 1369 cnissis
1084 1315 1174 1375 (Rom.
1185 1329 1245 1379 vrrs,
1263 1315 1319 1384 39).

999 1475 1029 1530 Si
1038 1473 1148 1530 dederit
1165 1475 1367 1530 lsomoonsnem
1384 1473 1577 1528 substantium
1595 1472 1763 1530 demisisse

963 1579 1015 1636 pro
1033 1562 1196 1631 dilectione,
1217 1563 1300 1636 quusi
1316 1561 1391 1617 nibil
1406 1561 1541 1633 despiciet
1560 1577 1633 1618 eum.
1652 1562 1710 1618 lloc
1724 1571 1766 1618 est

965 1666 1026 1708 cum
1041 1650 1114 1706 omni
1128 1650 1280 1706 substantie
1289 1648 1382 1704 mundi
1396 1664 1452 1704 nou
1466 1656 1556 1720 potest
1565 1647 1678 1706 dileetio
1693 1664 1764 1706 com·

965 1739 1067 1810 parari,
1084 1737 1147 1810 quia
1165 1739 1240 1794 Deus
1257 1739 1384 1794 clsuritus
1401 1741 1444 1794 est
1456 1737 1480 1807 (l
1488 1739 1568 1795 loun.
1580 1753 1620 1803 rr,
1633 1739 1686 1807 to),
1704 1755 1765 1810 quus

962 1827 1020 1884 solu
1033 1835 1121 1884 morte
1135 1836 1177 1882 est
1191 1827 1346 1895 mercanda,
1358 1833 1386 1882 ει
1400 1825 1459 1882 sine
1473 1825 1527 1882 line
1542 1825 1669 1882 tenenda.
1687 1827 1765 1884 Fide·

964 1913 998 1970 lis
1018 1915 1108 1970 anima
1122 1914 1157 1970 de
1171 1914 1282 1971 deserto
1304 1913 1447 1982 ascendit,
1472 1929 1534 1972 cum
1556 1915 1660 1971 malam
1681 1914 1765 1971 sitam

963 2001 1076 2068 deserit,
1093 2011 1120 2059 et
1132 2003 1169 2059 sd
1183 2002 1333 2074 spiritalem
1349 2003 1589 2059 conversationem
1600 2019 1651 2074 per
1661 2003 1766 2076 gradus

964 2097 1092 2147 vidulum
1115 2089 1249 2148 ascendit.
1267 2089 1330 2146 ιιιεε
1343 2089 1449 2147 ιιειιειιε
1462 2089 1556 2156 abluit,
1577 2105 1640 2147 cum
1655 2089 1767 2148 ferculis

965 2177 1168 2251 Scriplurarum
1192 2177 1324 2234 deliciose
1350 2177 1483 2250 pascitur.
1521 2177 1610 2249 Super
1635 2177 1765 2234 dilectum

904 2305 909 2318 .
966 2270 1009 2318 εει
1032 2261 1134 2332 innixo,
1150 2263 1212 2335 quia
1226 2261 1278 2319 seli
1292 2261 1381 2318 umori
1395 2261 1495 2318 Christi
1509 2260 1658 2317 estiusita.
1687 2262 1765 2318 Hanc

965 2350 1016 2407 aub
1032 2350 1131 2407 arbore
1145 2351 1211 2407 maii
1223 2351 1351 2407 Christus
1365 2349 1519 2417 suscitavit,
1543 2349 1608 2404 dum
1631 2355 1764 2404 mortuam

965 2438 1124 2510 inpeccatis
1137 2455 1190 2511 per
1203 2437 1285 2494 tidem
1298 2439 1387 2495 crucis
1400 2436 1558 2493 vis-incasit.
1585 2435 1626 2490 lbi
1639 2445 1763 2508 corrupta

965 2533 1109 2584 estmater
1123 2527 1199 2596 eius,
1221 2526 1326 2584 scilicet
1347 2527 1376 2582 in
1396 2534 1510 2597 peceato
1535 2523 1765 2596 concupiscentie

965 2614 1088 2672 mortalis
1103 2615 1173 2671 tacta
1193 2621 1235 2670 εει
1254 2615 1375 2670 bumana
1389 2622 1497 2682 nutura,
1515 2621 1542 2668 et
1556 2613 1593 2668 ibi
1609 2612 1709 2668 viciata
1723 2621 1766 2668 est

965 2702 1082 2776 genitrix
1097 2702 1169 2772 ejus,
1185 2701 1314 2759 uidelicet
1328 2710 1438 2774 propter
1460 2709 1604 2773 peccatum
1627 2699 1765 2772 passibilis

965 2790 1039 2848 lacta
1053 2797 1098 2846 εει
1111 2804 1177 2847 caro
1191 2791 1269 2847 Esse.
1288 2789 1376 2858 Quam
1390 2789 1515 2846 Christus
1536 2789 1626 2846 adbuc
1646 2789 1764 2846 suseita-

966 2879 1020 2946 bit,
1044 2883 1075 2935 et
1094 2876 1328 2950 incorruptibilem
1350 2886 1433 2950 atque
1455 2875 1654 2948 impassibilem
1666 2876 1760 2934 saciet.

966 2967 1032 3024 ideo
1046 2966 1181 3024 Christum
1196 2965 1270 3038 pouit
1282 2982 1369 3038 super
1381 2981 1432 3022 cor
1444 2982 1525 3022 suum
1538 2973 1567 3020 ut
1581 2964 1764 3037 signaculum,

967 3056 1030 3128 quia
1044 3055 1104 3126 ejus
1117 3055 1269 3113 doctrinam
1292 3062 1320 3111 ει
1341 3055 1423 3111 uitam
1447 3054 1475 3110 iu
1496 3053 1581 3112 corde
1600 3054 1639 3110 ιιι
1656 3053 1764 3121 iormat,

965 3138 1044 3211 quasi
1067 3153 1129 3195 eum
1148 3154 1254 3211 semper
1276 3145 1442 3211 presentem
1462 3136 1566 3194 rideat.
1596 3136 1686 3208 Super
1699 3136 1766 3192 bra·

966 3226 1059 3284 chium
1081 3242 1144 3283 eum
1166 3227 1243 3298 ponit
1266 3235 1296 3283 ut
1318 3225 1509 3300 signaculum,
1523 3224 1586 3281 dum
1611 3223 1767 3296 exemplum

965 3405 997 3458 lu
1011 3403 1057 3460 tali
1072 3403 1182 3461 bomine
1196 3403 1274 3460 iustis
1287 3411 1330 3461 est
1342 3410 1372 3460 ut
1385 3417 1462 3460 mors
1475 3401 1602 3466 dilectio,
1620 3400 1683 3472 quia
1696 3400 1767 3456 sicut

966 3501 1043 3548 mors
1056 3506 1157 3564 corpus
1171 3489 1311 3557 interimit,
1323 3499 1351 3548 ει
1363 3490 1524 3548 insensibile
1540 3488 1641 3556 reddit,
1651 3489 1692 3544 ita
1701 3503 1767 3544 sera

966 3579 1076 3638 dileetio
1089 3580 1207 3637 ammam
1230 3579 1462 3651 mnsuptsesusiis
1484 3579 1579 3634 muudi
1600 3576 1724 3649 perimit,
1740 3583 1767 3632 ει

966 3667 1004 3725 ιιι
1027 3675 1127 3725 cuncta
1148 3675 1257 3725 terrena
1276 3668 1413 3724 desideria
1433 3665 1622 3723 insensibilem
1637 3664 1714 3722 lacit.
1732 3664 1768 3719 ιιι

968 3755 997 3810 in
1010 3755 1126 3814 eadura
1148 3763 1191 3812 est
1213 3755 1284 3812 sicut
1306 3755 1429 3812 iuleruus
1450 3753 1602 3820 aemulatio,
1618 3753 1683 3826 quia
1696 3753 1767 3809 sicut

968 3843 1094 3900 infernus
1115 3843 1220 3900 duriter
1232 3858 1302 3915 quos
1316 3841 1487 3900 absorbuerit
1511 3849 1599 3910 tenet,
1620 3841 1658 3896 its
1677 3840 1768 3897 anima

967 3931 1075 3989 fortiter
1095 3931 1275 3988 imitationem
1289 3931 1428 3996 virtutum,
1444 3945 1526 4003 quam
1540 3929 1667 4002 coeperit,
1682 3936 1766 3992 leuet,

892 4069 897 4080 .
967 4035 1020 4078 nec
1042 4027 1154 4092 propter
1171 4018 1263 4092 aliqua
1284 4017 1354 4074 dura
1373 4017 1468 4074 mundi
1486 4032 1548 4074 eam
1568 4016 1684 4074 deserit.
1704 4017 1769 4073 iisse

968 4107 1061 4164 emma
1074 4114 1117 4164 εει
1130 4107 1235 4180 lampas
1248 4104 1390 4164 charitatis
1398 4145 1406 4174 ,
1425 4105 1453 4160 iu
1473 4121 1529 4178 qua
1543 4103 1622 4161 ardet
1636 4104 1708 4176 ignis
1723 4103 1770 4160 di·

968 4195 1024 4252 riui
1038 4195 1151 4264 amoris,
1166 4199 1194 4252 ει
1207 4195 1274 4252 ioris
1289 4195 1362 4252 locet
1384 4195 1494 4250 llamma
1517 4193 1581 4250 boui
1604 4194 1709 4266 operis.
1737 4193 1768 4249 ln

969 4285 1020 4342 lsac
1032 4282 1124 4343 anima
1136 4300 1215 4358 aqua
1228 4284 1329 4351 multe,
1354 4281 1382 4338 id
1403 4288 1445 4339 est
1465 4281 1630 4354 multiplices
1644 4282 1768 4338 delecta·

967 4372 1057 4432 tiones
1072 4372 1175 4439 caruis,
1186 4387 1241 4428 uon
1254 4379 1383 4444 poterunt
1395 4368 1572 4444 exstinguere
1586 4370 1765 4427 charitatem:

926 4477 1062 4548 Dncque
1082 4460 1208 4525 flumina,
1229 4459 1255 4514 id
1278 4466 1320 4515 est
1340 4458 1519 4526 tentationes,
1539 4457 1657 4516 obruent
1682 4457 1767 4522 illam.

889 4597 895 4609 .
970 4549 1036 4621 quin
1059 4566 1169 4621 semper
1188 4547 1283 4604 ardeat
1306 4556 1334 4604 et
1355 4547 1456 4605 luceat.
1488 4545 1554 4604 ilaee
1577 4546 1685 4606 dilectio
1708 4547 1769 4603 talis

970 4645 1014 4693 est
1031 4656 1037 4694 :
1054 4637 1082 4692 Si
1097 4635 1204 4693 dederit
1224 4635 1307 4694 bomo
1332 4652 1443 4692 omnem
1466 4635 1646 4691 substantiam
1670 4634 1769 4691 domus

896 4776 902 4787 .
969 4741 1027 4782 sua
1039 4740 1091 4798 pro
1105 4723 1262 4790 dilectione,
1277 4723 1357 4797 quasi
1382 4722 1449 4780 nibil
1469 4721 1604 4797 despiciet
1617 4738 1691 4778 euru.
1710 4722 1769 4778 Hoc

970 4821 1013 4869 est
1026 4813 1050 4868 si
1074 4813 1167 4870 omnia
1180 4811 1277 4868 mundi
1292 4811 1439 4885 relinquat,
1456 4810 1524 4869 nibil
1539 4810 1563 4868 ει
1577 4810 1699 4884 prodest,
1714 4808 1767 4865 uisi

969 4901 1059 4974 ipsein
1073 4901 1241 4967 charitatem,
1258 4918 1320 4974 quae
1334 4902 1408 4958 osus
1424 4906 1476 4968 est,
1491 4901 1604 4958 babcst.

1005 5037 1158 5096 l'idendum
1172 5047 1262 5095 autem
1279 5037 1344 5111 quid
1358 5039 1393 5096 sit
1407 5037 1530 5096 dilectio.
1555 5034 1769 5107 Dilectio'igituf

114 5127 175 5199 ιι),
185 5127 214 5183 id
225 5136 268 5184 est
278 5128 437 5186 insidebant
447 5129 482 5186 ei.
493 5128 636 5186 dimulatio
647 5145 712 5202 ergo
725 5127 856 5186 Ecclesia
866 5127 917 5186 luit
970 5135 1013 5185 est
1034 5143 1134 5200 magna
1149 5126 1281 5200 appetitio
1294 5126 1413 5200 aiicujus
1429 5126 1467 5182 rei
1485 5124 1668 5199 perfruendas,
1683 5141 1767 5199 quam

110 5215 185 5272 dura
199 5223 228 5272 ut
243 5216 384 5284 infernum
402 5217 465 5290 quia
480 5217 551 5274 sicut
564 5215 687 5274 infernus
702 5225 744 5274 εει
758 5215 916 5292 infrangibi·
970 5215 1033 5290 quis
1046 5215 1148 5271 bebere
1162 5215 1247 5287 cupit.
1276 5215 1340 5272 liae
1360 5213 1491 5270 dividitur
1509 5214 1537 5270 in
1560 5212 1615 5269 duo
1631 5229 1637 5267 :
1653 5211 1682 5268 in
1696 5211 1767 5269 dile·

109 5299 159 5365 lis,
169 5300 208 5354 ita
221 5297 336 5355 imitatio
346 5299 488 5368 Ecclesiae,
501 5316 555 5373 qua
569 5299 672 5357 imitata
686 5309 727 5356 est
737 5299 836 5357 Cbristi
850 5300 918 5358 dile·
970 5303 1089 5362 ctionem
1113 5301 1239 5360 videlicet
1254 5303 1305 5358 Dei
1325 5311 1352 5358 et
1373 5303 1503 5375 proximi.
1531 5300 1647 5357 Dilectio
1661 5301 1712 5358 Dei
1726 5308 1769 5357 est

110 5385 233 5444 ctionem
244 5387 286 5443 rel
294 5389 490 5459 operationem,
500 5388 550 5444 luit
558 5387 764 5462 insuperabilis.
774 5387 832 5446 lioc
842 5387 914 5452 ideo.
970 5392 1063 5450 omnia
1077 5391 1222 5449 commodo
1244 5399 1272 5448 et
1294 5392 1467 5450 incommoda
1480 5397 1671 5458 contemnere,
1686 5405 1769 5448 causa

109 5477 179 5551 cuia
199 5476 344 5550 lampades
356 5479 427 5548 ejus,
442 5477 586 5550 iumpudes
601 5475 678 5550 ignis
691 5483 776 5552 utque
788 5479 917 5548 flumme·
968 5475 1128 5549 perfruendi
1142 5476 1211 5532 Deo.
1225 5474 1290 5534 Hac
1303 5475 1391 5532 tribus
1404 5474 1497 5531 verbis
1512 5473 1651 5546 impletur,
1668 5481 1698 5529 ut
1712 5471 1769 5530 dili·

109 5583 193 5632 min,
212 5565 265 5624 boc
279 5573 335 5631 est,
352 5565 483 5624 babentes
506 5565 667 5623 charitatem
690 5567 763 5624 intus
788 5575 817 5623 ut
842 5565 914 5640 iguis
969 5579 1069 5637 gamm
1084 5565 1171 5621 Deum
1194 5580 1226 5621 ex
1248 5570 1303 5620 tota
1317 5562 1417 5631 anima,
1434 5579 1467 5619 cx
1482 5570 1537 5620 tota
1550 5569 1652 5630 monle,
1666 5578 1698 5620 ex
1714 5570 1767 5620 tota

109 5655 258 5722 ardebant,
277 5653 344 5712 loris
366 5654 493 5714 lucebant
535 5661 564 5712 ιιι
586 5655 717 5722 damme,
742 5655 914 5727 operatione.
969 5653 1077 5723 virtute,
1093 5651 1177 5709 idest
1201 5669 1234 5709 ex
1257 5665 1351 5721 seusu,
1372 5667 1405 5710 ex
1429 5650 1544 5720 ratione,
1561 5667 1595 5709 ex
1609 5651 1760 5709 intellectu.
