3942 6067
94 266 163 324 isat
574 260 778 349 sancturus
791 258 840 315 bis
850 258 1092 317 SACBAMENTO
1106 258 1264 317 struitis.
1686 264 1754 321 isto
1771 278 1773 283 ’

94 398 123 447 et
136 404 185 460 pro
199 388 290 461 ipsis:
307 385 361 459 ipsi
373 401 424 458 pro
439 403 471 443 sa
483 393 512 441 et
526 399 576 457 pro
590 384 684 442 nobis.
700 383 897 455 lindesnperiu
910 382 939 444 Α
952 385 1163 443 incolumitatis
1182 390 1299 443 rostro.
1315 386 1396 443 Facta
1410 392 1451 443 est
1475 392 1568 442 norim
1592 386 1754 459 redemptio,

95 478 293 551 postulavimus
308 494 403 535 eorum
419 478 590 536 orationibus
604 473 744 545 adjuvari,
762 474 896 545 dicentes,
953 472 1063 529 cbristo
1077 473 1164 529 semel
1180 472 1209 529 in
1224 488 1307 531 eruce
1321 489 1412 546 passo.
1428 474 1499 529 Nam
1511 476 1640 547 pessime
1655 464 1756 533 Christi

97 569 333 641 Orotcprottobis.
350 568 497 625 Sciendum
513 576 555 625 eet
569 550 659 623 autern
674 564 750 636 quod
771 564 818 620 ubi
832 578 899 619 nra·
955 562 1090 634 relerrrpli
1105 574 1230 619 summus
1245 568 1274 619 et
1287 562 1395 619 liberati
1409 562 1444 619 de
1457 575 1542 621 manu
1556 563 1646 620 inlesi.
1663 565 1757 639 Culpis
1804 568 1813 577 “

96 657 186 715 rimus
209 672 260 728 pro
285 664 339 715 tola
359 656 496 722 Ecclesia,
522 654 681 729 rogavimus
703 661 732 709 et
752 668 803 723 pro
823 652 897 708 istis.
956 651 1059 707 nostris
1081 650 1258 724 exigentibus,
1279 651 1400 725 quetidie
1422 651 1590 709 labimursb
1604 653 1657 711 hoc
1679 653 1759 727 lapsu

98 745 260 817 specialiter
286 754 379 801 tamen
404 745 554 803 ismilitres
576 744 719 809 absentes,
734 749 761 799 et
780 754 903 813 praesen·
956 740 1055 797 iterata
1078 739 1273 807 immolatione,
1292 756 1354 813 quse
1376 739 1406 796 iit
1429 740 1457 795 ιιι
1471 740 1561 808 abari,
1577 742 1757 815 resurgimus,

99 842 151 901 tes,
175 839 203 891 et
225 832 297 893 alios
321 836 490 891 ιιιιιιιιιιι
505 845 705 898 memorasses,
720 839 750 885 ut
764 830 842 887 ciras
855 842 904 885 eos
956 836 986 885 et
1001 842 1178 887 renovamur.
1196 828 1351 887 ιιιιιοιιιιο
1364 828 1489 897 ιιιιιιιιι,
1504 844 1559 887 non
1574 831 1696 889 Gmistss
1710 847 1760 889 os-

100 930 237 995 supertur
258 930 360 979 nostras
387 921 543 980 derouonis
569 919 697 978 allectos.
730 918 809 976 Unde
835 930 905 991 quos
959 917 1070 985 c‘ulitur,
1086 916 1135 975 sad
1150 918 1212 989 ipso
1224 926 1357 990 praesente
1372 918 1464 991 passio
1489 918 1552 992 etus
1576 928 1760 993 represents-

101 1012 242 1069 clrariores
263 1011 409 1078 babemus,
433 1012 488 1069 boc
510 1011 574 1069 loeo
600 1009 742 1065 nominare
767 1007 902 1065 solemus.
956 1015 1013 1065 tur.
1033 1006 1278 1079 superabundante
1301 1007 1499 1077 misericordia,
1520 1008 1608 1080 majus
1633 1009 1761 1084 luitpre·

98 1102 297 1158 Poteststrtem
312 1117 375 1157 esse
388 1100 519 1173 repetitio
532 1099 670 1173 generalis
684 1096 828 1163 untionis,
843 1096 905 1151 itt:
962 1087 1029 1153 lium
1052 1111 1135 1169 quern
1158 1104 1282 1156 nostrum
1303 1097 1444 1165 delictam,
1469 1098 1544 1153 llam
1575 1098 1651 1155 euim
1679 1100 1761 1158 bbtno

99 1188 789 1261 temese,ttorsise,rarrratorsmsomrrtsssssass
796 1188 913 1242 laomen
961 1185 1063 1253 laetus,
1077 1192 1202 1243 mortuus
1217 1193 1270 1252 est,
1286 1194 1316 1243 ιιι
1327 1184 1469 1243 ιιιιιιιιιιιιι·
1483 1187 1565 1244 bomo
1581 1194 1610 1244 et
1623 1203 1678 1245 rtett
1699 1202 1762 1246 mo·

101 1279 226 1337 omniumr
241 1280 346 1337 scilicet
364 1276 486 1339 fidelium
500 1276 684 1349 corporaliter·
710 1274 867 1331 ensentium
881 1281 910 1330 et
962 1274 1062 1333 matur.
1080 1272 1176 1343 Quies
1191 1273 1278 1342 dedit,
1291 1274 1383 1344 msius
1396 1274 1533 1335 narsum
1548 1277 1648 1348 potnit.
1667 1274 1762 1339 Sita-

102 1368 149 1425 bic
169 1367 369 1427 emittentium.
400 1367 536 1423 iterandas
563 1365 636 1423 enirn
663 1375 726 1421 sunt
758 1362 908 1427 orationes,
963 1372 1020 1421 tem
1035 1364 1111 1421 tiens
1125 1363 1213 1433 maius
1227 1361 1343 1434 medum
1356 1362 1493 1421 darennrr
1518 1364 1616 1436 potuit,
1639 1366 1764 1439 quidm·

105 1457 170 1529 quia
182 1456 347 1516 assiduitate
365 1455 497 1514 orationis
511 1454 649 1511 multoties
676 1453 799 1525 placatur
812 1452 913 1530 treus,
965 1452 1120 1510 tribuemus
1132 1452 1186 1509 sii
1200 1449 1348 1509 Oderimus
1356 1452 1387 1509 ei
1401 1453 1515 1509 enicem
1529 1454 1657 1511 salutaris
1675 1457 1765 1513 saeri-

104 1554 133 1603 et
147 1545 379 1618 postulationibus
392 1544 494 1601 nostris
510 1542 702 1615 iitpropirtus.
718 1541 788 1597 item
814 1538 913 1595 scieu-
966 1541 1022 1599 irrii
1035 1557 1089 1614 qun
1103 1541 1250 1613 redempti,
1266 1540 1453 1614 quolibarsti,
1477 1543 1528 1599 sed
1551 1543 1633 1603 etiarn
1655 1544 1763 1613 salusti,

105 1635 229 1691 domest
243 1634 316 1707 quod
331 1633 556 1691 sinoustatrtum
570 1632 606 1687 sit
621 1644 754 1703 praesens,
778 1627 826 1683 rel
841 1625 911 1683 nulli
965 1631 1100 1689 ιιιιιιιιιιι
1115 1630 1224 1687 bertam
1238 1646 1315 1702 spem
1337 1630 1511 1703 resurgendi,
1529 1647 1591 1689 cunr
1612 1633 1766 1691 eninrtmm

106 1725 163 1781 sint
176 1727 342 1795 merentes,
356 1729 387 1779 ut
400 1722 429 1779 in
442 1721 536 1779 missis
549 1720 688 1789 solitariis,
703 1734 758 1775 non
772 1716 835 1773 ideo
848 1732 910 1773 mn·
924 1729 954 1795 Β
967 1718 1067 1789 sature,
1083 1727 1109 1775 et
1128 1734 1276 1791 corporum
1300 1718 1520 1791 insomrrpttorre.
1546 1722 1635 1793 amru
1658 1738 1768 1781 masta-

106 1820 198 1869 tuntur
212 1828 274 1884 quse
287 1811 432 1884 pluraliter
445 1810 534 1869 solent
555 1808 616 1865 lieri
635 1808 789 1864 orationes.
819 1804 912 1862 Primo
965 1808 1018 1865 rati
1033 1806 1161 1873 offerunt,
1179 1806 1284 1880 tibique
1298 1806 1423 1865 redderit
1437 1812 1504 1867 osis
1516 1823 1579 1877 ran,
1597 1824 1653 1867 non
1675 1810 1767 1884 idolis,

107 1903 183 1957 enirn
210 1916 264 1958 non
293 1899 420 1957 solebant
442 1899 536 1955 missas
554 1896 691 1955 celebrari
711 1893 771 1952 sine
797 1894 913 1952 museto
966 1913 1022 1955 nort
1035 1896 1248 1964 demandaret
1264 1896 1315 1953 tibi
1328 1896 1386 1955 Deo
1402 1899 1462 1956 uitro
1477 1902 1506 1955 rt
1519 1899 1769 1959 oerndomirrrtrri-

110 1989 233 2047 fidelium
256 1987 438 2047 multitudiue.
463 1988 560 2043 Postea
583 2001 643 2042 mos
669 1983 794 2051 inolevit,
814 1982 914 2039 missas
966 1986 1461 2047 mateselmsrrtorinmrrtrtersrrtes.
1474 1985 1770 2055 Aliterenimmeoon·

110 2080 181 2137 sicut
196 2079 344 2136 monmbos
358 2077 502 2135 celebrare
515 2074 663 2139 soliterius,
686 2072 761 2145 quod
781 2072 822 2128 eis
844 2086 914 2128 con·
967 2073 1110 2132 venientes
1133 2071 1249 2131 onerant
1269 2073 1338 2140 baa.
1359 2089 1411 2133 nas
1442 2081 1506 2132 rots
1534 2075 1690 2147 redderent,
1717 2076 1772 2153 pisi

111 2183 221 2225 cessum
244 2175 286 2222 est
306 2182 340 2221 ex
360 2164 543 2236 indulgentia.
570 2162 637 2219 inde
658 2163 740 2219 etlam
767 2159 915 2217 seculares
968 2164 1053 2235 digne
1079 2162 1326 2228 commuuistrent,
1355 2162 1423 2235 quis
1448 2170 1526 2221 estre
1552 2165 1772 2225 communionem

111 2263 316 2315 consueverunt
330 2254 430 2311 missas
451 2262 564 2311 csotmo
585 2252 718 2323 priuatas.
745 2251 823 2306 Tunc
848 2248 917 2304 dant
970 2250 1095 2309 {idolium
1108 2258 1136 2307 et
1149 2250 1356 2307 venerationem
1379 2260 1533 2309 motorum
1556 2266 1612 2309 nou
1632 2262 1678 2311 est
1693 2254 1772 2316 loeus

113 2344 291 2403 selumdonea
304 2342 340 2399 td
354 2358 451 2399 omnes
465 2339 572 2407 fideles,
596 2338 643 2412 qui
667 2339 814 2404 assistunt,
839 2335 917 2409 quasi
971 2338 1105 2397 offerendi
1119 2354 1217 2397 rerum
1236 2338 1413 2397 martimum.
1439 2339 1586 2399 Orationes
1605 2342 1680 2401 enim
1707 2342 1775 2403 iide-

113 2442 266 2508 praesentes
280 2432 345 2498 lide,
359 2438 387 2489 et
401 2430 536 2489 cessure
556 2427 737 2487 sacramentis
760 2425 917 2485 communi·
971 2429 1039 2487 ιιιιιι
1054 2434 1081 2487 et
1095 2436 1253 2488 sentuosum
1267 2427 1400 2501 suifrupis
1412 2428 1556 2499 ιιιιιιιιιι,
1578 2438 1608 2489 ut
1627 2431 1686 2491 bec
1708 2432 1776 2491 ilrnt

114 2530 222 2582 cantes.
249 2520 392 2595 Quotquot
415 2519 489 2577 enirn
515 2526 580 2575 sunt
598 2518 634 2575 de
658 2532 777 2587 corpore
808 2514 917 2581 Christi,
972 2527 1094 2589 acceptae
1107 2517 1261 2576 oblationes
1275 2526 1302 2577 el
1317 2524 1398 2586 vola;
1413 2517 1582 2595 postulantes
1596 2526 1694 2579 toruis
1715 2521 1775 2581 sut-

116 2612 190 2684 qood
211 2619 254 2669 est
274 2610 411 2674 Ecclesia,
437 2607 589 2665 seruntur
604 2623 610 2662 :
627 2616 653 2665 et
668 2621 763 2662 eorum
787 2602 920 2676 sadrapis
974 2607 1076 2679 trapis,
1101 2622 1150 2663 eos
1173 2615 1201 2665 et
1222 2606 1249 2663 in
1272 2606 1340 2679 ipsis
1364 2607 1504 2665 Christum
1531 2624 1704 2678 teneamur,
1729 2610 1778 2686 rpri

116 2700 298 2773 postulentur,
313 2713 428 2771 quorum
443 2695 513 2754 tides
527 2712 577 2767 per
599 2693 715 2767 gauium
739 2694 790 2749 Dei
811 2692 921 2762 adiurit
974 2706 1079 2755 tentum
1102 2696 1203 2755 sanctis
1226 2696 1284 2753 suis
1306 2695 1429 2765 constit,
1461 2704 1490 2753 ul
1513 2696 1653 2757 ualeamus
1672 2700 1777 2759 meritis

117 2790 177 2845 ficri
196 2798 269 2845 lanta
294 2786 438 2859 mysteria.
461 2786 521 2843 Nee
541 2792 583 2841 est
604 2784 703 2856 aliquia
727 2782 860 2847 bdelium,
873 2780 922 2853 qui
975 2795 1004 2843 et
1018 2785 1147 2858 precibus
1163 2800 1260 2843 eorum
1272 2784 1417 2857 adiuuari.
1437 2784 1491 2855 Qui
1505 2786 1619 2845 honoret
1633 2788 1730 2847 filium
1747 2798 1780 2847 ‘et

117 2892 173 2935 nou
189 2878 224 2958 sit
238 2876 642 2949 persaepe-sacramentorum.
657 2870 711 2941 Qui
723 2871 799 2928 enirn
818 2886 836 2925 a
856 2882 921 2927 cor-
959 2877 1082 2931 ⁴{latren
1108 2871 1282 2943 bononicat,
1308 2875 1355 2946 qrrl
1378 2872 1453 2931 mitit
1475 2872 1565 2931 illurn.
1591 2878 1624 2933 ln
1644 2878 1779 2938 memoria

117 2983 188 3040 pore
210 2965 319 3037 precisi
339 2972 404 3021 sunt
427 2964 501 3036 quod
522 2972 566 3019 est
589 2976 655 3017 vere
684 2960 757 3027 sitia,
785 2957 832 3031 qui
860 2964 924 3015 sunt
977 2970 1008 3019 et
1021 2962 1198 3022 ueneratione
1212 2969 1371 3021 sanctorum
1385 2961 1449 3019 telis
1462 2963 1532 3021 ordo
1546 2971 1589 3021 est
1602 2966 1781 3027 comittem·

118 3055 256 3128 palmites,
280 3062 308 3111 et
332 3052 438 3125 putrida
459 3051 592 3117 manbre,
614 3050 651 3106 sb
669 3050 724 3107 lroc
751 3052 1093 3150 metamaucensem
1121 3050 1237 3122 primum
1265 3058 1434 3109 memoretur
1461 3051 1543 3109 besta
1572 3052 1655 3127 Virta
1668 3054 1781 3113 domins

120 3154 185 3204 snut
197 3142 291 3203 alieni.
311 3141 437 3213 Acapite
448 3141 523 3198 anim
537 3140 564 3195 iu
588 3138 673 3196 totius
698 3138 823 3210 corporis
841 3151 926 3193 mem·
979 3148 1008 3197 et
1021 3140 1123 3213 regina
1137 3138 1277 3195 bominum
1291 3138 1506 3213 messalarum,
1531 3142 1654 3200 secando
1665 3144 1779 3205 virtutes

121 3238 172 3293 bra
185 3249 194 3306 ;
207 3250 223 3289 a
236 3233 292 3291 rite
316 3231 344 3287 itt
367 3230 495 3304 palmites
518 3228 665 3287 effunditur
687 3227 784 3283 humor
797 3223 926 3282 salutaris
979 3228 1129 3295 coelorum,
1143 3227 1224 3285 tertio
1237 3226 1285 3285 fist
1298 3230 1432 3287 mensumn
1446 3228 1666 3301 patriarcharum
1681 3240 1782 3307 etpro-

122 3332 206 3383 totom
229 3336 332 3393 eorpus
359 3318 515 3377 ostiarus
538 3317 628 3391 pratis
649 3316 711 3374 ilai.
733 3316 842 3372 itanno
855 3328 927 3386 prse-
980 3320 1138 3391 pbettrunr,
1167 3325 1261 3390 quarto
1283 3318 1481 3390 apostolorum,
1505 3319 1599 3392 quinto
1621 3330 1781 3396 martyrum,

123 3417 203 3472 sente
224 3410 355 3467 sacerdos
380 3406 473 3480 plores
500 3406 648 3479 alloquitur
675 3415 703 3462 et
725 3404 837 3469 solutor,
864 3402 927 3476 quia
981 3415 1060 3467 sesto
1074 3406 1273 3474 confessorum,
1290 3406 1566 3481 septimorirginunr.
1591 3410 1640 3467 lis
1664 3426 1784 3486 emm.

122 3516 247 3576 prasens
259 3506 330 3555 astat
344 3497 434 3554 omnis
448 3495 585 3555 Ecclesia.
610 3493 727 3567 Sinpuls
749 3493 823 3549 enirn
840 3506 927 3548 mers·
982 3500 1148 3568 teregnum
1163 3497 1412 3569 quoeunquaierit,
1429 3497 1499 3555 sicut
1522 3497 1671 3571 gratiarum
1694 3504 1782 3575 septi.

123 3593 175 3647 brs
203 3588 255 3645 sibi
282 3587 414 3655 invicem,
440 3591 467 3643 et
494 3584 577 3655 capiti
603 3591 631 3639 et
657 3582 767 3654 corpori
791 3581 928 3639 coherent
982 3584 1077 3643 tornis
1095 3592 1136 3641 est
1159 3584 1282 3647 donatio.
1306 3584 1343 3640 its
1364 3582 1437 3643 ιιιιιι
1459 3592 1501 3642 est
1515 3588 1671 3659 septentrio
1684 3588 1784 3649 drusio

124 3678 425 3753 quandiorepetantur
439 3672 541 3745 Spiritu
558 3671 617 3734 liei,
633 3671 700 3727 inde
714 3680 759 3727 est
781 3668 854 3742 qnod
873 3684 929 3725 non
982 3673 1126 3731 ordinante
1148 3671 1249 3743 Spiritu
1273 3680 1382 3731 smero.
1412 3676 1483 3731 Ante
1496 3678 1734 3737 somemrionem
1753 3678 1786 3737 fle

125 3768 216 3827 solurn
230 3764 397 3833 sacerdotes,
414 3771 442 3819 at
455 3762 545 3819 clerus
558 3760 606 3833 qui
620 3758 772 3816 secundom
785 3758 929 3829 dispensa·
982 3760 1116 3819 mumoria
1138 3760 1321 3833 plurimorum
1343 3768 1492 3834 martyrum
1515 3763 1565 3836 qui
1578 3765 1663 3823 stolas
1678 3768 1785 3827 saesin

126 3858 229 3915 ιιοιιιιιι
252 3853 465 3910 ministeriorum
488 3850 607 3908 dirersis
630 3846 727 3906 officiis
749 3855 928 3918 occupentur,
983 3850 1120 3923 sanguine
1140 3849 1213 3923 Agrii
1236 3848 1442 3916 dealbaverunt,
1465 3856 1492 3909 el
1515 3866 1577 3909 cum
1599 3868 1633 3913 eu
1660 3857 1786 3915 eomnali

126 3964 174 4014 aut
186 3951 288 4011 diuinis
301 3949 427 4008 leudibus
440 3950 493 4005 boc
507 3946 674 4005 sacrificium
689 3944 810 4003 offerunt
825 3962 833 4001 ι
849 3944 931 4003 etiarn
984 3956 1041 3998 non
1055 3938 1142 3995 velata
1157 3937 1240 4007 lacie,
1255 3938 1305 3997 sed
1319 3938 1472 3997 rnaniiestia
1486 3939 1592 3999 risione
1602 3944 1690 4001 Deum
1697 3961 1786 4020 agno-

127 4046 164 4104 sd
185 4042 332 4100 audientes
353 4038 449 4097 osculo
474 4036 551 4110 pacis
565 4035 801 4095 communicantes
824 4049 931 4106 coope-
985 4029 1786 4102 scunt;testamentoriaueneranterprecomurottsaloe

127 4151 237 4210 rantur,
252 4148 279 4199 et
292 4153 389 4195 omnes
402 4136 560 4209 ubicunque
574 4134 628 4191 sint
640 4132 748 4202 fideles,
763 4132 830 4189 nulli
849 4148 932 4205 sepe·
990 4120 1111 4191 Virdilil'i
1126 4134 1187 4192 iii&
1202 4118 1344 4191 liminii
1362 4118 1492 4175 omuibus
1513 4121 1622 4179 sancus
1640 4126 1669 4181 ti
1687 4139 1785 4185 eorum

128 4248 235 4309 rantur,
249 4237 303 4295 „isi
317 4236 364 4309 qut
378 4248 524 4307 ,empore
537 4232 639 4291 curisti
652 4230 853 4305 prastaam,
866 4230 933 4289 om.
985 4215 1788 4291 inter·cssrr'o‚ritrtolrissalutiferapropitiotio.Numerum

127 4340 263 4399 nisanim
276 4337 400 4397 membra
414 4335 498 4406 bujus
510 4333 638 4407 eorporis
652 4331 774 4406 quindiu
799 4329 854 4387 sibi
880 4344 932 4388 ao·
987 4330 1041 4371 ⁰0¹¹
1067 4313 1233 4371 iiiindlfflus
1256 4329 1341 4387 ‘lum
1362 4312 1457 4385 P¹¹¹f0⁸
1478 4315 1522 4373 iil
1544 4318 1696 4407 laudares,
1725 4324 1788 4405 quie

128 4440 235 4497 harant
247 4436 354 4511 glotino
367 4432 518 4499 charitatis,
531 4438 596 4489 saut
609 4429 689 4504 quasi
704 4443 759 4486 uns
785 4440 907 4500 pemeus
922 4442 929 4481 :
946 4456 973 4524 D
988 4414 1035 4487 qui
1055 4430 1189 4473 canonem
1208 4412 1354 4483 ordinarii,
1377 4429 1447 4487 quos
1469 4415 1521 4473 sibi
1542 4418 1653 4492 plscuit,
1669 4422 1788 4484 dictante

130 4535 186 4605 Qui
210 4534 369 4592 diuiduntur
394 4532 429 4588 sb
452 4530 504 4587 lrsc
523 4529 640 4594 unitate,
655 4535 684 4584 et
697 4525 934 4596 simionlursat·
989 4514 1089 4587 Spiritu
1116 4524 1222 4584 ”nime
1250 4530 1407 4572 mmmm
1443 4515 1568 4576 instituit·
1599 4521 1677 4581 Hanc
1703 4522 1790 4597 igitur

127 4639 329 4693 „mmmm-um
354 4626 557 4690 communione,
584 4623 666 4681 alieni
694 4629 757 4679 sunt
785 4636 802 4676 ι
831 4612 937 4677 christi
990 4613 1164 4679 oblationem,
1180 4610 1244 4685 quia
1255 4611 1283 4669 in
1297 4610 1402 4669 unitate
1425 4621 1526 4671 sancte
1547 4616 1678 4676 Ecclesia
1698 4619 1788 4679 offeri·

129 4745 218 4805 regno
241 4737 269 4786 et
291 4726 431 4785 Ecclesia.
456 4722 638 4796 subjungitur
666 4736 750 4777 causa
773 4717 935 4783 oblationis,
992 4724 1056 4765 mus
1069 4722 1131 4764 tum
1146 4715 1301 4763 sanctorum
1314 4709 1503 4778 veneratione,
1518 4710 1606 4783 adjuti
1624 4729 1721 4773 eorum
1747 4717 1789 4775 in·

130 4842 195 4885 cum
215 4822 325 4888 dicitur,
349 4835 400 4891 pro
419 4834 450 4874 sa
473 4817 588 4889 atrisque
612 4815 754 4876 omnibus.
779 4811 936 4871 offer-estes
992 4804 1789 4883 tercessiore;igiturtrosaottosorremrerutrstiatustra

131 4929 211 4981 erant
223 4934 274 4991 pro
297 4917 383 4973 salute
402 4916 552 4971 ammarum
576 4930 690 4970 suarum
714 4911 827 4984 suisque
849 4908 937 4966 omni·
992 4906 1021 4963 id
1035 4914 1077 4963 est
1091 4902 1249 4961 humilitatis
1263 4912 1375 4973 nostrae,
1390 4906 1491 4978 quein
1517 4908 1657 4978 procinctu
1680 4918 1787 4977 esttibi

131 5023 194 5086 bus,
210 5017 304 5084 idest,
320 5013 523 5086 proamiciset
546 5013 630 5069 rebus
652 5012 710 5067 suis
725 5019 752 5067 et
775 5008 936 5074 amicorum,
993 5004 1140 5069 serviendi,
1157 5014 1219 5060 vota
1234 5004 1368 5073 soluendi,
1395 5011 1423 5061 et
1443 5004 1608 5065 sacrificium
1630 5010 1721 5071 badis
1742 5018 1790 5077 ribi

133 5134 186 5192 pro
209 5130 278 5188 pace
300 5112 420 5180 illorum,
444 5127 496 5182 pro
519 5110 607 5166 reditu
628 5107 870 5181 peregrinantium,
886 5120 937 5178 pro
992 5100 1136 5159 offerendi.
1153 5100 1301 5171 signanter
1324 5100 1451 5171 apposuit
1474 5102 1620 5163 seruitutis
1640 5110 1790 5181 respiciens

134 5223 249 5273 saturata
277 5208 458 5276 infirmorum,
489 5226 539 5281 pro
568 5206 749 5265 conuersione
778 5204 936 5269 errantium,
992 5201 1027 5257 ad
1042 5200 1111 5255 iilud
1125 5199 1198 5271 quod
1213 5200 1314 5255 dictum
1329 5205 1371 5253 est
1385 5197 1685 5277 superius:1rtspirt'la
1695 5208 1793 5269 durni.

136 5310 335 5387 protractibus
350 5314 440 5373 terrae,
456 5321 506 5377 pro
521 5306 592 5361 aeris
607 5302 766 5368 serenitate,
797 5317 848 5374 pro
875 5299 937 5356 aliis
994 5294 1792 5373 litatiselirrorrirrrocorttritosuscipiarrtrtrotedlamtm,

138 5410 291 5470 commodis
302 5392 490 5477 adipiscendis
505 5406 547 5459 rel
560 5400 769 5465 conservandis,
794 5414 845 5471 pro
865 5397 938 5454 obti-
994 5397 1058 5452 llaec
1073 5394 1173 5451 oblatio
1187 5408 1241 5447 nun
1259 5400 1360 5451 tuntum
1374 5400 1415 5449 est
1429 5399 1592 5467 sacerdotis,
1617 5404 1669 5459 sed
1691 5420 1796 5469 currem

138 5509 237 5567 nendrs
250 5504 425 5563 successibus
437 5501 590 5574 prosperis.
607 5497 941 5567 lisbemuseniminipso
992 5494 1114 5563 familis,
1141 5492 1170 5547 id
1192 5496 1236 5547 est
1259 5490 1369 5547 cleriei
1394 5494 1497 5567 populi,
1523 5504 1550 5553 et
1575 5514 1631 5555 non
1645 5505 1798 5570 assisterunt

141 5605 357 5665 consolationem
370 5599 524 5674 praesentis,
542 5599 612 5665 ritas,
637 5607 664 5655 et
685 5596 794 5655 intutas.
819 5598 870 5653 Pro
891 5609 939 5651 rc·
994 5592 1114 5662 familis,
1139 5589 1188 5647 sed
1215 5587 1296 5645 totius
1311 5588 1452 5649 Ecclesiae.
1474 5594 1553 5651 Hauc
1577 5614 1738 5671 psoesumttr
1761 5614 1795 5669 ιιι

142 5705 301 5777 demptione
316 5703 481 5759 animarum
495 5702 671 5765 nostrarum,
687 5694 942 5770 prospesolsttret
993 5692 1127 5767 ploratus
1143 5686 1276 5761 accipias.
1293 5686 1369 5745 licet
1384 5688 1472 5763 culpis
1486 5696 1588 5761 nestris
1603 5700 1684 5759 nobis
1698 5704 1738 5763 sis
1755 5708 1795 5765 in·

308 5853 436 5917 Purser.
454 5850 608 5915 ctxxtt.
1601 5850 1639 5917 41
