3942 6067
81 282 137 337 685
687 276 823 337 Gnttnh
842 280 975 335 hittun.
994 305 1029 318 -
1043 272 1107 333 itit.
1120 274 1172 332 Ill.
1677 277 1732 336 6⁸6

81 418 195 479 qnoque
208 411 264 461 tres
277 403 347 472 dies,
359 404 407 478 qui
421 403 559 476 conjuncti
572 403 718 463 duodecim
728 402 806 471 liunt,
818 402 883 475 quia
896 402 923 463 Α
937 400 1042 470 batim,
1055 401 1160 459 eedem
1180 406 1208 459 et
1226 398 1323 459 Greoe
1336 398 1511 473 tegebantur,
1525 407 1553 457 et
1563 400 1626 460 dum
1646 416 1737 463 cause

82 493 229 551 duodecim
243 508 354 551 menses
370 493 399 549 in
412 508 467 551 nno
480 508 554 551 anno
568 501 641 551 sunt.
656 494 691 550 Ut
706 508 774 567 erpo
787 492 880 562 bomo,
939 490 1174 563 exprimebantur.
1199 490 1262 547 Una
1283 489 1347 563 quis
1360 488 1449 547 Greci
1462 488 1587 561 aderant,
1598 493 1647 565 qui
1659 492 1735 550 iati-

82 582 131 655 qui
145 598 181 639 ex
197 590 313 655 quatuor
327 581 468 639 elementis
481 582 667 650 constut,l)eo
681 581 882 650 reconcilietur,
938 594 1001 636 uam
1023 580 1145 653 linguam
1167 577 1340 647 nesciebmt,
1361 586 1389 636 et
1411 577 1501 635 Latini
1523 576 1673 647 affueram,
1688 579 1739 653 qni

82 667 131 742 qui
144 668 173 726 in
188 668 278 725 tribus
301 669 426 742 personis
450 669 557 735 colitur,
573 669 635 727 ideo
648 676 762 743 quatuor
775 676 883 741 tempo·
939 668 1066 726 Graecam
1090 668 1261 742 ignorabant.
1295 666 1392 725 altera
1412 667 1487 741 qnod
1511 684 1562 741 per
1583 668 1738 727 doctrinam

80 756 160 813 ribus
173 764 268 815 ternos
283 758 342 815 dies
355 758 494 815 abstinere
508 758 672 831 praecipitur.
937 756 1084 814 duodecim
1097 756 1287 828 apostolorum
1299 767 1415 829 uterque
1428 755 1545 828 populus
1558 756 1588 813 in
1600 755 1655 815 lida
1670 773 1738 814 con·

233 882 302 941 ⁰2⁹·
321 881 386 940 ⁶²¹·
401 912 436 926 -
450 884 490 941 ⁰⁶
506 884 736 957 ommim..
938 844 1740 1007 ttt‘t..ttttt.ttltlttt,tileth

938 1032 995 1079 tum
1010 1030 1137 1080 sanctum
1149 1022 1343 1079 describuntur
1360 1040 1367 1077 ι
1385 1024 1490 1079 Domus
1509 1022 1606 1092 lsrael,
1626 1023 1741 1083 benedt·

938 1112 995 1169 cite
1003 1112 1137 1178 Domitios
1149 1111 1248 1169 mmor
1257 1111 1362 1181 Aurea,
1372 1111 1527 1169 benedicite
1536 1113 1656 1173 oomtso
1667 1130 1677 1179 ‚·
1688 1113 1738 1171 do·

938 1200 1248 1267 murleui,brusdicite
1259 1200 1736 1272 Dorrrtumpuitimrttrllomirtam,

939 1289 1094 1347 benedicito
1114 1289 1232 1347 Domino
1249 1286 1340 1361 (Paul.
1351 1303 1467 1353 cnxxrv,
1488 1292 1532 1360 tv,
1549 1289 1606 1359 till.
1623 1291 1675 1347 Per
1688 1290 1739 1348 do-

939 1392 1015 1433 mum
1029 1376 1115 1433 lsrael
1134 1375 1238 1450 populi,
1253 1392 1304 1449 per
1317 1375 1429 1435 domum
1441 1379 1536 1435 Aaron
1558 1378 1672 1449 preslnti,
1688 1394 1739 1452 per

937 1466 1052 1523 domum
1067 1466 1132 1523 Levi
1148 1464 1276 1536 ministri,
1291 1481 1343 1540 per
1355 1464 1484 1523 timentes
1499 1464 1645 1525 Dominum
1668 1482 1739 1541 quo·

939 1570 994 1628 que
1006 1552 1130 1628 religiosi
1145 1554 1326 1627 accipiuntur,
1350 1554 1392 1612 sic
1415 1562 1441 1611 et
1463 1554 1581 1611 ministri
1594 1555 1688 1612 altaris
1710 1554 1741 1613 in

940 1642 1091 1715 acolythos,
1106 1642 1136 1699 in
1147 1641 1344 1705 subdiaconos.
1362 1641 1391 1698 iu
1409 1642 1550 1712 diaconos,
1574 1642 1603 1699 in
1626 1644 1743 1717 presby·

118 988 365 1063 Quadrupesimam
389 989 452 1047 ideo
472 990 642 1061 ieiunemus,
663 990 727 1063 quia
749 988 884 1047 decimam

82 1068 206 1127 Creatori
219 1079 313 1127 nostro
327 1070 363 1127 de
376 1069 474 1128 diebus
484 1072 588 1128 nostris
598 1070 743 1128 reddimus.
754 1070 809 1127 Sed
818 1071 884 1144 quia

80 1158 136 1215 boc
150 1173 213 1215 cum
228 1172 344 1230 corpore
358 1159 474 1231 agimus,
487 1158 549 1217 ideo
558 1174 610 1232 pro
620 1158 806 1219 satisfactione
816 1157 884 1215 duo-

80 1247 172 1304 decim
185 1246 246 1304 dies
260 1262 310 1320 pro
324 1246 469 1304 duodecim
488 1248 627 1306 mensibus
646 1247 812 1305 abstinentia
831 1262 884 1305 nos

79 1333 243 1409 affligimus,
258 1350 328 1409 qnos
340 1335 399 1393 dies
420 1335 483 1394 ideo
506 1344 621 1409 quatuor
639 1336 810 1409 temporibus
825 1345 885 1393 ter·

81 1422 126 1481 nis
139 1424 238 1482 diebus
249 1424 414 1495 jejunamus,
425 1425 489 1497 quin
503 1424 601 1483 eadem
612 1424 737 1495 Quattuor
749 1424 884 1495 Tempora

81 1512 168 1573 ternis
210 1512 352 1569 mensibus
394 1512 569 1571 ascribimus.
615 1511 739 1582 Quetuor
776 1527 885 1587 quoqne

81 1600 253 1673 temporibus
275 1600 420 1675 qualitates
444 1600 663 1672 elementorum,
684 1601 793 1659 scilicet
816 1600 884 1659 cali-

81 1688 159 1757 dum,
178 1687 318 1762 trigidum,
332 1689 445 1755 siccum,
461 1689 602 1747 humidum
612 1690 706 1749 inesse
720 1690 832 1758 ιιιιιιιιι,
848 1706 884 1747 ex

82 1777 184 1852 quibos
195 1777 398 1835 delectamenta
411 1778 507 1835 mundi
520 1780 719 1837 contrabimus.
741 1780 774 1836 ttt
788 1786 816 1835 ut
831 1779 884 1837 boc
899 1752 928 1817 Β

83 1880 248 1967 ’ῩΡῨΨΜ
268 1874 386 1967 ‘lum'
397 1866 567 1968 ⁸⁰m⁹⁰fib¹ff⁸
580 1868 639 1925 ⁰⁰⁰
653 1867 820 1927 wiffam
843 1866 885 1924 ‘f‘
939 1906 1086 1965 Dominum
1101 1922 1164 1965 cum
1178 1907 1344 1979 supradictis
1360 1908 1469 1964 Petrum
1488 1908 1631 1965 ordinibus
1654 1909 1742 1966 boae·

83 1954 213 2013 ilretuunts
226 1954 398 2013 sahtbernus.
414 1955 462 2011 list
476 1964 503 2013 et
517 1956 570 2013 alra
583 1972 664 2014 causa
679 1972 688 2014 r
704 1958 735 2013 ln
749 1972 816 2016 vero
834 1972 885 2015 se·

84 2042 160 2103 mina
180 2043 329 2112 mittimus,
343 2043 372 2100 in
385 2050 477 2102 aestate
499 2044 606 2102 seruiat
629 2046 770 2114 metimus,
786 2046 815 2102 in
830 2058 884 2102 ao·
939 1996 1033 2097 &⁰5¹⁰
1047 1994 1150 2097 'alim‘
1178 1994 1331 2097 Q⁰i¹¹q⁰i⁰ff
1344 1998 1508 2055 mmm
1520 2012 1615 2071 lm
1632 1996 1741 2067 dieitur·

83 2138 180 2189 mmuu
194 2132 288 2189 vinnm
305 2140 335 2189 et
355 2131 446 2191 oleum
460 2131 627 2207 colligimus,
641 2132 765 2207 Namque
779 2132 886 2191 semina
939 2101 1004 2231 3?
1017 2084 1744 2247 ffiwufflzfflssugffimapzffi

84 2221 253 2295 sperm'mus,
267 2219 297 2277 in
310 2220 400 2279 bieme
414 2221 502 2279 hortis
524 2230 552 2279 et
574 2220 696 2281 edificiis
717 2221 881 2281 insistimus.
1109 2280 1116 2296 ·
1257 2262 1265 2276 ,
1445 2262 1452 2275 ‚
1492 2261 1499 2276 ,
1676 2264 1683 2276 ·

85 2305 120 2363 Et
144 2313 173 2362 ut
196 2306 257 2364 boc
287 2306 388 2363 nostris
417 2314 617 2365 conserventur
639 2308 734 2365 usibus
748 2350 756 2375 ,
782 2307 887 2366 idcirco
944 2270 1117 2336 ‘mmmm‘
1134 2261 1283 2320 endum
1297 2276 1365 2321 ΨΜ
1378 2263 1555 2321 ¹⁴⁰⁰⁸¹⁰⁰¹b⁰⁸
1567 2272 1744 2324 “nim

86 2393 185 2453 iisdem
200 2394 371 2468 temporibus
384 2410 436 2453 uos
452 2396 511 2455 ileo
521 2395 633 2467 jejuniis
648 2396 802 2454 subdimus.
823 2397 888 2457 lirae
942 2349 1154 2513 mam
1167 2349 1746 2501 iiffilffizffiaffissoffihiffi

944 2528 1105 2602 probantur.
1121 2527 1201 2585 Unda
1213 2534 1242 2585 et
1254 2527 1364 2587 illorum
1378 2545 1446 2589 soce
1460 2530 1666 2592 benedictiones
1679 2546 1746 2591 can·

941 1736 1017 1789 toros
1031 1729 1243 1787 distribuuntur.
1266 1730 1351 1802 Quasi
1373 1738 1488 1804 quatuor
1509 1730 1658 1789 virtutibus
1671 1748 1741 1804 pru·

940 1819 1044 1887 dentis,
1061 1818 1230 1886 tortitudine,
1244 1818 1361 1890 justitia,
1377 1828 1405 1877 et
1418 1820 1602 1893 temperentia
1626 1819 1740 1893 pollent,

86 2482 212 2553 Quatuor
224 2484 359 2556 Tempora
372 2483 474 2541 Christi
487 2493 517 2543 et
531 2486 617 2543 sancti
630 2486 742 2543 ioannis
760 2487 887 2557 baptiste

86 2571 267 2645 conceptione
282 2580 309 2631 et
323 2572 460 2631 musitata
474 2572 672 2646 insigniuntur,
688 2574 752 2649 quia
764 2574 888 2633 Christus

85 2660 114 2721 in
128 2677 204 2731 vere,
217 2668 246 2721 ct
257 2662 379 2721 ioannes
390 2662 420 2719 in
434 2670 565 2721 autumno
586 2672 749 2737 concaptus.

764 2664 890 2723 Christus
944 2625 1044 2712 mutor,
1060 2615 1125 2690 qnia
1139 2624 1202 2688 post
1215 2618 1406 2689 probationem
1420 2626 1595 2716 comitantur.
1608 2619 1658 2717 Ad
1670 2620 1747 2679 banc

945 2701 1100 2757 bechonem
1114 2701 1277 2761 hortamus
1290 2718 1385 2775 umas
1397 2718 1453 2760 oon
1467 2703 1592 2771 ducimus,
1608 2718 1674 2779 quta
1688 2711 1746 2763 att·

87 2752 116 2809 iu
129 2750 235 2819 hicum,
258 2752 377 2809 ioannes
400 2751 431 2809 iu
454 2759 549 2811 estate
572 2761 651 2811 natus
678 2752 817 2811 scribitur.
837 2753 890 2812 Ubi

85 2848 177 2897 autem
193 2846 315 2897 nostres
329 2840 388 2897 dies
402 2840 591 2910 observamus,
604 2840 642 2899 ibi
657 2841 804 2916 religiosos
817 2840 891 2913 Qua-

85 2927 273 3001 dragesimam
294 2944 378 3001 agere
392 2944 446 2986 nun
461 2928 632 3003 ignoramus.
655 2929 733 2989 Sicut
747 2929 821 2988 enim
835 2939 891 2989 tota

85 3016 214 3079 Ecclesia
237 3016 263 3073 in
288 3025 427 3077 versante
443 3018 546 3075 Pascha
561 3018 807 3093 Quadrupesimem
819 3020 891 3092 ieju-

87 3113 150 3175 nat,
165 3105 203 3167 ita
216 3106 347 3180 pleraque
369 3105 514 3164 multitudo
537 3106 566 3163 in
587 3115 682 3165 estate
704 3116 768 3166 ante
791 3108 931 3179 testumc

88 3194 176 3252 uncti
189 3194 305 3255 loannis
319 3194 461 3268 Baptista,
476 3194 604 3253 similiter
623 3196 651 3255 in
673 3205 803 3257 automno
826 3207 888 3258 ante

88 3282 252 3343 memoriam
266 3284 354 3343 sancti
367 3284 518 3353 Nichaelis,
534 3284 655 3359 itemque
670 3286 698 3344 in
712 3287 805 3345 bieme
825 3296 889 3347 anta
943 3306 1010 3363 cup,
1025 3304 1102 3364 (Ἠ.
1114 3336 1150 3349 -
1161 3308 1253 3379 Quare
1267 3308 1298 3367 tu
1315 3309 1420 3380 Quarto
1437 3308 1615 3386 Temporibus
1627 3311 1743 3373 mittes

89 3372 267 3433 Nativitatem
282 3373 392 3433 bomini
406 3370 656 3450 Quadrupesimum
671 3374 813 3436 observat.
1302 3398 1391 3470 fiant,

947 2796 1021 2845 tunm
1048 2788 1305 2847 Nabuchodonosor
1331 2806 1387 2849 non
1408 2806 1470 2850 cum
1492 2789 1669 2862 infidelibus,
1694 2793 1744 2851 sed

944 2876 1090 2934 Dominum
1104 2892 1167 2935 eum
1179 2878 1272 2950 pueris
1294 2895 1346 2936 nos
1370 2880 1487 2937 adorare
1508 2880 1661 2938 innuimus.
1677 2880 1746 2939 'lra-

945 2973 1015 3036 ctus,
1032 2964 1164 3023 Laudato
1178 2966 1431 3040 Dominomffrol.
1446 2982 1564 3039 oxnarv,
1580 2970 1618 3041 ³),
1634 2969 1746 3028 landam

946 3054 1019 3129 repis
1028 3054 1165 3127 exprimit,
1176 3071 1260 3131 quant
1269 3057 1388 3115 Domino
1400 3064 1464 3133 post
1476 3056 1664 3119 liberationem
1676 3074 1747 3133 pue·

947 3158 1043 3202 rorum
1057 3143 1152 3202 solvit.

241 3496 311 3555 CAP-
330 3495 412 3557 CUI·
431 3498 519 3557 *⁰⁶
534 3500 738 3574 imiimi·
980 3520 1679 3603 MinistriliccleaiaideoinQuatuor'lempuribus
1692 3544 1744 3590 or·

122 3592 204 3652 Ferit
227 3600 325 3668 quarta
338 3593 401 3655 doe
414 3594 559 3653 Lectiones
582 3596 720 3669 teguntur,
745 3597 810 3673 qula
832 3598 891 3659 ΒΜ
945 3608 1084 3680 dinantur,
1101 3619 1236 3685 quatenus
1260 3613 1315 3669 sub
1332 3622 1448 3688 mutuor
1462 3616 1746 3692 Evangeliiscbristo

85 3680 190 3752 ieiunia
203 3698 220 3738 a
233 3682 327 3740 Veteri
341 3692 368 3741 et
381 3699 398 3740 a
409 3684 489 3743 Nouo
501 3685 676 3744 testamento
696 3685 886 3745 instituuntur.
945 3708 972 3758 er
986 3699 1117 3758 Ecclesia
1130 3700 1234 3760 servire
1246 3700 1463 3763 admoneantur.
1480 3705 1511 3762 lu
1525 3705 1745 3781 Quadrupesima

87 3770 224 3845 Milium
246 3786 364 3846 mim
385 3772 504 3845 l³⁰llulus
515 3772 545 3831 1¹¹
559 3790 624 3831 “³¹¹⁰
639 3774 746 3832 Pascha
763 3776 891 3833 fielebss·
944 3788 1047 3847 idcirco
1060 3788 1229 3857 ordinantur,
1244 3797 1275 3847 ut
1287 3790 1362 3848 vitiis
1375 3800 1532 3862 marceant;
1547 3795 1576 3851 in
1589 3811 1655 3854 uere
1667 3797 1744 3870 ideo,

87 3858 149 3927 bat,
165 3866 194 3915 et
207 3866 274 3919 tuuc
295 3876 327 3917 se
348 3860 476 3935 affligens
498 3876 595 3937 asyma
618 3862 733 3934 edebat,
750 3863 781 3921 in
795 3870 892 3924 testate
945 3880 975 3931 ut
988 3872 1134 3930 virtutibus
1146 3873 1277 3941 boream,
1302 3875 1331 3932 iu
1345 3876 1497 3949 septimana
1509 3877 1628 3949 Spiritus
1641 3882 1743 3952 macti,

87 3948 268 4006 Pentecosten
295 3950 507 4020 solemnizabat,
540 3959 661 4025 tuncque
684 3968 714 4009 se
742 3951 891 4027 affligendo
945 3952 1122 4012 etiuertate
1135 3952 1199 4011 ideo
1218 3960 1249 4011 nt
1268 3953 1607 4029 sintrplritssarosrtter,
1623 3959 1743 4021 Domino

87 4036 221 4108 primitias
244 4035 385 4109 offerebat,
401 4038 431 4095 in
444 4046 575 4099 autumno
588 4040 775 4116 Scenopesis,
799 4041 892 4100 idest
945 4042 1202 4113 rmuieateaillum.
1216 4058 1277 4111 xo,
1293 4043 1355 4113 ttt;
1369 4042 1548 4103 intutumno
1570 4053 1598 4104 at
1620 4046 1650 4105 ia
1672 4048 1745 4108 iaato

89 4125 329 4184 tabernaculorum
342 4125 414 4185 testa
427 4128 541 4203 agebam
557 4129 585 4186 in
602 4129 694 4187 bieme
708 4130 848 4200 liaconis,
863 4130 892 4187 id
945 4130 1194 4200 tabemacolurum,
1207 4130 1272 4191 ideo
1292 4138 1324 4189 ut
1344 4131 1451 4191 tructus
1471 4133 1605 4195 bonorum
1626 4152 1745 4211 operum

90 4220 132 4271 est
147 4214 242 4287 templi
263 4213 467 4275 dedicationem
491 4217 647 4286 recolebam
672 4226 700 4279 et
722 4218 752 4275 in
774 4226 893 4294 utroque
945 4218 1086 4295 rumpunt,
1100 4229 1129 4279 et
1142 4219 1196 4293 ipsi
1209 4220 1416 4280 ubuuamtnn
1430 4220 1482 4280 liei
1496 4222 1578 4293 tisut3
1600 4223 1630 4281 in
1652 4225 1744 4286 bieme

90 4299 159 4359 laeto
173 4301 326 4373 scieinniia
339 4300 487 4378 ahlipebat.
503 4304 570 4363 ideo
585 4305 659 4363 enim
673 4307 734 4365 due
749 4306 893 4367 laedones
947 4316 974 4367 et
987 4316 1051 4367 ante
1064 4308 1254 4382 Nativitatem,
1266 4309 1330 4369 ideo
1350 4317 1380 4368 nt
1403 4311 1506 4370 mondo
1526 4312 1689 4387 moriautur,
1714 4325 1745 4376 et

91 4387 161 4447 iaris
174 4397 272 4463 quarta
285 4389 423 4465 leguntur,
439 4391 505 4461 quia
519 4400 614 4467 quarta
628 4401 709 4453 aetate
730 4395 825 4453 mnudi
847 4394 892 4454 lex
946 4412 1009 4455 cum
1023 4398 1130 4457 cbristo
1143 4398 1328 4457 invirtutibus
1342 4409 1532 4458 renascantur.
1550 4399 1619 4465 ideo
1631 4403 1661 4461 in
1674 4405 1743 4464 Seb-

90 4484 116 4535 et
129 4477 272 4551 prophetia
291 4477 424 4537 servanda
439 4480 589 4552 traduntur,
606 4489 633 4540 et
646 4482 790 4541 ordinandi
813 4492 889 4543 utre·
902 4466 930 4530 D
945 4487 1008 4543 bato
1030 4486 1140 4545 ordines
1160 4486 1238 4556 liunt,
1253 4487 1318 4562 quia
1331 4489 1406 4546 Deus
1420 4488 1571 4549 Sabbatum
1585 4491 1743 4553 unctidoa·

90 4582 144 4640 qua
156 4565 220 4641 lege
233 4566 358 4627 instructi
372 4584 435 4627 esse
449 4568 655 4642 praecipiuntur.
678 4572 770 4631 Semel
788 4574 889 4644 Metu·
944 4572 991 4645 vlt,
1008 4575 1036 4632 iu
1050 4591 1105 4650 quo
1118 4583 1146 4634 et
1158 4575 1305 4649 requierit,
1317 4585 1345 4634 et
1357 4576 1411 4651 ipsi
1425 4576 1528 4637 debent
1540 4594 1603 4639 esse
1613 4582 1702 4641 sancti
1715 4592 1745 4643 et

88 4672 154 4713 mus
166 4672 261 4729 prauo
281 4656 316 4713 ad
331 4656 453 4731 priorem
466 4657 617 4717 Collectem
641 4658 701 4717 siue
724 4661 890 4721 adutatione
943 4680 1040 4723 vacare
1054 4664 1166 4722 servitio
1178 4662 1242 4721 Dal.
1261 4664 1409 4723 Sabbatum
1428 4682 1537 4742 qnoque
1551 4678 1596 4727 est
1609 4669 1743 4745 septimus

89 4742 226 4816 prolatam
240 4743 367 4814 dicimus,
383 4746 448 4822 quia
461 4747 490 4805 in
503 4762 559 4806 una
573 4745 729 4809 Christiana
754 4750 890 4827 religione
942 4753 1013 4823 dies,
1028 4760 1055 4811 et
1068 4753 1120 4827 ipsi
1133 4769 1186 4826 per
1197 4752 1383 4825 septilormem
1401 4754 1533 4829 Spiritum
1555 4766 1662 4833 septem
1675 4775 1742 4836 gra·

89 4848 175 4890 unum
190 4834 278 4892 mum
292 4832 422 4894 cobmus.
942 4834 1024 4891 dibus
1037 4833 1248 4891 distribuuntur.

249 4958 319 5019 Gur.
338 4960 621 5038 chilla-itam
634 4969 728 5025 muta.
941 4974 1739 5051 cm.cnv1.-orormtsteoprrtortmarat>euterertsr.

123 5054 298 5117 Feriaaexta
323 5074 379 5117 ona
399 5060 496 5121 metio
512 5062 650 5133 recitatur,
674 5064 738 5139 qua
760 5063 788 5121 in
811 5070 889 5123 serta

87 5154 167 5250 Ψ
180 5148 332 5207 ''ww“
346 5150 529 5224 epmpnms
551 5150 580 5209 ³¹¹
602 5166 658 5211 ¹¹⁰⁰
672 5153 888 5257 ΜΨῙῩΨ·
941 5200 1007 5275 ‹pn
1020 5200 1086 5259 orum
1099 5198 1416 5261 nomannoruaauones
1437 5202 1467 5259 ιι
1490 5203 1636 5264 namuro
1649 5205 1739 5265 tace-

86 5236 279 5310 “mmmr'
304 5238 341 5296 ’ἃ
363 5254 444 5313 qm
466 5242 626 5301 mmmm
652 5258 748 5318 mm
773 5243 888 5314 ‘imum’
940 5290 1015 5361 bant,
1031 5289 1123 5348 sedin
1136 5304 1253 5362 vespera
1266 5288 1380 5349 Sabbati
1393 5290 1569 5365 incipiebant.
1585 5292 1619 5351 Et
1634 5294 1698 5352 ideo
1711 5295 1741 5353 in

87 5326 151 5400 (μὴ
164 5326 291 5385 cmm
304 5327 452 5402 mum*
464 5330 602 5389 ‘dmm'
942 5376 1157 5454 Qundmgesimn
1167 5378 1261 5437 Oretio
1275 5395 1358 5453 snper
1370 5380 1501 5455 populum
1515 5396 1571 5441 uon
1584 5382 1740 5455 dicebatur,

87 5448 154 5510 Ωιι.
164 5450 341 5512 cuth—ue
354 5452 473 5514 &hitto
488 5452 519 5513 irt
537 5454 685 5515 duodecim
694 5456 884 5517 baetonibus.
940 5468 976 5526 sd
992 5484 1074 5541 quem
1086 5484 1142 5527 uon
1156 5467 1255 5542 capita,
1270 5470 1321 5527 sed
1334 5484 1425 5545 penus
1445 5470 1601 5541 llectebant,
1617 5473 1691 5548 quod
1712 5474 1742 5532 in

120 5548 272 5609 Sabbatum
286 5548 432 5611 duodecim
456 5552 633 5613 Lectionibus
654 5554 816 5625 intitulatur,
830 5572 885 5615 nou
938 5556 1083 5617 [lominica
1095 5558 1208 5616 minime
1220 5556 1332 5617 licebat.
1346 5558 1513 5619 Sacerdotes
1534 5576 1654 5637 namque
1674 5564 1740 5638 jure

84 5645 202 5712 propter
216 5638 362 5699 duodecim
376 5640 532 5713 Leciones,
548 5643 656 5702 scilicet
677 5653 790 5720 propter
812 5644 885 5705 duo-
937 5646 968 5704 in
981 5646 1124 5707 bomiuica
1137 5646 1307 5720 ordinantur,
1321 5663 1374 5722 per
1386 5664 1457 5726 quos
1477 5650 1620 5713 bomini«
1643 5668 1735 5715 atem·

83 5726 177 5789 decim
193 5724 324 5807 lectores,
340 5728 405 5807 quia
417 5730 482 5794 olim
496 5732 591 5795 home
605 5749 654 5795 sex
666 5734 811 5799 testones
824 5752 885 5813 qua
935 5745 1031 5802 menta
1042 5743 1253 5801 numerurm.

976 5112 1132 5181 Dominicn,
1148 5128 1210 5185 qua
1233 5110 1367 5185 sequitur,
1390 5110 1454 5172 ideo
1476 5114 1513 5172 ab
1534 5112 1627 5176 oibcio
1649 5127 1729 5177 vacat
