3942 6067
91 212 95 221 ·
192 178 243 233 sta

540 174 692 235 ιιοιιοιιιι
710 176 965 235 aususaunnu.
989 175 1073 235 oar.
1092 177 1182 237 raas
1199 180 1252 236 ιιι.
1275 211 1311 223 -
1329 140 1531 240 inmotos.

1791 184 1849 237 86⁰

187 298 287 357 multos
302 300 338 357 ad
352 300 514 375 martyrium
525 301 741 364 corroborasset,
754 302 895 373 apaganis
905 317 984 358 com·
1000 304 1028 365 Α
1041 305 1241 375 prehendentes
1255 306 1358 381 pagani
1373 305 1490 363 fustibus
1508 308 1554 363 diu
1579 314 1606 363 et
1624 306 1717 378 flagris
1736 306 1845 363 crucis-

187 390 376 462 prehenditur,
393 391 481 463 ydolis
496 390 640 446 immolare
655 390 845 462 compellitur,
861 408 916 463 quo
941 408 986 447 re-

188 486 298 550 nuente,
311 481 391 551 jussu
404 480 578 552 imperatoris
592 479 619 535 in
643 494 739 551 campo
762 480 795 536 ad
814 481 932 552 stipitem
951 480 988 535 li-

187 576 278 643 gatun
297 585 313 626 a
328 568 460 625 militibus
474 569 627 642 sagittatur.
645 567 773 638 Quicum
794 568 868 625 velut
889 569 988 626 ericius

188 666 261 715 esset
275 658 381 730 sagittis
404 657 534 729 repletus,
550 658 711 730 relinquitur
725 659 754 713 in
764 674 861 729 campo
872 658 984 715 semivi-

151 797 154 805 .
187 765 253 805 vus.
272 748 371 804 Postea
386 747 581 803 convalescens
603 747 740 803 Christum
756 748 865 819 publice
882 747 984 821 praedi-

186 836 272 905 cavit,
288 844 315 893 ct
332 840 400 893 'tunc
418 834 521 892 tamdiu
536 834 651 892 fustibus
666 837 779 893 oaeditur
794 838 883 895 donec
910 836 989 909 spiri·

185 932 242 981 tum
256 924 399 981 exhalavit.
421 959 425 971 ·
535 910 537 916 ¹

180 1114 184 1122 ¹
224 1046 312 1105 Hodie
327 1047 409 1105 etiem
434 1048 542 1121 quidam
566 1049 673 1105 Marcus
694 1048 773 1105 valde
800 1048 900 1106 nobilis
928 1064 990 1105 cum

187 1154 272 1195 uxore
287 1153 338 1193 sua
351 1138 457 1193 Martha
472 1145 499 1193 et
513 1136 575 1193 liliis
593 1138 650 1194 suis
672 1139 808 1195 Audilace
837 1147 864 1195 ct
879 1140 990 1195 Abacuc

32 1232 40 1245 '
95 1304 100 1315 .
188 1229 250 1287 vitae
265 1226 409 1285 denarium
424 1228 559 1301 sanguine
574 1244 624 1283 suo
639 1228 731 1300 adepti
744 1236 816 1285 sunt.
832 1227 907 1298 Quos
915 1243 989 1284 com·

1038 404 1144 464 rerunt,
1168 395 1234 451 dein
1261 397 1289 451 in
1313 396 1437 453 eculeum
1460 397 1673 468 suspenderunt,
1704 396 1846 468 unguibus

1038 485 1314 559 ferreisllaccrarunt,
1330 486 1421 558 ignem
1436 494 1633 557 apposuemnt,
1650 501 1747 541 manus
1767 500 1843 555 prae·

1039 574 1175 643 ciderunt,
1198 575 1233 630 ad
1252 575 1374 629 ultimum
1400 576 1533 629 llartlram
1549 575 1576 629 io
1592 574 1705 647 lympha
1723 589 1843 630 necave-

1040 668 1115 731 runt,
1142 663 1211 719 alios
1233 672 1325 721 autern
1349 664 1558 721 decollaverunt
1573 672 1600 719 et
1614 678 1733 735 corpora
1752 678 1848 719 eorum

1038 752 1233 810 incenderunt.
1260 754 1301 809 hd
1317 754 1369 809 hos
1392 769 1497 821 omnes,
1527 754 1674 820 karissimi,
1695 768 1791 807 manus
1819 759 1848 807 et

1039 843 1125 899 corda
1136 842 1231 898 tollite.
1247 844 1303 899 llos
1313 842 1442 915 lacrymis
1457 844 1573 914 poscite,
1584 852 1614 897 ut
1634 841 1796 898 mereamini
1810 841 1849 895 ab

1040 932 1114 989 omni
1128 932 1249 989 cruciatu
1265 934 1363 988 animae
1380 940 1406 988 et
1420 932 1545 1003 eorporis
1566 931 1698 998 liberari,
1727 938 1755 986 et
1778 945 1845 986 cum

1042 1022 1081 1077 eis
1098 1021 1126 1076 in
1140 1020 1255 1093 perenni
1270 1022 1362 1092 gloria
1385 1020 1515 1089 laureari,
1533 1036 1615 1093 quarn
1630 1019 1726 1076 oculus
1739 1034 1794 1075 non
1808 1018 1848 1074 vi·

1042 1110 1080 1166 dit
1093 1112 1118 1183 (l
1132 1112 1196 1169 Cor.
1216 1109 1257 1181 n),
1273 1109 1430 1183 etreliqua.

225 1354 259 1416 Si
277 1354 513 1434 septuagesima
528 1354 634 1416 evenit
649 1353 774 1417 infesto
796 1362 913 1417 sanctae
929 1350 1074 1433 Agnetis,
1091 1344 1162 1406 haee
1176 1344 1216 1406 de
1232 1360 1270 1405 ea
1284 1342 1466 1424 adjiciendo
1491 1340 1697 1403 sermocinari
1713 1341 1845 1420 poteris.

221 1489 265 1555 (F⁰
279 1488 342 1561 58.)
356 1488 498 1557 Quatenus
513 1490 584 1560 haec,
600 1489 747 1557 karissimi,
764 1506 825 1562 quae
838 1489 894 1545 dixi
918 1504 989 1561 ope·
1004 1492 1031 1552 B
1046 1516 1100 1574 que
1114 1504 1305 1563 concurrente,
1321 1496 1415 1565 Agnes
1429 1494 1515 1549 Deum
1530 1494 1629 1562 oravit,
1645 1501 1672 1550 et
1681 1492 1848 1565 angelusju·

185 1576 263 1633 ribus
297 1577 411 1649 implere
439 1577 563 1641 valeatis,
593 1578 736 1649 implorate
763 1579 844 1635 hodic
861 1579 989 1634 auxilium

186 1666 286 1722 Christi
305 1682 414 1737 sponsae
427 1674 453 1722 et
469 1667 599 1740 martyris
615 1676 718 1724 sanotae
734 1668 846 1741 Agnetis
861 1685 931 1741 quae,
948 1666 991 1722 ls-

187 1756 228 1813 oie
245 1755 375 1822 tor-mosa,
406 1756 545 1812 nobilitate
569 1772 716 1830 generosa,
741 1758 841 1813 duma
869 1756 991 1829 prefecti

179 1845 273 1901 *Urbis
288 1843 344 1899 filio
359 1844 385 1899 in
412 1846 570 1917 coniugium
584 1853 732 1917 peteretur,
749 1853 775 1902 ct
791 1846 815 1903 ei
830 1846 914 1902 multa
931 1846 991 1902 auri

188 1943 213 1991 et
229 1948 399 2007 gemmarum
415 1934 534 2009 insignia
548 1938 583 1989 ab
600 1951 633 1991 eo
644 1933 815 2002 offerrentur,
832 1936 877 1991 illa
892 1944 992 1992 cuncta

189 2030 219 2078 ut
233 2030 340 2078 stercus
355 2023 488 2094 despexit,
507 2024 572 2095 quia
595 2024 685 2079 solum
699 2025 761 2081 vitae
784 2032 922 2082 auctorem
946 2024 991 2079 di-

192 2111 267 2167 lerit.
283 2110 360 2168 Unde
385 2128 401 2166 a
420 2112 552 2184 praelecto
581 2112 777 2183 comprehendi
794 2124 820 2169 et
831 2114 864 2169 sd
878 2113 992 2185 lupanar

185 2200 263 2270 jussa
279 2208 334 2265 est,
350 2202 422 2256 nuda
437 2201 510 2258 duni.
527 2200 612 2271 Quam
637 2218 698 2258 mox
713 2201 827 2277 angelus
847 2203 991 2274 splendida

188 2298 263 2346 veste
279 2288 375 2356 induit,
392 2306 443 2361 per
466 2306 548 2363 quem
570 2291 651 2346 etiam
675 2293 793 2347 maxima
805 2292 852 2347 lux
867 2293 895 2347 iu
909 2292 991 2362 lupa-

190 2379 251 2435 nari
263 2378 368 2435 micnit.
390 2380 512 2436 Praetecti
533 2379 616 2447 illius,
632 2396 693 2436 cum
709 2381 849 2436 sodalibus
870 2381 927 2437 suis
946 2398 991 2439 ve·

193 2468 282 2534 niens,
296 2467 468 2540 impudenter
482 2469 601 2536 intravit,
618 2474 645 2525 et
668 2469 812 2525 confestim
838 2485 854 2525 a
880 2470 991 2527 diaholo

186 2557 350 2630 praeiooatus
371 2557 515 2631 expiravit.
532 2559 634 2631 Populo
648 2560 832 2616 succlamante
856 2568 883 2618 et
911 2560 992 2616 undi-

1045 1604 1143 1646 venem
1158 1586 1299 1643 excitavit.
1319 1586 1383 1640 Post
1398 1585 1456 1640 haec
1470 1599 1570 1657 magno
1590 1583 1648 1656 igni
1669 1583 1768 1653 injecta
1791 1597 1846 1637 non

1045 1677 1136 1734 solum
1150 1676 1227 1750 [edd.
1240 1673 1305 1748 non]
1319 1673 1425 1729 laeditur
1442 1716 1448 1738 ,
1465 1672 1513 1727 sed
1524 1673 1605 1727 etiam
1614 1672 1688 1743 ignis
1708 1670 1846 1742 extingui-

1046 1776 1098 1824 tur.
1116 1765 1186 1821 Deio
1201 1763 1293 1836 gladio
1307 1777 1440 1834 percussa
1455 1769 1557 1833 martyr
1572 1760 1699 1817 efficitur.
1715 1759 1845 1817 Conside·

1045 1865 1114 1922 rate,
1131 1854 1228 1909 iratres
1244 1852 1391 1916 karissimi,
1409 1852 1482 1922 quod
1511 1858 1612 1906 tenerae
1631 1849 1729 1920 Puellae
1752 1847 1847 1903 mundi

1045 1944 1145 2019 gaudia
1158 1944 1334 1999 calcaverunt
1347 1949 1373 1995 et
1393 1940 1553 2010 sanguinem
1575 1956 1654 1993 suum
1681 1953 1732 2008 pro
1757 1937 1845 2008 adipi-

1046 2032 1148 2090 scendo
1162 2040 1272 2088 aeternae
1296 2030 1359 2085 sitae
1382 2029 1483 2100 gaudio
1502 2028 1638 2083 fuderunt.
1653 2028 1711 2083 Nos
1722 2040 1846 2083 verono-

1046 2120 1138 2173 lnmus
1145 2116 1315 2179 dormiendo,
1327 2114 1456 2177 ludendo,
1478 2129 1588 2169 comme
1603 2112 1706 2176 dendo,
1717 2110 1847 2176 bibendo,

1045 2206 1110 2262 illuc
1138 2207 1241 2275 venire,
1266 2206 1317 2260 sed
1335 2219 1390 2259 non
1413 2217 1559 2274 possumus
1588 2201 1639 2256 nisi
1660 2218 1710 2273 per
1729 2215 1846 2273 magnos

1045 2296 1155 2351 labores
1179 2296 1243 2351 illuc
1266 2293 1433 2365 pertingere.
1457 2292 1535 2348 Unde
1556 2291 1672 2357 dehetis,
1697 2288 1845 2354 karissimi,

1046 2386 1116 2441 hanc
1130 2385 1266 2456 virginem
1281 2398 1406 2451 exorare,
1430 2389 1460 2435 nt
1484 2380 1595 2452 possitis
1610 2380 1785 2453 lragilitatcm
1802 2392 1848 2431 se·

1046 2483 1131 2529 stram
1155 2472 1371 2545 supererectis
1387 2470 1491 2527 coelesti
1505 2470 1596 2544 gloria
1611 2484 1674 2525 curn
1700 2469 1749 2525 illa
1763 2471 1842 2528 trium

1045 2564 1142 2635 phare,
1159 2579 1239 2637 quam
1254 2561 1350 2618 oculus
1366 2575 1434 2616 non.

229 2684 264 2745 Si
279 2684 311 2745 in
326 2685 426 2746 sancti
440 2682 598 2757 Vincenti,
615 2684 678 2746 diei
693 2684 761 2748 haeo
775 2686 814 2749 de
830 2704 868 2749 eo
884 2686 935 2749 dic
949 2688 981 2747 in
995 2686 1070 2750 line.

226 2816 479 2888 kdhaeoimplends
498 2825 527 2873 ut
546 2817 678 2875 festinetis
696 2818 834 2875 ardentius
852 2820 989 2891 postulate

185 2913 214 2961 ut
236 2906 313 2961 robis
327 2907 408 2961 hodie
432 2906 519 2962 faveat
545 2914 655 2962 sanctus
671 2906 841 2963 Vincentius.
868 2907 921 2978 Qui
937 2924 988 2980 pro

188 2994 295 3050 Christo
310 2994 404 3051 eculeo
420 3010 581 3066 suspensus,
597 2996 690 3051 nervis
702 2996 874 3069 stanguibus
884 2998 989 3053 discer-

185 3091 258 3155 ptus,
276 3083 332 3157 igni
347 3082 488 3150 ustulatus,
515 3092 576 3155 post
601 3085 686 3140 multa
709 3085 831 3141 crudelia
853 3094 987 3143 tormenta

186 3172 310 3246 angelica
325 3173 511 3229 consolatione
526 3174 680 3241 roboratus,
697 3174 725 3229 in
747 3190 856 3231 carcere
876 3177 986 3233 tandem

1043 2821 1179 2896 requierit
1192 2820 1220 2877 in
1233 2835 1315 2892 pace.
1334 2820 1422 2887 Hunc,
1438 2818 1585 2885 karissimi,
1602 2819 1665 2891 quia
1680 2834 1754 2877 nuno
1768 2818 1845 2875 exui·

1043 2920 1081 2967 tat
1095 2928 1157 2969 cum
1172 2910 1279 2983 angelis
1294 2910 1322 2964 iri
1338 2909 1506 2975 scelestibus,
1523 2907 1642 2963 assiduis
1657 2908 1766 2979 pulsata
1784 2924 1845 2980 pre·

1041 3003 1119 3057 cibus
1133 3009 1162 3055 ut
1176 2998 1335 3055 mereamini
1349 2999 1412 3054 illuc
1428 2997 1572 3069 pertenire
1586 2997 1632 3051 ubi
1646 3004 1688 3052 est
1716 2997 1846 3067 splendor

1040 3100 1067 3147 ct
1082 3092 1126 3145 lux
1142 3098 1274 3161 perpetua
1288 3088 1382 3144 etsine
1396 3086 1450 3143 line
1463 3086 1571 3153 laeticia,
1587 3103 1669 3159 eruam
1684 3086 1844 3143 oculusnon

1043 3180 1121 3247 vidit,
1138 3186 1165 3235 ct
1179 3178 1298 3251 reliqua.
1389 3197 1391 3199 ’

178 3342 185 3351 -
225 3298 259 3361 Si
282 3300 313 3360 in
325 3301 424 3361 sancti
440 3298 529 3360 Pauli
544 3298 607 3373 die,
624 3299 692 3361 haec
706 3299 840 3362 dicendo
856 3320 1035 3365 sermonem
1051 3304 1216 3367 conclude.

221 3432 251 3487 1⁰
266 3431 318 3487 ¹¹⁸0
338 3430 428 3498 linei,
451 3428 597 3498 karissimi.
613 3430 730 3503 impigre
750 3442 860 3489 sancius
886 3434 984 3491 Paulus
1000 3441 1025 3505 C
1039 3440 1137 3506 attulit,
1151 3438 1216 3512 quia
1230 3437 1355 3494 tenebras
1370 3432 1493 3507 perfidiae
1505 3433 1540 3490 de
1555 3433 1686 3507 gentihus
1707 3430 1839 3498 excussit,

185 3527 328 3601 laboravit,
345 3528 390 3603 qui
405 3530 482 3601 prius
493 3546 608 3603 gregem
634 3530 742 3586 Domini
764 3537 791 3585 ut
816 3532 982 3589 saevissimus

184 3618 265 3691 lupus
287 3620 394 3687 invasit,
411 3620 460 3675 sed
484 3619 720 3675 mansuetissimus
743 3630 836 3692 pastor
850 3638 911 3677 eum
934 3639 983 3694 per

186 3724 266 3765 ovem
281 3708 434 3781 superarit.
453 3710 525 3765 Dum
549 3712 621 3765 enim
637 3710 756 3782 undique
773 3709 921 3766 Ecclesiam
933 3726 984 3767 va-

186 3805 280 3862 staret,
297 3798 376 3855 hodie
392 3799 497 3870 accepit
512 3807 675 3869 potestatem
689 3814 705 3853 a
719 3798 857 3869 pontifice,
867 3800 983 3855 Damas-

187 3904 249 3943 cum
265 3904 393 3960 pergens,
409 3898 438 3942 ut
461 3896 574 3945 cunctos
594 3886 760 3943 Christianos
784 3889 909 3943 inventos
924 3897 984 3943 tru-

186 3977 297 4043 cidaret,
314 3978 405 4032 subito
428 3976 473 4031 lux
499 3977 632 4031 hnmanae
656 3976 690 4031 de
714 3976 785 4032 coelo
798 3976 830 4047 (D
845 3980 877 4032 58
889 3980 928 4041 ιο)
939 3994 983 4033 co·

185 4081 302 4122 ruscans
317 4066 412 4125 radiat,
437 4074 518 4121 terrae
533 4072 696 4135 prostratum
711 4073 839 4129 exoaecat,
856 4081 906 4120 vox
923 4065 984 4121 dei-

185 4152 237 4209 iica
260 4155 372 4219 intonat,
389 4153 424 4208 de
439 4154 546 4209 saevicia
570 4152 768 4223 persecutionis
800 4153 930 4225 increpat.
954 4154 984 4209 ln

184 4257 236 4313 qua
262 4241 321 4297 lure
349 4241 470 4297 creditur
499 4242 524 4299 ei
547 4241 637 4315 gloria
661 4240 759 4297 Christi
772 4242 944 4299 manifestata
959 4252 985 4299 et

184 4329 307 4387 coelestis
322 4337 427 4385 secreta
442 4330 575 4386 revelata.
591 4330 667 4387 Unde
683 4330 772 4385 triduo
785 4332 899 4400 ieiunat,
913 4340 983 4402 orat,

186 4418 270 4475 tercio
285 4418 329 4474 die
344 4418 507 4490 baptizatur,
523 4426 549 4473 et
564 4434 680 4489 corpore
695 4426 721 4473 et
736 4420 828 4475 anima
851 4419 985 4477 illumina·

186 4515 239 4563 tur.
263 4506 316 4577 Qui
339 4506 556 4564 continuantes
582 4507 691 4563 Domini
707 4524 773 4580 qrras
794 4510 985 4581 persequendo

1038 3538 1119 3601 atque
1133 3528 1214 3595 jubar
1230 3536 1341 3582 aeternae
1356 3523 1424 3581 lucis
1439 3523 1567 3579 omnibus
1582 3522 1715 3578 Ecclesiis
1730 3521 1837 3577 inludit.

1036 3620 1094 3674 Hoc
1122 3618 1187 3672 olim
1214 3616 1354 3686 Scriptura
1367 3612 1521 3684 praenotuit,
1537 3628 1599 3666 cum
1614 3627 1711 3666 seruus
1734 3609 1838 3680 loseph

1037 3708 1170 3778 scyphum
1193 3713 1356 3779 argenteum
1385 3704 1419 3757 de
1443 3716 1524 3757 sacco
1545 3701 1693 3772 Deojamyn
1717 3698 1837 3770 protulit.

1035 3797 1138 3866 loseph
1160 3795 1262 3867 quippe
1276 3808 1384 3848 serrum
1406 3800 1467 3862 post
1491 3791 1638 3860 Denjamyn
1660 3787 1733 3842 misit
1758 3788 1840 3860 (Cera.

1039 3886 1201 3953 scirpeum
1220 3881 1341 3937 Christus
1359 3879 1491 3934 Ananiam
1513 3881 1548 3932 ad
1574 3877 1683 3932 Paulum
1708 3875 1744 3930 de
1769 3876 1840 3929 trihu

1037 3973 1185 4043 Dcojamyn
1203 3970 1275 4025 misit
1302 3972 1374 4040 (Act.
1400 3970 1437 4036 ι).
1465 3969 1568 4024 Seruus
1590 3981 1701 4022 saccum
1726 3965 1838 4020 solvens

1038 4063 1172 4133 scyphum
1185 4057 1308 4130 protulit,
1324 4057 1390 4112 dum
1412 4057 1541 4120 Ananias,
1556 4054 1674 4109 Paulum
1691 4053 1842 4124 baptizans,

1039 4166 1101 4205 eum
1116 4164 1165 4205 vas
1177 4147 1317 4205 electionis
1338 4145 1440 4202 mundo
1462 4146 1586 4199 innotuit.
1601 4144 1685 4212 Cujus
1701 4142 1775 4197 vasis
1795 4156 1840 4195 ar-

1039 4246 1151 4312 gentum
1168 4253 1221 4309 per
1251 4244 1336 4290 totum
1351 4234 1482 4289 mundum
1505 4232 1683 4303 resplenduit,
1715 4247 1779 4285 curn
1807 4228 1841 4283 de

1039 4328 1127 4383 nitore
1141 4326 1304 4397 eloquentiae
1324 4324 1403 4393 huius
1426 4322 1520 4395 scyphi
1535 4329 1592 4375 tota
1607 4319 1738 4376 Ecclesia
1753 4318 1842 4374 dulcia

1039 4415 1171 4473 doctrinae
1186 4415 1284 4469 tluenta
1300 4412 1376 4467 bibit.
1400 4412 1478 4467 Hunc
1501 4408 1663 4482 precemini,
1692 4405 1841 4475 karissimi,

1038 4513 1067 4560 ut
1089 4504 1158 4561 sicut
1181 4503 1254 4557 Deua
1269 4504 1356 4568 illum,
1370 4500 1443 4555 itaet
1458 4515 1508 4555 nos
1524 4506 1665 4554 convertat
1681 4498 1715 4550 ah
1732 4511 1839 4563 errore,

184 4592 351 4665 disperserat
367 4592 492 4648 nobiliter
506 4592 681 4664 praedicando
700 4609 872 4667 congregare
895 4611 984 4667 crepe·
1041 4602 1067 4649 et
1081 4593 1120 4647 sio
1143 4592 1254 4663 possitis
1275 4592 1390 4646 Domino
1406 4589 1511 4644 servire
1528 4588 1556 4643 iti
1571 4588 1679 4651 timore,
1707 4593 1736 4640 ut
1760 4600 1842 4657 quaa-

184 4690 236 4747 rat,
253 4694 279 4738 et
294 4682 334 4740 aol
350 4680 397 4755 qui
412 4682 463 4737 sub
478 4683 549 4737 nube
565 4682 666 4738 erroris
681 4682 767 4749 latuit,
791 4700 936 4755 emergens
951 4684 986 4740 de
1040 4683 1131 4753 doque
1155 4681 1268 4736 videatis
1293 4681 1396 4750 Regem
1420 4677 1516 4750 gloriae
1531 4676 1558 4732 in
1573 4692 1622 4732 suo
1637 4674 1749 4742 decore,
1761 4690 1841 4747 quern

186 4753 353 4811 infidelitatis
376 4754 510 4827 caligine,
537 4756 667 4811 universo
687 4755 790 4810 mundo
811 4756 985 4811 serenitatem
1001 4771 1028 4832 D
1043 4753 1139 4809 oculus
1153 4768 1206 4807 oon
1220 4752 1287 4808 vidit
1301 4753 1325 4824 (l
1340 4753 1400 4807 Cor.
1417 4753 1458 4820 tr),
1474 4749 1633 4821 etreliqua.

227 4902 262 4964 Si
277 4902 513 5044 sepppagesima
527 4902 559 4963 in
573 4902 797 4965 Purilloatione
812 4910 928 4965 sanctae
944 4902 1051 4964 Mariae
1066 4903 1211 4979 occurrit,
1226 4903 1267 4965 de
1281 4919 1321 4965 ea
1334 4918 1512 4964 sermonem
1536 4898 1641 4961 lacere
1656 4896 1780 4958 licebit.
1809 4895 1843 4956 ln

186 4980 250 5045 tine
276 4982 301 5044 L

188 5062 306 5125 licebit.

222 5196 258 5254 Ut
271 5194 416 5253 obtineatis
429 5194 491 5253 ritae
505 5194 656 5264 denarium,
671 5197 777 5267 poscite
801 5196 880 5254 vobis
894 5194 986 5265 hodie,
1042 5196 1179 5259 heuditur,
1195 5194 1321 5269 plurimis
1344 5194 1439 5268 uagus
1466 5192 1591 5261 afficitur,
1608 5191 1703 5251 eculeo
1726 5206 1845 5263 suspen-

188 5284 336 5353 ltarissimi,
362 5293 486 5342 sanctum
509 5285 639 5341 blasium.
673 5284 727 5354 Qui
750 5285 842 5341 multis
859 5284 989 5342 virtutum
1043 5282 1124 5350 ditur,
1140 5282 1238 5337 terreis
1252 5280 1405 5353 pectinibus
1419 5280 1593 5350 discerpitur,
1605 5279 1635 5333 in
1648 5276 1774 5333 horribili
1782 5291 1846 5332 cer-

190 5374 307 5448 gemmis
332 5374 493 5437 adornatus,
515 5372 663 5443 pontificali
683 5372 768 5429 insula
792 5382 835 5429 est
858 5372 990 5430 Ecclesiae
1043 5386 1106 5428 cere
1120 5371 1165 5427 diu
1189 5381 1350 5434 maceratur,
1375 5370 1403 5424 in
1418 5370 1508 5425 lecum
1524 5366 1693 5439 mergendus
1715 5368 1844 5435 jactatur,

186 5462 324 5534 praelatns.
354 5461 442 5531 Quam
466 5476 531 5518 cnm
555 5462 678 5535 gloriosa
699 5462 754 5517 rita
768 5468 795 5517 et
812 5463 925 5536 egregia
943 5463 992 5517 do·
1044 5461 1078 5516 ad
1094 5461 1217 5515 ultimum
1231 5476 1292 5516 cum
1307 5460 1414 5515 duobus
1429 5458 1550 5530 puerulis
1574 5457 1661 5528 capite
1684 5462 1841 5512 truncatur.

191 5549 278 5605 ctrina
303 5550 477 5617 illustrasset,
494 5550 586 5605 multis
606 5567 714 5623 quoque
734 5551 876 5623 praeclaris
905 5552 992 5623 signis
1047 5549 1128 5621 Cujus
1143 5550 1285 5621 sanguinis
1300 5559 1390 5622 guttas
1404 5549 1467 5622 quia
1481 5557 1586 5619 septem
1610 5545 1739 5601 mulieres
1759 5545 1844 5601 colle-

191 5636 361 5703 decorasset,
382 5652 433 5709 pro
460 5638 562 5695 Christi
572 5639 684 5695 nomine
706 5640 852 5713 apaganis
870 5654 994 5712 compre·
1047 5646 1155 5711 gerunt,
1180 5640 1271 5695 multis
1293 5639 1434 5695 tormentis
1458 5636 1597 5704 cruciate,
1617 5634 1742 5707 spiritum
1764 5633 1844 5690 astris

365 4990 396 5044 ta
410 5000 510 5045 annos
524 5000 646 5064 expone
659 4993 692 5045 ut
707 4986 964 5065 suprascriptum
978 4990 1041 5046 est.
1061 4982 1096 5044 Si
1109 4984 1143 5044 in
1156 4984 1237 5045 testo
1257 4983 1358 5045 sancti
1381 4982 1481 5043 Blasii
1504 4981 1658 5056 evenerit,
1680 4978 1728 5039 sio
1751 4976 1842 5039 ttnira
