3942 6067
182 297 233 358 tlt
508 301 661 363 ttoltostt
678 303 933 364 AUGUSTODUN.
957 299 1037 359 ΟΡΡ.
1055 303 1150 363 Putes
1165 307 1202 364 lt.
1220 340 1255 352 -
1271 305 1495 368 ttxtoerlut.
1778 313 1830 370 tts

179 423 226 501 ple
239 427 354 502 prebes,
369 429 438 488 sieut
452 427 633 501 Hierusalem,
649 433 677 490 id
704 444 746 492 est
767 433 906 508 primitive
921 430 978 489 Eo-
993 429 1020 492 t
1035 439 1147 504 experte
1161 433 1238 492 sides
1251 433 1279 491 in
1293 435 1447 506 Scriptum,
1463 435 1492 489 et
1512 431 1541 488 in
1561 431 1666 489 visibili
1685 437 1831 492 ereetum.

179 517 263 574 olesin
277 519 398 575 existens
411 520 463 576 sub
477 521 609 593 spostolis
623 523 650 578 in
672 523 852 590 Hierusalem,
868 520 912 578 rel
936 519 976 576 si·
1030 517 1066 574 Et
1079 536 1115 578 ne
1129 538 1235 594 quaeres
1248 539 1294 579 me
1309 539 1342 580 er
1358 527 1418 578 tolo
1437 521 1465 577 in
1487 521 1541 576 beo
1563 519 1619 576 vite
1632 520 1739 589 ridere,
1758 524 1833 596 quod

180 614 226 662 eut
240 605 366 664 Eoolesie
380 606 452 674 lecit,
467 625 531 679 quae
545 624 618 666 nuno
633 619 671 668 est
686 611 713 666 in
728 609 833 668 ooelesti
849 609 976 665 lliemse·
1030 623 1087 664 non
1099 610 1200 681 poteris
1214 627 1271 684 prae
1286 617 1332 668 tus
1346 610 1508 683 lregilitete,
1523 622 1578 664 neo
1592 623 1700 681 qrraeres
1709 611 1763 668 boe
1771 627 1835 668 oon·

177 692 243 750 lem.
266 693 408 750 Terribilis
423 694 593 752 demonibus
616 704 644 753 et
666 697 813 768 baeretiois,
832 697 876 754 vel
899 695 976 752 lelsis
1031 697 1108 768 sequi
1122 697 1150 754 in
1163 697 1219 764 vie,
1235 699 1308 772 quod
1324 698 1374 754 tibi
1387 697 1494 754 debitur
1507 696 1535 752 in
1548 696 1647 768 petris.
1668 697 1770 756 Postee
1786 716 1834 756 me

180 779 309 837 iratribus
324 781 530 840 conversatione
543 792 571 840 et
594 783 790 858 disputetioue,
814 793 843 840 ut
866 793 975 842 oestro·
1030 789 1119 841 toturn
1134 785 1249 852 uidebis,
1270 802 1332 843 cum
1343 785 1378 841 sd
1393 801 1437 842 me
1451 784 1479 840 in
1493 784 1556 840 eule
1569 784 1737 856 perveneris.
1754 787 1834 843 Simi-

180 885 241 924 mm
256 869 329 925 eoies
342 868 476 937 ordinate,
491 880 588 927 eontre
602 873 699 928 hostes
711 889 849 930 armorum
873 872 975 928 instru-
1030 871 1118 928 liludo
1131 879 1176 929 ost
1188 874 1223 930 eb
1238 873 1340 946 equile,
1353 889 1414 946 qum
1429 872 1457 927 in
1471 871 1529 928 elto
1543 871 1590 927 vix
1604 871 1726 942 videtur,
1735 874 1787 930 sed
1797 873 1833 930 el·

179 957 279 1012 otione.
295 955 416 1013 Eoolesie
431 967 470 1012 est
486 958 615 1016 distinete
627 961 713 1016 tribus
734 960 885 1027 ordinibus,
901 958 975 1033 quod
1031 959 1086 1017 tius
1100 960 1197 1018 volens
1211 978 1267 1017 nort
1281 962 1408 1027 videturs
1423 960 1460 1015 ite
1474 961 1548 1016 Deus
1562 973 1624 1016 eum
1635 959 1832 1034 eliquentulum

177 1051 241 1100 sunt
252 1043 393 1111 doctores,
408 1045 590 1114 continentes,
606 1048 754 1121 onningeti,
771 1050 817 1121 qui
840 1063 890 1120 per
903 1048 974 1114 Noe,
1030 1048 1059 1104 in
1072 1049 1307 1120 contemplatione
1321 1049 1452 1116 oernitur,
1468 1048 1559 1104 subito
1571 1064 1605 1104 ex
1628 1049 1718 1105 oeulis
1739 1049 1832 1106 sordis

177 1131 274 1187 Deniel
289 1138 316 1187 et
329 1132 381 1187 lob
397 1142 459 1188 sunt
475 1135 643 1208 praesignuti.
659 1137 699 1192 lix
724 1136 823 1208 quibus
844 1136 903 1192 Noe
926 1149 974 1191 er·
1029 1136 1155 1207 eripitur,
1171 1145 1199 1192 et
1213 1152 1323 1194 omnem
1345 1136 1515 1194 intellectum
1535 1136 1619 1209 longe
1633 1138 1831 1194 trenseendere

175 1233 236 1275 oem
250 1220 320 1275 rexit
333 1220 359 1274 in
378 1220 469 1284 undis.
497 1223 596 1278 Deniel
610 1224 754 1280 continens
781 1223 833 1279 luit
859 1223 888 1278 in
912 1221 976 1279 eule
1029 1224 1221 1296 perpenditur.
1241 1225 1343 1282 Ooulos
1355 1225 1447 1281 eordis
1462 1224 1491 1279 in
1505 1225 1593 1280 Deum
1604 1223 1674 1297 tigit,
1686 1224 1732 1296 qui
1744 1224 1833 1280 Trini-

176 1306 261 1379 regis,
275 1307 327 1363 lob
340 1323 434 1365 eurem
451 1309 521 1364 rexit
535 1311 670 1384 conjugis.
683 1311 736 1382 Qui
751 1311 833 1368 etism
847 1311 875 1365 in
886 1312 976 1366 liuen-
1029 1317 1113 1368 telem
1128 1312 1157 1368 in
1170 1313 1307 1384 personis,
1321 1319 1350 1368 et
1362 1311 1494 1368 unitatem
1509 1316 1597 1384 elque
1611 1311 1832 1384 equelitelemin

174 1394 249 1467 gello
263 1403 399 1464 notentur,
416 1397 462 1452 ubi
478 1398 533 1454 duo
548 1399 575 1453 in
598 1414 677 1472 egro,
702 1400 776 1472 quod
798 1408 862 1455 sunt
884 1398 976 1456 docto
1029 1399 1149 1456 essentie
1171 1399 1279 1458 deitatis
1303 1401 1423 1472 perfecte
1445 1415 1615 1472 eognosoere
1637 1399 1755 1471 qoaerit;
1778 1399 1831 1456 sed

174 1497 232 1552 res,
247 1483 302 1540 duo
316 1483 344 1540 in
365 1484 450 1552 leoto,
472 1487 545 1558 quod
567 1495 631 1543 sunt
656 1488 836 1554 continentes,
866 1487 920 1544 duo
947 1486 976 1542 in
1028 1488 1090 1560 ipse
1103 1488 1138 1543 eb
1152 1488 1240 1546 oeulis
1254 1488 1393 1546 sementis
1407 1487 1509 1554 evolet,
1525 1487 1591 1544 dum
1611 1487 1666 1545 sibi
1680 1487 1832 1560 inoompre·

174 1570 341 1638 molendino,
358 1573 434 1644 quod
449 1581 511 1628 sunt
526 1575 667 1649 oonjupeti
692 1575 866 1634 scribuntur.
884 1576 913 1630 ln
932 1572 975 1630 bis
1030 1575 1164 1632 bensibile
1178 1576 1268 1632 oernit
1279 1576 1352 1648 quod
1367 1575 1461 1632 sidere
1479 1575 1631 1632 desideret.
1646 1575 1749 1632 Oouloe
1762 1591 1830 1650 erpo

174 1658 290 1730 siugulis
304 1667 366 1714 sunt
392 1659 466 1717 noles
493 1662 634 1728 uirtutum,
664 1663 748 1718 ermis
777 1664 925 1730 instruere,
947 1660 975 1716 in
1030 1664 1066 1720 eb
1080 1679 1114 1720 eo
1127 1663 1238 1732 evertit,
1253 1672 1278 1720 et
1293 1664 1328 1720 sd
1341 1670 1493 1720 orestus-em
1506 1663 1559 1720 hos
1574 1662 1669 1730 lleetit,
1682 1663 1831 1721 dumbuno

174 1747 273 1802 nestris
287 1748 406 1816 Domini,
422 1749 525 1806 soilioet
539 1751 566 1806 in
582 1751 725 1819 Eoolesiis,
737 1751 782 1808 uel
794 1751 823 1806 iu
837 1751 972 1819 oleustris,
987 1776 1014 1838 B
1030 1752 1058 1808 in
1074 1751 1204 1824 operibus
1218 1751 1319 1808 orestis
1335 1750 1516 1823 contemplari
1530 1751 1641 1822 eeugit,
1657 1765 1738 1824 quem
1747 1751 1775 1806 in
1786 1765 1830 1807 es·

174 1843 267 1890 eontre
281 1835 393 1910 agmine
407 1837 531 1894 vitiomm
546 1839 681 1906 ordinent,
698 1840 762 1896 dum
777 1839 904 1898 doctores
917 1839 972 1894 bre·
1027 1839 1116 1898 sentis
1140 1855 1191 1895 sue
1220 1838 1314 1896 videre
1339 1854 1395 1895 non
1415 1839 1516 1912 potuit.
1537 1839 1600 1895 Non
1618 1839 1710 1895 solum
1734 1839 1829 1896 oeulos

173 1922 285 1992 reticos,
303 1923 347 1980 vel
361 1925 514 1993 daemones,
526 1927 689 2000 disputando
703 1928 874 2002 impugnent,
885 1927 972 1984 eonti-
1027 1930 1090 1980 tuos
1106 1939 1159 1980 non
1174 1930 1297 1980 evertes
1312 1938 1368 1992 me,
1383 1922 1433 1979 sed
1446 1922 1528 1980 etiem
1546 1922 1663 1996 otpillos
1681 1938 1696 1979 ι
1719 1938 1764 1980 sne
1785 1938 1828 1982 oo

173 2017 270 2067 nentes
284 2012 376 2068 sobrie
391 2013 526 2081 viventes,
541 2023 638 2072 oontrs
651 2015 804 2088 impudicos
823 2015 970 2081 dimioont;
1027 2012 1100 2068 bibe.

172 2097 314 2170 eonjupeti
329 2097 381 2156 lide
396 2102 545 2172 eonjupeli,
562 2111 589 2160 et
612 2103 806 2177 eleemosynis,
823 2102 877 2160 tele
891 2102 972 2159 lusu·
1061 2099 1159 2173 Cepilli
1175 2103 1241 2156 sunt
1254 2099 1374 2157 subtiles
1388 2099 1582 2173 cogitetiones,
1597 2117 1659 2174 qure
1672 2100 1828 2158 escendunt

171 2185 219 2242 nise
232 2186 372 2251 devitent;
389 2205 450 2262 quse
463 2190 537 2246 eeies
551 2191 592 2248 sio
613 2191 752 2249 iustmetae
774 2199 837 2248 sunt
860 2191 972 2246 terribi-
1024 2185 1198 2260 multiplices,
1214 2188 1287 2245 sieut
1299 2205 1367 2262 prex
1383 2203 1527 2262 esprernm
1536 2189 1661 2247 eseendit
1675 2189 1711 2246 ed
1732 2205 1826 2262 rupes,

171 2272 231 2340 les,
255 2274 319 2346 quie
336 2275 399 2334 vilse
416 2278 551 2346 justorum
575 2279 702 2336 videntur
720 2279 793 2336 mele
820 2279 972 2336 viventibus
1025 2285 1053 2333 et
1066 2276 1119 2331 boo
1132 2275 1167 2332 de
1178 2275 1292 2344 (lelund,
1307 2276 1335 2331 id
1348 2284 1391 2334 est
1404 2276 1439 2333 de
1454 2276 1575 2347 cbristo,
1590 2277 1637 2351 qui
1650 2285 1693 2334 est
1713 2293 1828 2333 eoeruus

173 2361 328 2420 horribiles.
346 2363 451 2422 Graves
465 2375 527 2422 sunt
549 2367 630 2424 etiem
651 2368 691 2424 eis
717 2369 752 2424 ed
771 2368 927 2436 visendum,
943 2375 970 2424 et
1025 2363 1172 2421 testimonii
1185 2365 1228 2420 vel
1244 2363 1376 2422 lortitudo
1390 2371 1549 2438 martyrum.
1561 2365 1692 2438 Cogitent
1703 2365 1776 2422 enim
1790 2363 1826 2422 de

171 2449 286 2506 horrent
300 2452 413 2508 oonsilie
435 2468 530 2510 eorum
552 2455 589 2512 sd
608 2455 786 2513 audiendum.
815 2455 970 2512 Similitudo
1025 2452 1147 2520 cbristo,
1162 2453 1298 2527 quomodo
1312 2453 1349 2510 de
1361 2468 1454 2510 messe
1471 2453 1626 2526 peooetrioe
1645 2454 1753 2528 ubsque
1765 2468 1825 2526 pso

175 2545 218 2594 est
231 2553 248 2594 e
263 2539 404 2608 militibus,
420 2542 467 2613 qui
481 2557 589 2615 sempe.-
604 2552 666 2600 sunt
680 2544 707 2598 in
721 2544 820 2601 osstris
835 2544 922 2617 pereti
936 2545 970 2600 ed
1026 2545 1089 2598 osto
1102 2541 1223 2613 potuerit
1235 2541 1353 2614 oonoipi,
1368 2541 1506 2615 quomodo
1519 2542 1626 2612 obsone
1639 2542 1698 2599 tim
1718 2542 1828 2600 desole

172 2626 354 2684 resistendum
370 2629 503 2686 hostibus.
524 2632 620 2688 Cestre
639 2633 821 2691 Romanorum
843 2632 971 2688 terribilis
1026 2629 1138 2702 Virgine
1155 2629 1243 2696 nessi,
1258 2630 1395 2702 quomodo
1411 2629 1588 2702 impossibilis
1596 2631 1667 2703 peti,
1678 2638 1705 2686 et
1717 2631 1826 2687 immor·

169 2723 257 2784 erent,
273 2716 336 2788 quie
349 2725 435 2774 toturn
451 2719 587 2776 mundum
608 2721 779 2792 premebant,
796 2721 845 2778 sed
872 2722 971 2778 suetis
1025 2717 1089 2774 telis
1103 2717 1221 2790 potuerit
1235 2717 1317 2775 mori.
1333 2719 1365 2775 tlt
1388 2717 1453 2775 inde
1469 2719 1624 2776 esoendunt
1644 2719 1825 2792 cogitationes

167 2817 223 2859 non
237 2812 323 2871 erent,
339 2805 407 2878 quie
420 2823 512 2862 verens
526 2823 622 2879 peoem
639 2823 693 2864 non
708 2809 855 2864 bebebent.
868 2810 897 2864 lo
914 2810 971 2866 lle-
1024 2806 1061 2862 ed
1075 2805 1215 2870 deitatem.
1240 2822 1303 2862 eum
1330 2807 1453 2874 oopitent
1480 2807 1617 2880 quomodo
1641 2808 1766 2864 cbristus
1788 2808 1825 2864 sit

168 2889 252 2946 olesie
266 2899 356 2948 eutem
370 2909 421 2949 neo
434 2900 523 2950 terror
542 2895 715 2966 suetitntem,
726 2913 779 2954 neo
791 2896 971 2952 sueritsseu-
1024 2894 1116 2967 imago
1132 2894 1182 2952 Dei
1205 2893 1360 2962 inuisibilis,
1380 2894 1456 2950 Petri
1479 2895 1603 2967 tequelis,
1628 2896 1766 2969 quomodo
1789 2895 1823 2953 sit

169 2976 218 3034 lert
235 2987 380 3048 terrorem,
397 2998 458 3053 quae
470 2981 497 3036 in
512 2991 586 3039 terne
598 2983 737 3040 colestem
753 2985 835 3040 vitem
858 2985 927 3058 egit,
944 2992 972 3042 et
1025 2981 1076 3038 Dei
1089 2981 1236 3055 sepientis,
1252 2991 1279 3040 et
1294 2982 1344 3040 Dei
1360 2983 1456 3050 virtus,
1467 2991 1495 3041 et
1508 2983 1647 3058 quomodo
1668 2983 1759 3041 omnie
1772 3000 1825 3058 per

170 3064 309 3124 berberos
324 3066 494 3124 diversemm
509 3070 646 3126 notionum
662 3072 769 3128 enimos
783 3073 817 3129 ed
833 3089 911 3129 suum
927 3073 967 3130 ri-
1024 3069 1114 3143 ipsum
1129 3071 1204 3128 leole
1218 3077 1291 3139 sunt,
1303 3071 1439 3144 quomodo
1453 3071 1545 3128 omnis
1554 3072 1640 3129 verbe
1649 3070 1757 3129 virtutis
1766 3088 1824 3130 sue

169 3159 236 3220 tum,
253 3161 282 3210 ut
294 3156 396 3226 trelret,
412 3159 525 3231 selegit.
546 3160 596 3216 Per
610 3161 661 3216 boo
676 3160 748 3232 quod
759 3161 824 3218 dioit
839 3176 966 3232 sponsus,
982 3123 1008 3189 C
1024 3157 1175 3226 eontineet,
1186 3159 1236 3214 bes
1244 3159 1638 3232 cogitetionesquesioepillos
1648 3162 1820 3235 oonetringe,

167 3242 284 3313 pnlobre
298 3258 339 3311 es,
354 3244 444 3302 emioe
458 3261 529 3312 rnes,
544 3254 654 3302 notetur
670 3249 743 3320 quod
769 3247 872 3320 regine,
889 3249 969 3322 regio
1024 3245 1164 3303 stultiore
1184 3253 1213 3303 te
1226 3263 1261 3303 ne
1273 3247 1426 3320 quesieris,
1446 3247 1509 3322 quie
1527 3249 1580 3306 boo
1598 3248 1634 3306 ed
1652 3249 1765 3322 plenum
1776 3263 1824 3307 oo·

168 3337 268 3386 ornetu
282 3331 319 3386 ed
335 3347 429 3403 regem
444 3333 567 3402 venerit3
583 3350 635 3406 per
648 3336 701 3394 ltoo
715 3336 792 3408 quod
805 3337 881 3406 dieb,
892 3336 970 3393 temi—
1023 3349 1159 3408 gnoscere
1174 3350 1231 3391 non
1244 3334 1359 3407 poteris.

170 3415 233 3472 bilis
247 3425 277 3474 ut
298 3426 451 3476 oestromm
466 3421 540 3478 eoies
561 3423 695 3489 ordinetu,
710 3423 871 3499 intelligitur
894 3425 968 3499 quod

165 3513 272 3560 ermele
286 3505 463 3564 multitudine
476 3509 604 3566 uomitete
618 3511 770 3569 edvenerit.
784 3511 893 3585 Quippe
907 3529 968 3586 qnae

167 3607 230 3648 oum
248 3593 353 3650 limene
367 3604 394 3652 et
407 3596 536 3668 equilone
548 3614 668 3670 pugnem
688 3599 757 3667 iniit,
768 3601 859 3658 edbuo
873 3610 966 3660 oontm

165 3687 258 3752 grrttes
272 3682 394 3738 nostium
408 3693 563 3757 pugnatum
577 3701 655 3744 erms
675 3705 730 3746 non
752 3689 891 3762 deposuit.
909 3689 968 3746 De-

165 3767 289 3840 signatus
313 3779 416 3838 eutem,
438 3773 514 3845 quod
534 3775 667 3843 Eeolesie,
692 3793 755 3849 quse
773 3787 967 3849 persecutores

165 3855 292 3927 potientis
327 3857 439 3924 devicit,
463 3862 584 3920 baereses
602 3864 736 3936 sepientis
755 3865 903 3938 supererit,
918 3881 966 3922 or-

169 3953 263 4002 netum
277 3946 405 4004 virtutum
430 3949 457 4005 in
483 3965 551 4022 peoe
574 3951 671 4019 induit,
697 3953 747 4010 ssd
772 3961 862 4010 temen
883 3954 966 4010 ermis

166 4031 352 4104 spirituelibus
371 4036 476 4109 jugiter
498 4038 632 4112 invigilet,
658 4041 755 4112 quibus
778 4040 856 4097 lelsis
877 4041 966 4098 lretri-
1078 4090 1084 4103 .
1188 4091 1194 4104 .
1417 4092 1423 4105 .
1604 4093 1610 4106 .
1763 4092 1799 4105 ..

167 4119 217 4175 btrs
232 4121 354 4178 resistet.
374 4124 442 4180 Cum
457 4133 549 4182 eutem
563 4142 666 4197 sponso
678 4128 781 4185 inventi
795 4129 888 4186 dilecti
901 4129 965 4202 pul·
1021 4091 1132 4148 cmm
1145 4091 1425 4192 'thoefumssouw
1447 4093 1545 4151 ΝΜ
1568 4102 1702 4160 ‘mmm’
1724 4109 1771 4166 qm
1780 4108 1820 4194 .¹⁰

164 4207 344 4266 ebritudinern
359 4211 552 4270 insstiebiliter
569 4214 738 4284 intueretur,
764 4219 794 4272 et
816 4216 964 4274 oleritstem
1020 4178 1190 4281 ⁸¹pq⁰⁰¹¹f¹¹⁵
1203 4179 1353 4280 smmum.
1366 4195 1465 4282 ΨΜ
1478 4187 1591 4282 “Qu
1605 4179 1736 4282 ‚ww
1748 4195 1821 4237 Μ

163 4293 273 4352 deooris
285 4297 346 4366 ejus
360 4299 515 4370 stupeleote
530 4301 685 4368 miraretur,
698 4302 764 4360 dioit
780 4303 805 4360 ei
820 4319 938 4377 sponsus
955 4323 963 4361 ι
1020 4268 1137 4413 fflzg'
1148 4281 1179 4411 εἰ
1191 4266 1454 4414 ξιοὲᾞᾚῖῗ
1469 4270 1822 4416 ἓῃζψέιὲὴᾚωωὲ

1019 4403 1160 4518 liquerint.
1172 4444 1276 4499 Dentes
1299 4459 1366 4502 uero
1387 4374 1655 4515 nbsooudunt,¹:lum
1674 4461 1772 4503 sensus
1785 4445 1820 4500 eb

200 4486 286 4544 vm·
302 4490 477 4550 ⁶·“4v‘m
486 4493 582 4596 ⁰⁶¹ch
594 4499 685 4554 ‘'⁴⁰⁸“
702 4513 756 4598 '2¹⁶2
768 4501 835 4600 ⁹¹4³
849 4503 906 4573 ‘W
917 4518 962 4558 ’Μ
977 4477 1004 4538 D
1018 4533 1070 4590 bue
1083 4530 1253 4605 oscitatione
1267 4533 1419 4601 retrabunt,
1436 4540 1465 4591 et
1481 4535 1541 4591 bene
1557 4535 1587 4590 in
1604 4535 1657 4592 beo
1672 4535 1727 4592 rite
1746 4533 1818 4590 inel-

161 4575 277 4633 ouolnre
289 4579 432 4649 sererent.
448 4581 534 4652 Quesr
546 4581 620 4640 droet
636 4601 643 4640 ι
658 4586 722 4642 ΝοΙι
738 4603 782 4644 me
807 4605 835 4644 m
859 4598 964 4648 tentum
1019 4619 1113 4676 sabin,
1125 4635 1189 4676 οδω
1203 4621 1388 4693 perpendunt·

164 4661 193 4716 in
208 4664 286 4719 turbe
301 4665 411 4738 intueri,
427 4670 491 4742 quie
506 4670 534 4726 in
547 4671 638 4728 sulem
651 4673 707 4742 ibo,
723 4683 750 4732 et
762 4676 801 4732 ibi
820 4677 965 4750 sspe'olunr

162 4765 253 4806 meum
268 4759 353 4809 totum
367 4755 416 4811 tibi
434 4756 579 4815 fruendum
600 4763 750 4833 pmoeoo;
775 4765 880 4822 seilicet
902 4782 965 4824 oum
1055 4759 1141 4816 Vm·
1157 4763 1183 4816 θ·
1198 4789 1233 4802 ··
1248 4761 1340 4817 GM
1352 4778 1461 4835 lu⁰ll¹¹⁰
1474 4771 1536 4820 ¹⁰⁸⁸
1548 4768 1671 4820 “0¹⁴ss
1684 4779 1741 4832 ¹1¹0,
1755 4780 1819 4837 *1¹¹2

161 4837 288 4894 Eoelesie
302 4847 360 4897 tote
374 4844 524 4904 intentione
538 4847 668 4906 dilectum
682 4850 712 4906 in
727 4853 879 4924 seripturis
895 4871 966 4928 qum
1020 4856 1084 4906 sunl
1096 4851 1171 4906 sicul
1185 4853 1285 4906 sortes
1298 4851 1371 4906 nmo
1382 4851 1496 4925 punici.
1515 4851 1601 4909 Genus
1613 4851 1696 4908 melis
1711 4851 1817 4925 punicis

163 4924 208 4992 rit,
223 4933 250 4981 et
263 4942 328 4984 eum
349 4932 452 5002 penitet·
466 4933 494 4990 in
508 4937 639 4994 oresturis
659 4939 772 5008 invenit,
789 4942 848 5011 ejus
867 4943 966 4998 mirem
1020 4945 1197 5009 eompuretoe,
1212 4945 1275 4993 ⁸¹¹¹st
1288 4939 1477 4996 “memmi
1491 4940 1660 5013 ‘nimiu’¹¹⁸
1682 4939 1817 4996 ''M'‘

163 5013 328 5084 sapientiem
343 5017 371 5074 in
385 5022 535 5090 generibus
549 5032 577 5081 et
590 5026 736 5096 speciebus
755 5045 848 5085 rerum
872 5037 965 5103 stupe·
1018 5025 1118 5097 plene.
1133 5040 1195 5096 (1¹10
1209 5024 1358 5099 ἅῦῐῑθΰῑθῑ
1371 5027 1548 5100 illmfissfflb
1564 5028 1683 5102 ‘lnaliter
1696 5044 1727 5084 ⁸‘
1742 5043 1815 5084 ΠΨ·

161 5099 235 5158 itote
249 5103 371 5176 miretur,
389 5114 417 5164 et
432 5115 502 5167 bene
514 5111 635 5182 perleote
650 5129 750 5187 magno
765 5115 906 5174 desiderio
920 5131 964 5174 oo
1019 5121 1094 5184 ittet
1107 5112 1135 5168 in
1149 5112 1195 5167 illu
1208 5113 1262 5168 rite
1276 5113 1409 5170 hebetet·
1426 5115 1482 5172 11⁸⁸
1496 5129 1584 5189 801¹ss
1596 5122 1739 5183 lilerium.
1749 5116 1817 5172 dum

161 5201 297 5260 cnosoere
310 5203 434 5262 conetur,
449 5198 500 5270 sed
509 5198 535 5255 ei
545 5200 645 5260 dieitur
656 5219 663 5258 ε
676 5206 778 5260 trente
793 5204 889 5262 oeulos
903 5213 963 5262 tuos
1017 5215 1114 5258 ornnes
1128 5199 1271 5258 sententie
1287 5201 1322 5257 de
1336 5202 1437 5258 tslibus
1449 5204 1637 5271 suoournbunt‚
1652 5203 1716 5276 quit
1730 5203 1817 5261 homi·

161 5289 239 5370 eme,
253 5278 305 5336 boo
321 5291 376 5348 est,
394 5283 608 5360 intelligentiam
625 5296 654 5347 et
673 5290 852 5348 intentionem
867 5293 962 5350 oeulos
1018 5288 1049 5345 ni
1061 5288 1089 5344 in
1102 5288 1157 5346 beo
1177 5288 1231 5345 rite
1253 5289 1481 5362 inoopnosoibillt
1499 5300 1563 5348 eunt
1579 5293 1639 5349 hm
1656 5291 1765 5360 omitt
1779 5291 1816 5348 ⁸⁴¹

160 5359 263 5427 eordrs,
279 5370 375 5422 everte
388 5381 404 5420 ι
418 5383 481 5424 mee
499 5370 652 5441 diuinitete,
668 5374 733 5445 quie
754 5373 806 5447 ipsi
830 5391 874 5433 me
898 5393 962 5434 svo·
1016 5381 1083 5438 illos
1094 5383 1169 5440 diets
1190 5391 1264 5451 sunt,
1281 5384 1330 5452 uui
1348 5383 1433 5441 nimio
1451 5385 1591 5444 desiderio
1607 5395 1706 5443 stetum
1727 5388 1816 5444 bute

160 5443 223 5546 lere
237 5447 376 5520 lecerunt,
402 5455 455 5512 boo
469 5465 521 5522 est,
541 5459 594 5532 ipsi
615 5461 687 5518 oouli
710 5463 803 5520 oordis
817 5465 857 5520 tui
872 5464 964 5522 vident
1017 5469 1081 5527 vitre
1092 5471 1233 5543 inquirunt
1243 5471 1294 5530 sed
1307 5473 1490 5532 immensitste
1499 5474 1572 5530 illius
1586 5476 1676 5546 pressi
1687 5483 1814 5534 eoooetu

160 5547 189 5588 ιιι
203 5541 342 5605 questum
354 5555 465 5600 ornnem
478 5544 627 5606 bumenunt
642 5557 670 5606 et
686 5550 841 5624 angelicum
855 5553 963 5612 intelle·
1017 5572 1068 5615 suo
1080 5557 1223 5616 deliciunt.

160 5627 236 5676 otum
251 5625 393 5683 eroedern.
410 5628 494 5698 Qnetl
508 5625 585 5694 dloet
600 5655 608 5692 ε
624 5637 746 5696 Subiciet
761 5638 810 5695 tibi
825 5641 899 5712 quod
918 5657 963 5700 me
1053 5646 1109 5705 Sed
1123 5647 1184 5706 bes
1195 5649 1442 5724 ennpopieediste,
1450 5650 1814 5725 suegorioeetirmmntdt·

1059 3474 1146 3531 Vens.
1161 3477 1190 3530 t.
1204 3475 1353 3532 -Dentes
1367 3475 1521 3532 etiemtuos
1533 3474 1764 3544 smesbsoonde,
1774 3475 1822 3549 qui

1024 3567 1089 3618 sunt
1101 3562 1173 3618 siout
1185 3579 1281 3636 propes
1293 3565 1399 3632 ouium,
1412 3566 1462 3637 qui
1473 3564 1634 3621 escendunt
1650 3564 1684 3620 de
1698 3565 1820 3622 louooro.

1023 3651 1126 3706 Dentes
1138 3657 1204 3706 sunt
1223 3649 1298 3706 souti
1319 3665 1427 3719 sensus,
1447 3651 1495 3724 qui
1517 3651 1593 3708 eibos
1612 3651 1759 3724 Soripturte
1776 3666 1821 3708 es·

1023 3737 1151 3810 ponendo
1171 3738 1370 3794 eomminuunt.
1394 3739 1503 3814 Grepes
1532 3739 1640 3810 otium,
1654 3740 1690 3796 de
1709 3739 1820 3797 leusoro

1021 3827 1212 3893 ostendentes,
1227 3834 1289 3882 sunt
1303 3825 1399 3884 fideles
1414 3828 1449 3884 de
1463 3828 1598 3900 baptismo
1609 3827 1762 3898 venientes,
1771 3829 1821 3900 qui

1022 3914 1093 3972 elios
1104 3915 1177 3972 leote
1191 3915 1321 3972 doetrinre
1335 3914 1473 3984 reficiunt,
1483 3916 1527 3973 uel
1538 3915 1618 3974 bonis
1628 3916 1765 3988 exemplis
1777 3932 1821 3974 rs

1021 4002 1116 4060 stiunt.
1131 4005 1229 4060 Tenere
1257 4019 1323 4060 sero
1345 4019 1413 4061 oues
1436 4004 1566 4073 suntilb',
1589 4005 1636 4076 qui
1654 4005 1746 4061 omnis
1768 4020 1820 4076 pro
