3942 6067
242 279 294 338 sss
578 247 728 348 uoroulr
747 269 1001 336 uueusronuu.
1023 274 1106 336 oar.
1125 272 1217 338 raas
1238 279 1274 336 u.
1294 311 1329 323 -
1347 277 1567 338 auncurrcs.
1842 277 1894 334 sos

240 403 347 476 quando
362 419 475 460 sensum
491 403 518 462 ei
530 405 649 477 aperuit,
660 413 689 459 ut
699 403 865 475 intelligeret
875 405 1038 476 Scripturas.
1053 407 1081 468 Α
1095 419 1158 460 sum
1171 405 1293 463 iormosa
1310 425 1317 460 :
1335 406 1423 478 Nigra
1437 407 1513 462 siem
1529 405 1714 462 tabernaculo
1725 403 1823 468 cedar,
1834 406 1894 474 sor-

239 493 361 549 Cbristus
374 501 466 551 autern
489 494 599 566 proprie
618 507 669 548 rex
689 491 788 548 dicitnr
809 492 959 550 secundum
980 508 1039 550 aar·
1089 499 1215 551 orosost
1228 495 1313 568 petiis
1326 496 1499 553 Solomonis.
1514 493 1605 550 Nolite
1629 494 1681 548 lroc
1702 491 1891 556 considerare,

237 596 312 650 nem,
329 597 381 654 qua
395 584 513 639 bumano
527 582 623 654 generi
637 596 655 636 a
669 582 749 636 Patre
762 580 916 653 praeficitur,
927 590 956 638 ut
970 581 1040 638 scri·
1091 582 1165 654 quod
1178 582 1255 640 iussa
1269 584 1331 650 sim,
1352 583 1417 656 qnia
1431 584 1458 638 in
1473 582 1572 638 itinera
1591 581 1759 638 decoloravit
1773 597 1818 636 me
1840 579 1892 649 sol,

237 678 316 741 ptum
327 679 369 727 est
386 685 392 725 ε
409 674 465 744 ligo
484 675 581 728 cotem
596 671 773 727 constitutos
788 686 853 726 aum
875 687 929 727 rea
950 671 984 726 ob
1008 685 1039 727 co
1091 679 1118 726 at
1131 671 1214 727 etiam
1229 671 1311 728 timor
1325 687 1369 728 rae
1383 671 1550 744 denigravit,
1562 673 1628 744 poio
1642 670 1697 741 filii
1707 671 1810 726 matris
1824 686 1895 724 meoe

238 760 329 829 (Psoi.
346 773 377 826 u,
393 759 431 828 6).
447 758 482 814 Et
496 759 561 815 item
585 759 619 814 sd
645 757 757 814 Pilatum
774 775 782 812 r
802 760 841 814 To
854 759 924 816 diois
942 777 949 814 :
966 760 1039 827 Quia
1089 765 1291 833 pagnaverunt
1305 759 1454 817 adversam
1469 776 1523 826 me,
1541 761 1594 816 boc
1603 768 1655 825 est,
1671 759 1772 814 iratres
1781 758 1835 814 mei
1845 775 1895 829 pu·

236 864 291 904 rer
305 863 369 903 scm
384 862 431 919 epo
442 847 536 918 (ioan.
550 863 632 916 uvur,
648 847 706 918 37).
726 847 792 902 ltem
806 865 811 900 :
824 847 897 903 Data
910 851 953 904 ast
966 849 1040 906 mibi
1091 857 1243 921 gnuverunt
1257 857 1320 905 ante
1333 848 1432 906 oculos
1453 863 1530 904 meos
1542 856 1638 904 contra
1652 848 1757 914 hostes,
1770 856 1797 903 et
1820 846 1894 902 inte·

236 937 325 992 oannis
340 939 466 1008 potestne
480 937 511 992 in
527 937 594 995 coelo
611 939 638 992 et
653 936 685 990 in
706 940 784 992 terro
808 937 920 1009 (licitis.
935 953 1037 1005 xxvru,
1091 937 1145 992 rim
1158 945 1308 1009 posuerunt
1321 953 1366 994 me
1382 936 1524 994 custodem
1548 937 1576 991 in
1601 935 1702 1002 vineis,
1726 935 1771 990 ubi
1797 950 1814 991 a
1835 934 1893 990 sole

235 1025 293 1094 lii).
313 1024 348 1079 Et
363 1024 460 1082 itemm
476 1041 481 1078 :
499 1026 560 1097 lpse
574 1029 618 1081 est
633 1026 681 1096 poi
703 1025 879 1082 constitutas
894 1029 1038 1083 aetolico
1090 1024 1198 1084 fuscata
1212 1042 1290 1094 som;
1306 1026 1414 1083 vineam
1427 1042 1517 1082 rusam
1531 1041 1589 1098 prae
1602 1024 1702 1081 timore
1723 1040 1778 1079 non
1797 1031 1893 1079 custo·

228 1113 322 1182 jadex
345 1115 472 1170 vinorum
501 1116 529 1169 ei
553 1113 820 1184 mortuorumirlct.
843 1130 873 1180 x,
900 1113 959 1184 ta).
988 1115 1039 1173 llic
1091 1113 1157 1178 divi,
1172 1114 1316 1171 honesta
1338 1114 1456 1171 soleme
1475 1130 1530 1170 non
1554 1112 1695 1170 custodivi.
1722 1113 1781 1169 Hoc
1803 1120 1891 1168 utrum

232 1201 308 1258 solus
328 1210 419 1273 potest
437 1200 614 1259 introducere
635 1201 663 1256 in
682 1201 866 1272 scripturam,
890 1202 937 1274 qui
962 1202 1039 1260 solus
1089 1198 1119 1254 in
1133 1214 1164 1255 re
1178 1197 1216 1254 ita
1244 1198 1324 1256 luerit
1348 1214 1403 1256 non
1423 1198 1538 1255 multum
1559 1206 1680 1265 curatur,
1697 1213 1758 1254 cum
1777 1196 1891 1268 mystica

231 1289 319 1360 potuit
333 1298 442 1361 septem
457 1290 600 1364 signacula
613 1290 676 1346 libri
691 1289 808 1359 solvere,
821 1307 882 1364 quae
891 1301 967 1347 erant
979 1295 1038 1362 ejus
1090 1303 1137 1344 res
1151 1287 1196 1344 bic
1212 1286 1391 1361 intelligatur.

232 1377 397 1442 incarnatio,
408 1379 535 1434 nativitas
552 1379 654 1451 passio,
667 1377 767 1434 inferni
786 1378 920 1450 spoliatio,
945 1397 1038 1438 resur·

232 1467 480 1534 1001i018500ss³i⁰r
498 1467 618 1524 loturum
631 1467 778 1538 iudicium·
1126 1481 1171 1536 Ad
1186 1480 1336 1554 spiritalem
1361 1481 1462 1554 quippe
1482 1479 1689 1554 intelligentiam
1709 1479 1845 1548 Ecclesia,
1863 1481 1891 1536 in

267 1573 485 1630 Adolescentulae
504 1572 601 1630 dicunt
628 1589 737 1645 sponsae
753 1591 759 1628 :
776 1589 826 1632 nos
850 1575 970 1647 potando
993 1575 1037 1633 ie·
1090 1568 1203 1625 cellaria
1217 1585 1305 1626 sacrae
1319 1571 1467 1642 Scripturae
1491 1587 1540 1642 per
1563 1570 1700 1626 Christum
1724 1569 1888 1639 introducta,

231 1661 292 1718 cisti
307 1661 445 1718 exsultare
460 1670 486 1719 et
507 1663 606 1730 laetari,
623 1663 685 1719 ideo
700 1663 897 1719 exsultabimus
914 1673 941 1720 et
963 1664 1038 1721 laeta·
1090 1658 1164 1729 quod
1178 1657 1216 1712 ibi
1230 1656 1299 1713 bibit
1313 1659 1365 1715 hoc
1379 1658 1440 1714 aliis
1462 1658 1635 1729 praedicando
1659 1656 1801 1726 cructavit,
1817 1658 1891 1714 unde

231 1749 320 1804 bimur
334 1749 362 1804 in
377 1759 415 1806 te,
434 1750 638 1806 Exsultabimus
656 1751 684 1806 in
708 1766 834 1824 corpor-e,
850 1752 956 1809 seilicet
971 1763 1076 1824 ope-B
1091 1762 1154 1802 mox
1168 1746 1389 1818 persecutionem
1410 1745 1562 1803 infidelium
1583 1746 1709 1802 incurrit.
1731 1745 1821 1816 Quam
1846 1746 1889 1803 lli-

230 1839 317 1894 rando
333 1853 368 1896 sa
391 1855 451 1913 quae
472 1855 521 1911 per
544 1855 646 1911 corpus
670 1839 747 1919 liunt,
772 1839 882 1912 vigiliis,
905 1841 1030 1911 iejuniis,
1090 1834 1187 1890 dentes
1202 1834 1230 1888 in
1248 1833 1301 1892 fide
1316 1834 1479 1907 imperfecti,
1495 1835 1574 1890 bonis
1592 1835 1738 1908 proscribi,
1759 1834 1887 1901 exsiliari,

234 1927 431 1996 eleemosynis.
448 1929 484 1983 Et
496 1927 651 1984 letabimur
665 1928 691 1982 in
706 1937 808 1992 mente,
825 1929 952 1986 videlieet
967 1945 1034 2002 ope·
1087 1921 1203 1979 diversis
1217 1923 1307 1994 poenIs
1321 1923 1448 1989 calciari,
1467 1923 1545 1996 quasi
1559 1940 1576 1980 a
1592 1924 1649 1980 Deo
1665 1922 1824 1980 derelictam
1838 1923 1890 1979 de-

230 2025 321 2072 rantes
336 2031 396 2088 qum
411 2015 560 2088 spiritualia
575 2025 648 2082 sunt,
664 2017 795 2092 lugendo,
819 2017 935 2083 orando,
959 2034 1031 2089 prae·
1087 2017 1246 2082 wilellmi·
1258 2019 1286 2068 θῑ
1301 2013 1389 2068 vitam
1406 2012 1465 2082 iius
1478 2013 1634 2078 miliniam,
1645 2014 1732 2082 filim
1746 2027 1812 2068 ΨΟ
1827 2014 1890 2067 ‘5¹²³

229 2103 359 2173 dicando,
371 2113 398 2161 et
412 2105 502 2161 hocin
517 2113 560 2173 te;
577 2106 636 2161 baec
650 2120 732 2176 opera
746 2121 801 2162 non
816 2106 917 2172 valent,
933 2105 987 2162 nisi
1005 2108 1033 2162 in
1087 2099 1191 2156 bonore
1205 2099 1409 2157 aesiimtlemni
1419 2101 1499 2173 (Sop.
1518 2117 1546 2168 V·
1563 2103 1601 2171 4)·
1619 2102 1680 2157 ¹100
1690 2100 1751 2173 ipit
1761 2100 1843 2156 (¹000t
1856 2115 1888 2154 *θ

228 2193 361 2250 catholica
371 2194 508 2261 Ecclesia,
518 2210 654 2251 memoror
664 2195 782 2252 uberum
793 2197 917 2266 tuorum,
929 2195 981 2251 boc
992 2201 1034 2252 est
1088 2186 1154 2242 talia
1167 2203 1218 2260 pro
1233 2187 1342 2244 Christo
1356 2188 1423 2261 pati,
1435 2196 1462 2244 et
1476 2205 1526 2261 per
1540 2190 1599 2246 haes
1614 2205 1644 2244 se
1654 2190 1681 2243 in
1696 2187 1822 2244 interiori
1835 2188 1889 2244 bo-

228 2282 256 2336 in
284 2283 417 2338 memoria
439 2284 570 2340 babentes
592 2283 755 2339 memoriam
784 2284 927 2356 utriusque
949 2284 1030 2353 legis,
1087 2275 1162 2331 misse
1185 2277 1218 2331 dd
1243 2277 1360 2350 gloriam
1380 2275 1484 2343 ornari.
1509 2277 1604 2333 dicens
1620 2294 1627 2332 τ
1643 2277 1728 2350 Nigra
1752 2293 1822 2346 sum,
1839 2276 1890 2332 sed

227 2372 534 2443 memorabamus,
553 2387 634 2444 quam
650 2372 713 2428 inde
729 2372 861 2441 suximus,
873 2381 901 2428 ur
915 2373 1033 2429 Domino
1087 2362 1218 2433 formosa,
1235 2363 1298 2420 filie
1322 2365 1487 2432 ierusalem,
1504 2366 1575 2423 sieut
1593 2365 1770 2422 tabernacula
1785 2365 1887 2435 Cedar,

225 2471 253 2514 tn
267 2461 408 2517 sanctitate
428 2469 454 2515 et
468 2460 574 2530 justitia
594 2461 757 2530 serviamus,
780 2468 807 2516 et
822 2462 875 2518 boc
889 2477 973 2532 super
989 2462 1032 2517 vi·
1086 2452 1156 2508 sicui
1168 2453 1248 2524 bellis
1262 2453 1428 2511 sai⁰¹¹¹⁰¹¹i⁸·
1447 2453 1609 2520 Jefflslleffl·
1627 2453 1700 2526 (1⁰0⁶
1724 2462 1804 2510 ⁵⁰¹¹⁸²
1818 2455 1888 2512 “²⁸50

225 2565 300 2616 num,
315 2549 399 2606 idest
413 2550 574 2606 saecularem
599 2549 774 2620 sapientiam,
801 2565 863 2621 quae
877 2549 957 2606 docet
980 2565 1032 2606 nos
1084 2539 1174 2611 pacis,
1201 2555 1319 2612 superii&
1342 2539 1434 2610 iiiiii
1457 2538 1626 2612 inlellissiffli»
1650 2541 1678 2595 5¹1
1705 2555 1761 2612 qua
1787 2548 1889 2596 witini

222 2636 334 2692 laudern
348 2638 489 2694 hominum
504 2653 638 2711 quaerere,
654 2645 682 2694 et
697 2645 819 2694 terrenas
833 2637 945 2695 divitias
961 2654 1031 2695 con·
1084 2641 1138 2697 ΡΜ
1154 2627 1254 2682 Chiiiifi
1269 2627 1415 2685 videmini·
1428 2629 1517 2700 Huius
1531 2626 1593 2684 ffliae
1604 2636 1667 2683 ⁵¹¹¹st
1680 2627 1776 2684 fidem
1789 2628 1889 2683 animm

224 2741 357 2799 gregare.
377 2727 442 2782 ldao
457 2726 526 2783 recti
540 2725 657 2798 diligunt
673 2735 708 2794 te,
725 2726 789 2799 quia
804 2726 850 2798 qui
874 2726 908 2783 dc
924 2727 1030 2784 Christo
1085 2714 1112 2769 5¹¹
1141 2715 1247 2772 eoelesli
1269 2717 1422 2772 Jilssfflieffl
1446 2723 1612 2789 stimulis?-
1636 2717 1765 2773 f⁰i¹⁰⁰⁸⁸
1787 2716 1888 2772 dicim?

224 2822 302 2870 recta
317 2813 437 2884 sapiunt,
453 2815 604 2870 doctrinam
621 2821 694 2869 ruam
710 2814 840 2886 diliguni,
1086 2803 1164 2873 quasi
1185 2804 1271 2860 forma
1294 2820 1353 2873 osa,
1379 2805 1406 2860 id
1432 2813 1475 2860 est
1495 2812 1607 2877 propter
1630 2804 1746 2861 formam
1773 2805 1883 2861 odiosa.

1085 2892 1215 2948 Formam
1232 2893 1333 2966 quippe
1348 2901 1389 2949 est
1404 2893 1508 2949 lerrum
1533 2893 1560 2948 in
1583 2893 1649 2966 igne
1673 2893 1794 2950 candens
1814 2893 1889 2950 unde

1084 2979 1212 3036 dicuntur
1226 2979 1350 3046 lormosi,
1367 2980 1472 3037 seilicet
1487 2981 1571 3038 rubeo
1586 2997 1665 3047 rosae,
1682 2989 1710 3036 et
1724 2979 1773 3036 titii
1799 2981 1889 3037 lacteo

1085 3068 1178 3126 colors
1192 3067 1340 3141 splendidi.
1352 3069 1418 3125 ldeo
1432 3068 1533 3126 dicitur
1541 3069 1668 3126 Ecclesia
1682 3069 1811 3137 formosa,
1823 3070 1890 3142 quia

1084 3156 1112 3211 in
1130 3157 1195 3230 igne
1224 3157 1406 3215 tribulationis
1435 3167 1546 3214 excocta
1567 3158 1732 3230 martyribus
1753 3157 1886 3228 rubescit,

1080 3245 1234 3318 virginibus
1263 3245 1389 3302 albescit.
1414 3245 1504 3302 Cedar
1530 3245 1579 3302 luit
1602 3245 1673 3302 iilius
1704 3245 1812 3314 ismael,
1837 3245 1888 3302 srlii

1080 3334 1210 3401 Abrabae,
1227 3341 1302 3390 tanto
1325 3334 1390 3390 odio
1414 3350 1431 3389 a
1452 3334 1511 3390 suis
1536 3335 1697 3392 concivibus
1718 3334 1842 3403 babitus,
1856 3343 1888 3390 ut

1080 3422 1157 3477 nullo
1171 3421 1233 3478 loco
1248 3429 1324 3478 esset
1346 3438 1471 3490 securus,
1499 3423 1549 3479 sed
1573 3439 1682 3495 semper
1704 3422 1887 3480 tabernacula

1080 3517 1211 3577 mutaret,
1222 3526 1284 3584 quae
1294 3509 1352 3567 sole
1368 3518 1394 3566 et
1408 3519 1569 3583 tempestate
1585 3511 1666 3566 nimis
1680 3512 1761 3584 nigra
1775 3518 1883 3568 essent.

1082 3598 1137 3655 Sed
1153 3607 1180 3655 et
1194 3599 1254 3670 ipsa
1267 3615 1337 3672 gens
1352 3599 1442 3656 Cedar
1456 3617 1544 3673 nsque
1564 3600 1646 3657 bodie
1668 3599 1767 3657 dicitur
1780 3601 1886 3657 habere

1080 3687 1162 3760 nigra
1187 3686 1373 3756 tabernacula,
1396 3688 1484 3762 nigris
1507 3688 1635 3745 videlicet
1656 3689 1740 3746 coriis
1762 3689 1885 3746 exterius

1079 3783 1218 3847 cooperta,
1234 3775 1349 3832 interius
1371 3777 1442 3832 albis
1465 3777 1557 3833 linteis
1571 3784 1690 3833 extenta.
1705 3775 1796 3834 Cedar
1809 3778 1885 3850 quod

1080 3862 1177 3920 dieitur
1193 3865 1315 3920 tenebrae
1338 3863 1383 3921 rel
1410 3865 1537 3938 nigredo,
1563 3863 1700 3938 significat
1720 3874 1884 3937 peccatores

1079 3952 1175 4025 nigros
1189 3951 1217 4008 in
1231 3952 1351 4024 peccatis
1374 3953 1410 4008 ad
1429 3962 1549 4010 aeternas
1570 3955 1698 4010 tenebras
1717 3954 1877 4011 tendentes.

1079 4041 1184 4097 Horum
1199 4041 1280 4115 nigra
1293 4041 1471 4098 tabernacula
1481 4043 1567 4098 malas
1576 4043 1700 4100 actiones
1713 4042 1881 4115 significant,

259 2919 413 2976 Secundum
429 2920 610 2976 moralitatem
625 2935 691 2976 vero
714 2935 777 2978 cnm
800 2920 862 2993 quis
883 2921 917 2977 de
941 2937 1029 2978 saecn-

224 3007 275 3063 lari
302 3008 357 3064 vita
385 3009 419 3064 ad
447 3009 615 3080 spiritualem
643 3009 881 3066 conversationem
910 3010 1027 3078 venerit,

223 3095 367 3154 exsultans
381 3096 447 3154 dicit
464 3113 470 3152 :
487 3096 642 3154 Introduxit
661 3113 704 3154 me
724 3113 769 3154 rex
788 3097 948 3154 irr'cellaria
966 3115 1068 3179 suae

224 3184 351 3242 Claustra
365 3185 466 3258 quippe
482 3193 544 3241 sunt
559 3186 637 3258 quasi
653 3185 776 3258 quaedam
792 3184 912 3256 cellaria,
924 3185 952 3242 in
967 3187 1027 3259 qui·

224 3272 276 3330 bus
289 3283 352 3330 sunt
366 3273 533 3330 multimodas
543 3273 739 3330 consolationis
747 3274 856 3345 pocula.
869 3276 939 3331 llum
953 3275 1027 3332 euim

224 3364 366 3420 conversis
380 3369 538 3419 sanctorum
561 3361 624 3420 vitae
643 3363 779 3434 leguntur,
801 3364 880 3435 quasi
900 3365 1025 3435 quadarn

226 3451 327 3524 pocula
350 3451 484 3521 justitiam
513 3451 667 3508 sitientibus
695 3450 894 3522 proferuntur,
927 3451 1027 3525 quibus

228 3539 388 3597 claustrales
407 3539 503 3596 dicunt
525 3559 534 3594 .·
556 3539 761 3595 Exsultabimus
784 3547 811 3596 at
833 3539 984 3596 letabimur
998 3541 1025 3596 in

226 3635 270 3694 te,
292 3629 345 3684 boc
364 3635 405 3684 est
423 3643 541 3698 corpore
567 3635 593 3684 et
613 3627 705 3684 anima
728 3627 901 3701 gratulamur
920 3629 954 3684 de
982 3637 1026 3684 tua

225 3716 420 3784 conversione,
441 3730 578 3772 memores
598 3715 714 3772 uberum
733 3724 851 3784 tuorum,
872 3717 900 3772 id
918 3725 960 3774 est
981 3732 1026 3773 sa-

224 3805 333 3878 pientiae
347 3813 376 3862 et
390 3805 504 3862 scientia
519 3805 651 3874 studium,
666 3804 694 3860 id
709 3813 750 3860 est
764 3821 849 3877 super
863 3804 1025 3862 saecularem

223 3911 327 3952 curram.
344 3895 377 3950 Et
391 3894 454 3952 ideo
470 3894 537 3951 recti
552 3894 668 3968 diligunt
691 3901 727 3963 te,
743 3893 827 3950 idest
849 3895 953 3968 quique
967 3911 1026 3966 pm·

222 3984 340 4042 nitentes
355 3983 492 4039 imitantur
506 3991 545 4039 le.

259 4089 413 4146 Secundum
439 4088 566 4144 altiorem
584 4104 651 4146 vero
667 4103 779 4144 sensum
796 4107 801 4144 :
819 4088 952 4156 Ecclesia,
967 4090 1024 4159 jam

223 4178 252 4233 in
265 4177 335 4234 coelo
350 4185 470 4249 recepta,
486 4176 705 4250 congratulando
719 4177 786 4233 dicit
799 4191 805 4230 :
818 4177 969 4234 Introduxit
980 4193 1025 4233 me

225 4280 272 4320 rer
287 4266 316 4320 in
330 4263 442 4321 cellaria
464 4281 521 4320 sua.
549 4265 609 4320 Hoc
638 4271 679 4320 est
700 4265 729 4319 in
749 4264 914 4321 omnimode
929 4264 1025 4338 glorie

1079 4128 1221 4201 inquibus
1250 4129 1329 4201 quasi
1355 4130 1383 4185 in
1412 4131 1597 4188 tabernaculis
1624 4146 1763 4204 nunquam
1789 4133 1883 4188 securi

1078 4217 1205 4272 omnibns
1229 4217 1316 4276 odiosi
1346 4219 1481 4275 habitant.
1513 4219 1641 4277 Salomon
1664 4219 1786 4292 quandiu
1809 4229 1882 4277 tem-

224 4353 337 4426 gaudia,
353 4351 399 4408 ubi
413 4351 458 4424 qui
472 4351 596 4408 esuriunt
615 4360 641 4408 et
656 4351 751 4408 sitiuut
766 4352 900 4420 justitiam
914 4363 1024 4409 satura-
1077 4305 1153 4376 plum
1169 4305 1241 4374 Μ’
1258 4321 1351 4364 mm
1366 4309 1475 4363 D⁰mm¹
1490 4308 1608 4380 pell'bu'
1631 4309 1777 4365 “mmm
1801 4321 1882 4365 em*

224 4441 242 4495 b
392 4440 397 4452 .
472 4439 477 4450 .
962 4441 967 4453 ,
1077 4394 1134 4448 rius
1157 4395 1310 4466 cooperuit,
1336 4395 1396 4452 sole
1419 4405 1446 4452 et
1465 4403 1629 4467 tempestate
1651 4396 1812 4470 denigratis,
1830 4398 1881 4453 sod

245 4449 334 4507 untur,
350 4449 377 4496 et
390 4439 600 4496 rnebrrabuntur
615 4441 650 4496 ab
664 4440 790 4497 ubertate
809 4440 905 4496 domus
919 4442 979 4509 Der,
996 4451 1022 4542 et
1036 4451 1063 4511 Ι)
1078 4497 1145 4538 aum
1160 4489 1187 4537 et
1200 4482 1320 4554 gemmis
1335 4483 1449 4540 interius
1468 4485 1588 4541 ommis,
1606 4483 1750 4553 Salomon,
1766 4485 1812 4558 qni
1836 4486 1881 4541 di·

225 4537 345 4628 ‘mrim
360 4529 504 4601 minimus
519 4543 574 4584 ⁵¹¹ae
597 4527 705 4648 ¹³⁰³?st
727 4544 784 4586 ⁰⁰³·
804 4528 862 4630 ,cm
886 4539 974 4588 Μαι
996 4548 1024 4587 ¹⁰
1078 4571 1147 4627 citur
1159 4571 1302 4642 pacificus,
1314 4581 1356 4629 est
1371 4573 1507 4639 Christus,
1519 4575 1597 4644 eujus
1606 4573 1697 4646 pellis,
1708 4573 1737 4630 id
1747 4583 1790 4630 est
1800 4589 1879 4644 caro,

223 4617 313 4692 glorta
327 4617 532 4691 congaudentes
546 4626 647 4675 canunt
664 4661 669 4672 .
685 4617 874 4674 Exultabrmus
898 4627 925 4676 et
948 4620 1025 4676 laeta-
1078 4666 1136 4715 emt
1159 4659 1271 4732 proprio
1300 4661 1435 4734 sunguine
1463 4662 1599 4719 rubricam
1624 4662 1711 4735 sputis
1748 4662 1868 4735 flagellis

222 4706 354 4806 bimirin
369 4715 405 4774 ω’
428 4706 481 4764 ¹²⁰⁰
507 4713 559 4776 ω’
584 4723 635 4779 W
657 4707 748 4763 ⁰¹¹¹¹¹i³
773 4707 1024 4808 ⁰⁰⁰⁸r⁸²¹i¹⁸bim¹fr
1077 4762 1160 4805 cruce
1183 4749 1344 4822 denigrata;
1370 4751 1484 4807 interius
1506 4705 1619 4808 aurosi
1641 4704 1759 4825 gemmis
1785 4750 1813 4806 id
1837 4706 1881 4807 esi

225 4795 320 4868 grona
333 4805 395 4863 tuas,
411 4811 549 4852 memores
562 4795 678 4852 uberum
699 4803 818 4864 tuorum,
835 4811 952 4869 gemrnae
968 4813 1023 4853 scr·
1078 4835 1288 4907 mimum&
1330 4837 1556 4896 isomuwm
1585 4840 1732 4897 enum!
1761 4792 1869 4895 ’emur

223 4885 287 4941 licet
310 4883 473 4950 dilectionis,
500 4900 555 4957 qua
576 4883 646 4941 lilios
669 4884 799 4952 imbuisti,
814 4900 899 4957 saper
913 4887 1021 4953 vicum,
1077 4924 1140 4996 quia
1154 4939 1240 4981 ome
1253 4853 1354 4982 Chssfi
1368 4924 1456 4983 dem
1471 4856 1617 4984 semigar
1647 4929 1713 4985 Hm
1733 4855 1817 4999 {gnis
1838 4881 1879 4983 si}

223 4976 342 5040 horest,
359 4989 443 5072 super
466 4973 584 5046 legalem
606 4973 817 5038 observantiam,
840 4973 875 5028 de
894 4969 952 5072 'qum
975 4989 1023 5072 eos
1078 5010 1194 5084 gnificat
1211 5012 1367 5071 Eodem
1396 5031 1457 5087 (με
1470 5016 1589 5072 exterius
1602 4969 1644 5072 est
1662 5015 1797 5088 sanguine
1810 5031 1879 5086 W—

224 5062 386 5136 prohibuistr
403 5081 409 5118 :
428 5062 493 5118 ldeo
516 5062 592 5130 recti,
617 5062 643 5117 id
668 5067 711 5118 est
732 5062 817 5119 sancti
839 5062 940 5135 angeli,
961 5061 1024 5118 dilu-
1077 5099 1163 5155 sionis
1191 5101 1335 5172 mmm,
1365 5059 1576 5162 idversitfflbus
1598 5103 1695 5160 mundi
1714 5104 1876 5176 demam

224 5160 342 5225 guum·
1077 5188 1191 5245 interius
1208 5191 1326 5264 gemmis
1349 5192 1481 5248 virtutum
1505 5201 1614 5250 omata.
1633 5193 1705 5250 llicit
1726 5207 1795 5266 ergo
1809 5209 1878 5264 per-

259 5279 348 5334 vaus.
367 5277 394 5330 l.
407 5305 441 5315 -
457 5275 542 5346 lituro
555 5290 628 5340 surr,
646 5274 693 5330 red
707 5277 840 5345 scrutato,
855 5275 925 5343 filice
937 5276 1022 5332 ierat-
1077 5275 1149 5333 ieota
1157 5277 1281 5336 Ecclesia
1295 5279 1330 5336 ad
1353 5279 1527 5353 inperfectos
1539 5283 1618 5356 :ligo
1634 5282 1745 5355 quidem
1758 5296 1820 5337 sum
1834 5281 1878 5336 ni-

222 5367 325 5422 tatem.
345 5363 394 5420 llic
409 5361 444 5418 ad
458 5362 577 5418 litteram
592 5359 672 5416 datur
685 5361 799 5434 intelligi
820 5363 892 5434 qnod
914 5364 1023 5421 nobiles
1076 5382 1139 5439 gra,
1155 5365 1220 5440 quia
1232 5367 1295 5425 buic
1308 5368 1412 5426 mundo
1424 5378 1539 5442 propter
1553 5372 1697 5443 passiones
1713 5385 1783 5443 quas
1796 5369 1878 5424 susti·

222 5447 331 5504 lemine
347 5447 376 5502 in
398 5445 552 5502 ierusalem
573 5444 608 5500 ad
627 5445 750 5518 reginam
773 5461 835 5502 cum
864 5449 1023 5505 maneribus
1077 5469 1130 5512 neo
1139 5454 1282 5528 despecta,
1293 5457 1364 5514 sicut
1379 5459 1555 5517 tabernacula
1565 5460 1665 5528 cedar,
1677 5460 1731 5516 boa
1742 5466 1785 5514 est
1798 5457 1877 5530 quasi

221 5543 366 5602 venerunt,
383 5543 409 5592 ⁰¹
423 5549 457 5592 θα
472 5534 550 5592 fusco
562 5533 620 5590 visa
636 5535 830 5607 despexerunt.
843 5533 951 5604 Quibus
963 5538 1022 5610 ipsa
1077 5543 1128 5599 sim
1144 5544 1179 5601 de
1193 5543 1300 5601 iuribus
1314 5554 1342 5602 et
1355 5546 1506 5604 latronibus
1518 5549 1607 5622 nigris
1628 5550 1657 5604 in
1678 5546 1810 5620 peccatis,
1825 5547 1876 5603 sed
1968 5546 1969 5601 3

220 5623 287 5681 divit
303 5641 309 5680 :
325 5621 426 5680 outre
441 5623 606 5690 ierusalem,
623 5623 715 5698 siege
731 5639 791 5682 sum
814 5624 903 5697 nigra,
932 5635 1022 5686 tamen
1076 5641 1168 5691 tamen
1181 5631 1302 5693 formosa
1325 5653 1387 5694 sum
1414 5637 1484 5695 siout
1511 5637 1593 5710 pellis
1624 5637 1788 5705 Salomonis,
1812 5635 1876 5711 quia
1968 5666 1969 5685 2
