3942 6067
111 211 163 266 ιιι
537 165 544 168 ’
576 205 823 264 contueantur
842 203 878 260 ur
898 205 1041 264 rruiuuu
1056 203 1286 266 rnacuaurx.
1713 213 1766 268 aaa

113 358 123 380 a
146 341 255 405 oportet
271 349 321 388 nos
346 331 505 402 adimplere.
523 332 576 388 ιιεε
591 334 682 388 elicui
695 333 726 386 ia
741 332 923 400 asisinatibus,
940 333 966 388 id
982 341 1025 388 εει
1041 333 1233 390 communibus
1248 352 1255 399 ;
1275 334 1362 390 Solea
1386 333 1449 414 isici
1461 332 1532 388 enirn
1547 339 1588 388 est
1601 348 1763 399 commuue3

112 428 122 452 u
146 406 212 462 iude
227 403 362 460 solemnia
397 401 457 457 uasi
471 402 542 457 leste
556 401 710 458 communia
725 402 860 458 dicuutur.
880 405 1007 471 deitatis,
1023 404 1053 459 id
1067 411 1108 460 est
1122 403 1299 476 quotidianis,
1311 403 1338 458 iu
1355 403 1454 484 quibus
1465 403 1568 458 amicus
1582 404 1671 461 amico
1687 405 1767 476 quasi

111 500 122 523 a
145 475 175 530 in
191 476 271 548 nugis
286 482 379 531 contra
400 473 445 529 'cit
455 489 539 544 saepe,
558 472 608 528 sed
623 473 651 528 iu
662 471 742 528 seriis
761 489 910 545 nunquam.
921 477 953 532 la
968 491 1031 550 qua.
1057 475 1169 531 Diceret
1179 475 1297 547 aliquis:
1315 482 1341 530 et
1351 491 1375 529 ει
1385 475 1423 529 ita
1437 488 1491 529 uon
1506 490 1603 545 posses
1617 490 1764 544 excusare,

111 571 122 593 u
146 547 257 604 diceres
271 554 297 601 ιε
310 544 452 616 ignorare
465 543 635 615 Responsio:
651 543 728 599 nolui
742 543 805 615 quia
817 553 957 614 putaretur
969 545 1066 602 callida
1085 545 1221 602 simulatio
1242 545 1373 601 scientie.
1393 544 1509 614 Quidam
1522 545 1595 602 enim
1610 545 1651 601 sie
1660 560 1768 618 negan-

110 639 121 663 ι
145 627 189 674 ιεε
205 616 304 673 callide
319 613 449 671 simulant
464 623 490 669 et
506 615 558 670 boc
572 621 614 669 est
629 631 636 668 r
651 617 683 670 ia
694 629 756 696 quo,
773 614 799 669 id
820 623 862 669 est
884 615 912 670 in
929 631 983 688 qua
999 615 1133 687 petitione
1147 617 1305 682 declinatio,
1322 615 1349 670 id
1362 625 1409 670 εει
1423 615 1535 672 ενιιειιο
1553 615 1634 684 hujus
1649 617 1766 688 speciosi

110 711 121 734 ·
144 689 280 744 maneria
294 687 479 743 excusatione
494 685 729 756 mactationisad
739 693 780 739 εει
794 687 953 742 excusando
964 701 1014 757 per
1023 687 1217 759 ignorantiam,
1228 687 1333 744 scilicet
1342 685 1459 742 dicendo
1468 702 1512 741 ιιιε
1521 687 1652 757 ignorare
1662 689 1768 758 satura

111 781 121 805 ι
147 762 232 823 esset,
242 757 270 812 id
284 764 327 813 est
342 755 461 828 reputari
476 762 570 826 posset
580 755 671 811 calida
686 753 851 811 simulatiom
865 757 997 813 scientiae.
1013 759 1120 831 ltaque,
1135 767 1188 814 etc.
1204 759 1267 813 Non
1281 764 1339 814 erat
1350 756 1519 812 conveniens
1535 756 1676 814 excusatio
1690 778 1697 822 ;
1711 775 1767 830 pa-

110 851 121 874 ·
145 831 205 894 nti,
221 837 247 884 et
263 827 380 882 maxime
406 825 468 908 quia
481 825 600 882 sciebam
616 834 653 892 te,
666 826 724 881 Deo
740 825 859 893 volente,
875 829 927 884 hoc
941 827 1090 898 imperare,
1103 836 1130 883 et
1145 830 1196 885 hoc
1210 836 1252 885 est
1269 842 1275 881 :
1300 831 1395 884 certas
1409 827 1438 884 id
1456 843 1572 894 mnam,
1587 827 1614 883 id
1629 836 1671 882 est
1685 828 1766 896 hujus

110 923 121 944 a
146 897 335 954 translationis
349 895 479 965 officium,
495 913 553 952 aua
568 897 683 968 injungi
696 897 767 952 mibi
781 914 799 953 a
815 900 842 954 le
865 899 924 954 sine
939 898 1032 954 divino
1053 899 1194 966 instinctu,
1212 899 1241 954 id
1263 905 1304 953 est
1323 898 1417 954 divina
1431 898 1584 955 voluntate.
1601 898 1762 970 Propterea,

110 993 121 1016 u
146 970 215 1040 quia
231 984 284 1025 non
300 976 359 1024 erat
374 982 458 1024 causa
473 967 668 1032 excusationis,
685 975 711 1022 ει
726 967 857 1039 quianon
873 970 1028 1040 imperabas
1042 969 1104 1025 sinc
1123 970 1217 1025 divino
1232 969 1361 1024 instinctu
1376 985 1524 1040 oppressas
1544 969 1652 1041 primas
1667 973 1767 1041 parter

110 1063 121 1086 a
149 1041 269 1098 Tbimoei
295 1038 425 1095 Platonis
439 1038 579 1094 alacriori
591 1041 688 1094 mente
711 1037 746 1093 de
760 1037 936 1110 incoeptione,
952 1056 1001 1112 spe
1016 1039 1220 1096 confirmatorie
1241 1039 1275 1094 de
1300 1038 1477 1109 perfectione,
1494 1055 1552 1095 non
1575 1038 1664 1094 solum
1680 1046 1766 1094 trans·

110 1133 121 1154 e
147 1111 198 1166 tuli
210 1110 259 1166 sed
274 1110 355 1165 etiam
371 1107 455 1180 partis
479 1107 602 1178 eiusdem
617 1105 765 1175 translatae,
781 1110 1009 1166 commentarium
1028 1110 1093 1166 ieci.
1113 1112 1149 1168 Ut
1175 1111 1212 1166 ait
1236 1110 1391 1166 Priscianus
1406 1126 1491 1180 super
1518 1109 1764 1166 exercitationibus

110 1203 122 1225 a
148 1195 318 1252 puerorum:
344 1178 517 1236 comminisci
531 1177 662 1260 estplura
679 1179 769 1234 studio
783 1179 826 1235 vel
841 1179 964 1236 doctrina
980 1181 1006 1235 in
1023 1189 1113 1237 mente
1127 1181 1221 1236 habita
1235 1181 1263 1235 in
1277 1195 1360 1235 unum
1376 1179 1516 1252 colligere.
1537 1179 1614 1236 Unde
1627 1195 1766 1236 commen·

110 1275 121 1296 ι
145 1260 204 1306 tum
221 1251 306 1324 possit
320 1249 374 1306 dici
388 1249 506 1322 plurium
521 1249 610 1304 studio
625 1249 669 1305 vel
688 1250 814 1306 doctriua
827 1251 855 1305 in
873 1260 964 1307 mente
980 1252 1139 1307 habitorum
1154 1251 1183 1308 in
1204 1267 1287 1306 unum
1311 1251 1456 1315 collectim
1474 1259 1500 1306 et
1526 1250 1591 1321 quia
1612 1250 1762 1306 secuudum

110 1345 121 1367 a
145 1322 219 1378 banc
232 1321 417 1378 definitionem
433 1329 616 1376 commentum
650 1319 718 1376 oasit
742 1321 796 1376 dici
810 1321 939 1393 quislibet
964 1321 1045 1388 liber,
1061 1330 1156 1378 tamen
1185 1338 1240 1376 non
1254 1321 1336 1379 bodie
1356 1336 1487 1377 vocamus
1508 1329 1693 1376 commentum
1710 1320 1763 1375 uisi

110 1414 121 1438 a
146 1391 261 1448 alterius
275 1391 337 1447 libri
353 1389 560 1462 expositorium,
571 1336 649 1464 quog
659 1387 772 1446 differta
783 1391 869 1463 glosa.
880 1394 1069 1448 Commeatum
1085 1395 1157 1448 enim
1174 1393 1262 1448 solum
1275 1393 1438 1449 sententiam
1453 1407 1618 1462 exsequens,
1630 1391 1664 1447 de
1679 1391 1767 1446 conti-

109 1485 120 1508 a
144 1463 280 1519 nuatione
292 1461 337 1518 vel
352 1460 522 1532 expositione
536 1460 635 1516 litterae
658 1461 725 1516 nihil
739 1471 810 1534 agit.
838 1463 926 1519 Glosa
944 1479 1008 1520 veru
1023 1464 1115 1518 orurria
1129 1463 1175 1518 illa
1189 1463 1367 1535 exsequitur:
1390 1463 1463 1517 unde
1477 1462 1575 1518 dicitur
1589 1461 1668 1534 glosa
1683 1459 1765 1534 quasi

109 1557 120 1578 ι
143 1532 252 1606 lingua.
270 1533 311 1588 lta
326 1532 398 1588 enim
413 1539 507 1603 aperte
520 1531 602 1587 debet
616 1547 754 1657 exponere
769 1547 799 1588 ac
814 1532 839 1588 si
854 1534 948 1608 lingua
970 1534 1091 1590 doctoris
1105 1535 1246 1590 videretur
1271 1534 1380 1589 decere.
1397 1535 1518 1596 Putant,
1534 1541 1589 1589 etc.
1619 1533 1767 1656 [lucusque

109 1625 120 1649 a
144 1603 288 1660 excusavit
302 1619 333 1658 se
347 1603 382 1658 de
396 1602 552 1676 arrogantia
568 1601 644 1658 reddi
667 1603 739 1676 itque
754 1603 919 1660 benevolum
935 1603 1009 1659 illurn
1024 1604 1176 1672 laudando;
1193 1602 1295 1660 deinde
1309 1603 1439 1668 docilem,
1476 1603 1530 1658 uod
1542 1601 1680 1658 transtulit
1727 1601 1769 1656 bi·

108 1695 120 1720 «
142 1690 246 1730 meum
261 1673 381 1730 Platonis
396 1673 579 1729 ostendendo.
601 1673 681 1728 blodo
699 1673 820 1729 ostendit
839 1691 925 1748 quare
940 1691 1026 1746 super
1040 1691 1087 1730 eas
1102 1685 1194 1746 partes
1214 1674 1442 1732 commentarium
1456 1620 1564 1741 iecerit,
1581 1671 1687 1730 scilicet
1705 1671 1768 1744 quia

107 1767 119 1790 ·
142 1761 198 1816 per
211 1761 241 1800 se
253 1745 288 1800 ad
302 1743 513 1816 intelligendum
530 1751 608 1812 erant
623 1743 759 1812 difficiles,
775 1751 802 1800 et
812 1744 849 1800 ita
864 1745 952 1801 reddit
968 1755 1111 1808 attentum,
1126 1746 1223 1802 dicens
1241 1744 1313 1802 :leci
1328 1743 1559 1800 commentarium
1573 1751 1601 1799 et
1612 1743 1765 1815 superflue,

106 1838 117 1861 ι
140 1815 251 1872 εειΙιεει
263 1820 383 1886 putans,
399 1822 452 1870 etc.
470 1815 518 1869 list
532 1815 686 1885 exemplum
702 1814 745 1870 vel
760 1831 802 1870 res
818 1816 954 1872 recondita
975 1816 1044 1872 liber
1059 1817 1179 1872 Platonis
1193 1817 1221 1871 in
1235 1814 1347 1879 Graeco,
1363 1815 1541 1870 simulacrum
1555 1829 1621 1869 vero
1638 1813 1767 1881 ejusdem

107 1909 117 1930 ·
140 1885 172 1940 in
187 1885 295 1942 Latino.
308 1885 365 1942 Sed
378 1884 555 1941 simulacrum
565 1892 606 1940 est
620 1885 763 1958 obscurius
780 1885 841 1956 ipso
855 1887 989 1958 exemplo,
1000 1887 1063 1960 quia
1077 1887 1277 1943 obscuriorest
1291 1885 1436 1951 cujuslibet
1449 1884 1514 1940 libri
1525 1885 1666 1942 translatio
1681 1899 1767 1956 quam

106 1979 117 2001 κ
141 1955 271 2026 eiusdem
284 1955 312 2010 iu
327 1955 417 2024 prima
430 1954 525 2026 lingua
539 1955 714 2026 compositio.
736 1957 826 2012 Causa
841 1973 914 2025 uero,
931 1967 987 2014 etc.
1012 1956 1104 2027 Quaere
1131 1958 1232 2013 librum
1246 1956 1338 2013 divisit
1349 1966 1377 2011 ει
1391 1971 1447 2012 uon
1474 1963 1560 2011 totum
1575 1955 1655 2010 simul
1671 1961 1765 2012 trans-

107 2051 117 2073 ·
142 2027 216 2097 tulit,
235 2025 377 2082 ostendit:
395 2029 438 2082 eat
453 2027 546 2098 operis
561 2027 727 2097 proliritas,
739 2034 765 2082 et
780 2035 867 2082 utrum
879 2028 1001 2100 placeret
1015 2045 1051 2085 au
1065 2044 1122 2086 non
1139 2028 1277 2096 dubietas,
1294 2035 1320 2083 et
1334 2027 1387 2083 boc
1402 2035 1444 2083 εει
1457 2041 1550 2094 causa,
1569 2050 1580 2075 a
1597 2034 1651 2082 etc.

142 2173 189 2231 On
222 2173 436 2242 curraitcrcire,
452 2174 562 2246 d'apres
577 2189 610 2230 ce
624 2174 717 2242 debut,
734 2191 789 2248 que
803 2177 883 2233 nulle
897 2177 1099 2235 commentaire
1114 2194 1149 2234 ne
1170 2192 1234 2234 sera
1254 2176 1355 2248 qu‘une
1376 2176 1545 2247 paraphrase
1567 2175 1604 2231 du
1619 2189 1764 2231 commen-

103 2245 178 2302 taire
213 2261 229 2302 e
244 2245 412 2302 chalcidius.
433 2245 499 2300 blais
514 2245 533 2299 il
548 2245 613 2300 n’en
630 2253 670 2301 est
685 2259 735 2317 pas
750 2246 829 2303 ainsi.
846 2248 1002 2305 Chalcidius
1016 2265 1050 2304 ne
1065 2250 1130 2304 s’est
1152 2249 1270 2319 proposi
1284 2247 1388 2320 quade
1413 2246 1520 2301 donner
1535 2246 1765 2316 l'iuterpretaticu

104 2318 157 2372 des
171 2331 307 2388 passages
322 2315 359 2372 du
372 2316 467 2372 Times
482 2316 527 2398 qui
544 2325 694 2387 supposent
708 2317 735 2372 la
754 2318 958 2376 connaissance
971 2321 1022 2376 des
1044 2321 1180 2384 scieuces,
1204 2318 1269 2375 telle
1290 2334 1345 2390 que
1370 2316 1593 2388 l'aritbmetique,
1609 2318 1637 2372 la
1652 2315 1766 2388 geome'·

105 2388 170 2454 trie,
186 2388 215 2442 la
229 2388 366 2459 musique,
382 2394 437 2442 etc.
460 2389 508 2454 lca,
524 2401 559 2442 au
582 2388 729 2456 contraire,
745 2405 815 2444 nous
835 2405 922 2447 avons
937 2407 973 2446 un
988 2391 1184 2448 commentaire
1207 2389 1331 2463 regulier
1344 2388 1392 2460 qui
1410 2388 1464 2444 suit
1477 2387 1504 2445 le
1526 2395 1599 2444 terte
1620 2402 1670 2460 pas
1683 2387 1700 2442 i
1714 2402 1766 2459 pas

105 2468 132 2514 ει
147 2473 217 2516 εειιε
232 2458 291 2514 rien
303 2464 432 2513 omettre.

144 2605 156 2630 ι
182 2583 270 2647 duas,
286 2579 351 2648 dau,
368 2583 439 2636 ires.
454 2579 530 2636 Plato
544 2583 708 2639 tractaturus
722 2581 757 2638 de
771 2581 890 2638 naturali
902 2582 1022 2652 iusticie,
1040 2582 1201 2653 recapitulat
1214 2598 1247 2638 ea
1261 2597 1323 2653 quaa
1336 2581 1444 2638 dixerat
1457 2579 1494 2636 de
1514 2578 1631 2649 positiva
1641 2575 1758 2648 iustitia,

108 2677 120 2700 a
142 2661 175 2708 nt
189 2651 213 2706 si
228 2666 299 2706 unus
314 2659 341 2706 et
355 2651 481 2706 continua
493 2651 603 2718 justitia
616 2659 760 2719 tractatus,
776 2653 849 2725 quod
864 2653 930 2710 lacit
944 2654 990 2708 tali
1004 2654 1096 2721 modo,
1110 2653 1310 2710 introducendo
1334 2659 1453 2723 quatuor
1468 2663 1633 2732 ρειεοιιιιιε,
1653 2648 1758 2704 Socra-

108 2747 119 2769 «
141 2731 208 2790 tem,
226 2721 390 2780 Thimarum.
407 2721 624 2788 Hermocratem,
640 2722 760 2792 Critiam,
775 2724 826 2779 sub
841 2725 889 2780 tali
903 2723 1044 2796 figmento.
1061 2724 1130 2780 Cura
1144 2733 1217 2780 esset
1231 2724 1259 2780 id
1278 2723 1363 2779 moris
1378 2720 1585 2778 Atheniensium
1600 2728 1631 2776 ut
1644 2718 1673 2773 in
1689 2717 1761 2774 lesta

108 2818 118 2839 ·
141 2792 190 2848 dia
206 2791 327 2848 Palladis
340 2790 368 2847 in
383 2790 493 2846 domum
514 2791 628 2860 alicujus
642 2793 797 2865 philosophi
808 2795 999 2862 convenirent,
1018 2804 1047 2850 ut
1059 2795 1093 2850 ab
1117 2803 1216 2851 eodem
1229 2794 1257 2848 in
1279 2794 1372 2865 aliquo
1397 2791 1608 2857 instruerentur,
1626 2787 1761 2861 cculiugit

107 2887 119 2910 ι
141 2863 306 2928 Τιιιιιιειιιιι,
322 2862 528 2918 Ηειιιιοειειειιι
544 2871 569 2918 ει
590 2861 701 2919 critiam
714 2873 893 2946 quartumque
910 2867 988 2935 cujus
1010 2881 1091 2921 nome
1112 2865 1156 2921 bic
1176 2864 1282 2930 reticet,
1298 2865 1343 2919 die
1363 2863 1432 2919 iesto
1457 2862 1578 2918 Palladis
1599 2862 1629 2916 iu
1648 2862 1761 2917 domum

107 2958 119 2980 ι
142 2933 267 2990 Socratis
281 2932 455 2998 convenisse,
471 2943 497 2988 et
511 2932 544 2987 ab
560 2933 657 2990 eodem
670 2937 698 2988 ιιι
716 2935 833 3004 positiva
850 2935 952 3004 yustitia
968 2936 1117 2992 instructos
1136 2946 1221 3001 esse,¹
1235 2934 1367 3006 libitoque
1386 2941 1515 2998 tractatu,
1531 2934 1702 3006 quaesitoque
1725 2930 1761 2986 ab

108 3029 118 3051 ·
142 3005 187 3061 eis
201 3003 344 3070 mutuo,id
358 3013 402 3060 cst
410 3011 526 3060 tractatu
536 3003 570 3060 de
581 3003 909 3078 justitia,promissoque,
917 3007 945 3062 in
954 3007 1104 3064 crastiuum
1114 3007 1197 3063 seuit.
1205 3005 1261 3063 Sed
1270 3012 1400 3077 quartum
1409 3005 1444 3060 de
1455 3004 1538 3061 sociis
1550 3019 1605 3060 uon
1615 3002 1760 3060 inveniens

107 3100 118 3122 ι
141 3075 187 3132 sic
201 3073 313 3146 incoepit
325 3090 448 3141 narrare,
465 3090 549 3141 caua,
565 3076 629 3140 dau,
646 3079 719 3132 tres.
739 3077 794 3134 Sed
808 3077 940 3148 quaeritur
955 3094 1004 3134 cur
1021 3077 1108 3142 Plato,
1137 3093 1199 3134 uem
1212 3085 1322 3133 constat
1336 3075 1473 3131 nihilsine
1484 3090 1568 3132 causa
1582 3073 1693 3140 iecisse,
1711 3087 1761 3129 cur

107 3171 119 3192 a
141 3146 249 3202 librum
262 3161 341 3200 suum
357 3161 374 3201 a
389 3145 511 3202 numeris
521 3145 649 3227 incoepit;
662 3153 688 3201 rt
702 3146 725 3201 si
737 3163 753 3202 e
766 3148 887 3204 numeris
900 3147 981 3203 l'uerit
1002 3094 1185 3218 incipiendus,
1201 3163 1288 3220 quare
1308 3147 1342 3202 ab
1357 3145 1417 3201 istis
1431 3145 1556 3201 numeris
1572 3144 1662 3214 potius
1678 3149 1758 3215 (sup-

106 3241 117 3262 υ
140 3216 282 3289 plerimus
296 3218 403 3289 potitae)
417 3232 498 3298 quam
510 3216 545 3272 ab
562 3216 633 3282 aliis,
650 3225 677 3272 ει
692 3233 776 3287 quare
791 3227 845 3272 tres
859 3234 1002 3284 numeros,
1020 3234 1072 3274 nec
1091 3219 1183 3288 plures
1208 3217 1308 3285 posuit,
1324 3224 1352 3273 et
1366 3231 1452 3288 quare
1466 3232 1517 3288 per
1538 3212 1690 3294 cardinalia
1705 3228 1759 3270 no-

107 3313 119 3332 a
143 3287 232 3356 mina,
247 3301 303 3342 non
314 3287 447 3343 ordinalia
463 3286 525 3343 illos
541 3289 656 3343 vocavit.
675 3286 765 3344 Primo
789 3287 880 3361 igitur,
892 3296 922 3344 ut
945 3289 1149 3360 Pythagoricus,
1167 3289 1259 3346 sciens
1281 3287 1432 3343 maximam
1447 3286 1647 3358 perfectionem
1663 3301 1691 3338 ιιι
1704 3300 1759 3339 nu-

108 3383 119 3404 υ
142 3358 232 3414 ιιιειιε
246 3373 319 3424 εεεε,
335 3358 436 3439 quippe
450 3373 512 3414 cum
525 3359 601 3412 nulla
618 3358 723 3414 scilicet
744 3367 868 3415 creatura
886 3359 944 3414 sine
960 3375 1073 3416 numero
1088 3360 1174 3431 possit
1187 3361 1326 3425 existeret,
1342 3373 1472 3413 numerus
1487 3363 1583 3414 tamen
1599 3356 1659 3412 sine
1674 3355 1762 3437 quoli-

107 3455 120 3476 «
144 3431 193 3485 bet
207 3436 297 3500 potest
311 3437 439 3496 existere,
454 3437 483 3484 ut
496 3427 691 3499 perlectionem
707 3429 748 3483 sui
763 3429 856 3500 operis
876 3438 953 3486 osten
963 3431 1043 3496 leret,
1058 3445 1074 3485 a
1088 3429 1221 3500 perlectis
1237 3428 1343 3485 scilicet
1363 3427 1489 3484 numeris
1505 3427 1631 3498 incaepit.
1648 3427 1689 3482 hb
1703 3433 1764 3483 ιειιε

108 3525 119 3546 α
143 3515 215 3556 vero
237 3499 358 3555 numeris
381 3499 484 3556 idcirco
499 3500 561 3570 quia
585 3507 647 3555 sunt
661 3507 752 3571 partes
772 3498 885 3570 perlecti
901 3499 1019 3567 numeri,
1043 3501 1068 3555 id
1092 3509 1132 3556 est
1157 3499 1267 3556 senarii.
1295 3498 1437 3555 Perfectus
1453 3506 1495 3554 est
1523 3515 1655 3554 numerus
1684 3496 1765 3570 cujus

109 3595 120 3616 ·
143 3579 239 3643 partes
255 3578 415 3644 aggregate
430 3570 546 3626 reddent
560 3570 694 3642 aequalem
712 3585 860 3627 summam.
880 3570 947 3626 Pars
959 3579 1051 3627 autem
1066 3569 1168 3626 senarii
1192 3569 1315 3626 secunda
1338 3577 1401 3624 sunt
1415 3577 1481 3635 tres,
1497 3570 1580 3624 tertia
1605 3568 1671 3635 duc,
1686 3575 1765 3624 sexta

109 3665 121 3688 a
145 3657 234 3698 unum
248 3657 309 3713 quac
324 3649 475 3714 aggregata
489 3641 571 3696 talem
588 3655 722 3695 summam
741 3642 859 3697 reddunt
874 3641 900 3696 id
921 3649 963 3696 est
982 3657 1043 3697 sex.
1065 3641 1181 3712 Propter
1195 3656 1264 3714 ergo
1286 3640 1528 3711 perlectionem,a
1553 3641 1679 3712 partibus
1698 3655 1765 3709 per-

111 3737 122 3758 a
147 3712 215 3768 lecti
229 3710 356 3783 incoepit.
375 3711 500 3784 Amplius
513 3715 584 3767 lnter
598 3713 649 3766 hos
667 3727 797 3767 numeros
812 3712 987 3767 inveniuntur
1001 3715 1192 3783 proportiones
1207 3727 1269 3784 quur
1290 3710 1410 3766 musices
1424 3711 1540 3766 reddunt
1552 3709 1763 3766 consonantias.

111 3807 122 3828 a
146 3781 293 3839 interduo
307 3782 380 3838 enirn
394 3791 421 3838 et
434 3797 516 3838 ιιιιιιιιι
527 3789 568 3837 εει
582 3781 667 3852 dupla
680 3781 836 3853 proportio:
858 3798 891 3838 aa
901 3783 953 3838 bac
968 3783 1088 3839 nascitur
1102 3783 1235 3854 diapason
1247 3800 1255 3849 ς
1271 3779 1343 3836 inter
1354 3788 1410 3836 tres
1421 3789 1448 3836 et
1458 3797 1542 3836 unum
1557 3782 1763 3853 sesquiquarta,

111 3879 121 3900 ·
146 3871 182 3910 ex
191 3868 246 3925 qua
260 3853 400 3924 diapente
416 3853 488 3908 inter
497 3860 614 3924 quatuor
624 3861 650 3908 et
660 3860 715 3908 tres
726 3852 910 3925 sesquitertia,
918 3869 951 3908 ex
959 3868 1014 3925 qua
1024 3853 1207 3908 diatessaron.
1216 3851 1286 3920 Quia
1297 3851 1380 3924 igitur
1391 3851 1426 3906 de
1436 3851 1574 3906 creatione
1586 3866 1689 3917 rerum,
1704 3863 1765 3920 quaa

112 3949 123 3971 ι
146 3924 375 3987 concordiensi
425 3923 643 3994 roportionaliter
673 3921 743 3978 lacta
771 3931 822 3991 est,
838 3931 954 3978 tractare
974 3923 1158 3994 disposuerat,
1172 3931 1247 3978 recte
1269 3921 1424 3976 enumeris
1437 3919 1624 3976 obtinentibus
1644 3934 1765 3990 propur-

112 4019 123 4042 ω
146 3997 240 4051 tiones
249 3993 374 4066 iucoepit.
415 4010 458 4050 res
473 4009 540 4050 vero
555 4000 658 4048 tantum
673 4009 803 4049 numeros
817 3994 901 4064 ponit,
918 3993 982 4066 quia
997 3994 1032 4049 da
1055 3994 1140 4048 tribus
1155 3992 1274 4064 simplici
1289 3992 1380 4056 modo,
1397 3991 1552 4048 secuudum
1570 3990 1763 4046 auctoritatem

113 4089 124 4112 ι·
147 4066 252 4132 Βοειιι,
266 4066 343 4136 agit;
359 4065 394 4121 de
407 4063 507 4121 divinis
520 4063 750 4132 intellectualiter,
763 4063 797 4118 de
812 4065 1014 4121 mathematicis
1028 4063 1226 4130 doctrinaliter,
1242 4064 1277 4119 de
1301 4063 1423 4134 physicis
1446 4062 1617 4118 naturaliter.
1634 4061 1766 4118 Tractare

113 4161 123 4182 n
147 4136 185 4193 de
199 4135 299 4191 diuinis
313 4135 531 4191 intellectualiter
544 4144 596 4205 est,
612 4143 719 4192 remota
735 4134 809 4190 omni
835 4134 974 4206 opinione,
992 4135 1127 4207 quidquid
1145 4135 1251 4192 dicatur
1265 4134 1299 4189 de
1314 4133 1414 4189 divinis
1428 4141 1503 4190 certa
1519 4132 1625 4189 ratione
1638 4131 1766 4201 subiecta

114 4233 124 4254 ι
146 4207 326 4264 confirmare.
343 4207 383 4262 De
406 4205 604 4262 mathematicis
619 4205 805 4262 doctrinaliter
823 4221 915 4276 agere,
931 4214 973 4261 est
987 4206 1023 4260 de
1043 4205 1086 4261 eis
1107 4221 1168 4277 que
1188 4205 1325 4277 pertinent
1337 4207 1372 4260 ad
1392 4204 1566 4278 quadrivium
1582 4203 1621 4260 sic
1637 4209 1765 4272 tractare,

114 4303 125 4325 ι
148 4287 182 4332 ιιι
193 4279 266 4350 quod
281 4278 375 4351 regula
389 4277 489 4334 dicitur
500 4277 550 4332 sub
563 4277 651 4333 oculis
664 4275 693 4330 in
714 4271 802 4347 figura
816 4277 983 4342 ostendatur,
1001 4284 1029 4332 ut
1046 4277 1074 4331 in
1089 4277 1234 4349 quadrivio
1249 4277 1351 4347 agitur.
1369 4276 1409 4332 De
1433 4275 1556 4348 physicis
1570 4289 1637 4331 vero
1652 4285 1765 4329 nature·

114 4374 125 4395 ·
147 4349 214 4404 liter
226 4364 312 4422 agere
325 4357 367 4404 est
376 4347 411 4403 de
425 4347 534 4402 naturis
548 4363 704 4418 corporum,
716 4349 839 4413 subjecta
853 4348 967 4419 physica
978 4348 1231 4413 rationetractare.
1240 4347 1292 4401 Per
1300 4345 1452 4402 cardinalia
1461 4345 1585 4401 nominat
1593 4345 1656 4401 illos
1672 4353 1762 4410 vocat,

115 4443 126 4466 ·
148 4434 206 4474 non
219 4419 365 4487 ordinalia,
381 4434 415 4475 ne
429 4418 475 4474 uni
490 4418 574 4473 alium
589 4417 718 4488 praeiarre
732 4417 882 4474 videretur.
904 4419 936 4472 Et
951 4419 1010 4475 haec
1024 4427 1088 4473 suut
1109 4419 1192 4474 rerba
1207 4416 1326 4472 Socratis
1342 4417 1370 4470 in
1383 4417 1534 4474 crastiuum
1547 4416 1695 4485 venientis,
1709 4431 1763 4472 uec

116 4515 126 4536 ·
149 4505 250 4546 omues
265 4490 355 4546 socios
370 4489 534 4545 invenientis
551 4505 557 4545 :
574 4505 657 4557 unae,
674 4489 738 4554 dau,
757 4491 823 4554 tres,
839 4506 856 4545 ο
871 4489 999 4558 Thimaee,
1017 4491 1127 4561 requiro
1143 4497 1271 4559 quartum
1285 4486 1319 4542 de
1333 4503 1448 4545 numero
1462 4497 1562 4544 vestro.
1575 4487 1700 4556 Quartus
1715 4486 1762 4543 ille

117 4585 127 4606 ι
152 4561 235 4686 Platq
242 4559 301 4630 init,
333 4561 359 4616 ui
376 4560 458 4686 ¹qumi
473 4560 508 4614 ab
532 4575 616 4630 opere
631 4574 661 4617 se
676 4559 811 4614 subtraxit
825 4559 888 4615 dum
904 4575 958 4616 non
975 4558 1037 4628 sibi,
1054 4559 1102 4616 sed
1117 4560 1248 4625 Tbimaeo,
1263 4566 1379 4629 propter
1392 4559 1536 4632 praedictas
1550 4559 1682 4625 rationes,
1699 4556 1767 4614 illud

117 4633 214 4686 «altri
236 4633 287 4686 uit,
355 4633 361 4648 '
394 4632 508 4698 esterni,
527 4654 537 4680 a
555 4639 610 4686 etc.

151 4754 280 4810 L'auteur
294 4754 422 4812 continue
436 4753 471 4810 de
491 4761 660 4810 commentar
682 4752 859 4825 longuement
871 4753 898 4809 le
945 4753 1084 4809 riambule
1099 4753 1136 4809 du
1158 4752 1264 4811 Timie.
1284 4754 1305 4810 ll
1321 4760 1362 4811 est
1382 4753 1476 4810 inutile
1490 4754 1525 4811 de
1549 4753 1575 4810 le
1589 4753 1682 4810 suicre
1696 4752 1766 4808 daus

115 4840 161 4882 ses
180 4825 424 4896 developpemeuts
439 4840 487 4880 sur
501 4825 527 4880 le
540 4823 642 4898 deluge
656 4825 690 4879 de
702 4824 860 4887 Deucalion,
871 4769 967 4880 landis
983 4841 1031 4879 sur
1044 4841 1097 4880 une
1110 4826 1250 4882 mauvaise
1265 4825 1445 4898 physique,et
1457 4824 1630 4882 absolumeut
1646 4824 1765 4895 depom-

114 4913 166 4952 vus
182 4895 322 4952 d'inte'ret.
342 4897 392 4952 Ses
402 4895 581 4968 explicatione
595 4911 641 4950 sur
655 4894 779 4968 l'crigine
795 4895 944 4952 d'Athenes
957 4903 985 4951 et
1000 4895 1026 4950 la
1043 4894 1119 4952 lable
1133 4896 1334 4952 d'Ericthonius
1348 4897 1422 4951 n'ont
1437 4911 1487 4967 pas
1501 4897 1562 4967 plus
1573 4896 1607 4951 de
1623 4895 1729 4951 valeur.

116 5037 129 5093 f
144 4967 459 5094 uifficoqqqmentairesssur
472 4967 498 5022 la
515 4967 642 5092 dilscquqs
657 4970 746 5022 meme
760 4966 794 5022 de
809 4967 901 5022 Timeo
916 4981 1075 5023 commence
1084 4983 1137 5023 aux
1152 4969 1227 5023 deux
1242 4967 1307 5023 tiers
1321 4967 1357 5024 de
1366 4967 1392 5021 la
1406 4967 1542 5039 premiere
1553 4967 1675 5024 calonne
1689 4964 1767 5021 dudit

126 5053 142 5093 e
195 5044 222 5092 ει
283 5052 377 5095 verso.
422 5036 564 5094 nvoicie
598 5035 685 5094 e'utr

155 5182 166 5206 ι
190 5159 243 5215 Εει
256 5158 340 5232 igitur
353 5159 488 5216 Thimaeus
502 5159 537 5215 de
552 5158 668 5214 naturali
678 5157 782 5227 iustitia
796 5165 928 5215 tractatus
948 5159 982 5214 ad
996 5160 1165 5217 creationem
1178 5161 1274 5216 mnndi
1287 5161 1361 5218 circa
1375 5177 1456 5233 quam
1470 5160 1588 5216 maxime
1602 5165 1718 5228 apparat
1735 5173 1766 5214 se

119 5254 130 5275 ·
153 5229 316 5286 translerre.
336 5231 371 5288 Ut
384 5246 447 5286 enm
462 5230 699 5301 perpetuitati.....
714 5239 828 5301 quatuor
844 5230 917 5284 illius
932 5245 1040 5296 causas,
1057 5231 1163 5288 scilicet
1176 5231 1349 5302 efficientem,
1364 5231 1520 5292 iarmalern.
1537 5229 1767 5295 indemnata-

118 5323 129 5346 ·
151 5301 249 5356 rislam
263 5302 390 5368 ostendit,
407 5309 436 5356 ut
450 5317 483 5356 er
498 5301 598 5357 talibus
614 5301 705 5357 causis
718 5301 859 5372 quoddam
872 5307 1034 5370 perpetuum
1047 5319 1130 5372 posse
1143 5305 1233 5360 creari
1247 5303 1410 5360 manifestet.
1427 5303 1477 5358 Est
1488 5301 1613 5357 officiens
1628 5314 1714 5356 causa
1728 5298 1768 5355 di-

117 5395 129 5418 ·
151 5371 219 5427 vina
232 5370 358 5440 essentia,
373 5371 498 5428 formalis
512 5371 606 5428 divina
620 5370 753 5442 sapentia,
768 5369 856 5426 finalis
871 5371 961 5427 diviua
976 5373 1093 5433 bonitas.
1110 5374 1261 5431 materialis
1277 5383 1395 5447 quatuor
1410 5374 1557 5429 elementa.
1576 5371 1655 5441 Quae,
1667 5378 1694 5426 ut
1710 5386 1766 5426 me

117 5465 128 5488 ι
151 5442 207 5498 lias
226 5441 420 5514 intelligantur,
437 5442 614 5498 bimembrem
635 5442 763 5514 proponit
783 5442 956 5507 divisionem,
977 5443 1005 5499 in
1026 5445 1103 5510 cuius
1126 5446 1210 5503 altero
1233 5447 1359 5501 membro
1380 5443 1511 5511 efficiens,
1528 5442 1660 5504 formalis.
1676 5440 1766 5497 finalis

118 5535 128 5558 ·
151 5528 237 5570 ειιιει
251 5512 346 5568 mundi
360 5512 523 5580 continetur,
539 5514 565 5567 in
590 5513 676 5569 altero
691 5512 841 5568 materialis
852 5521 877 5568 ει
892 5511 1015 5570 allectus.
1028 5515 1096 5584 Quae
1109 5516 1208 5572 divisio
1218 5517 1279 5571 talis
1294 5523 1336 5572 est
1350 5515 1485 5587 quidquid
1496 5523 1537 5570 est
1547 5515 1591 5571 vel
1606 5521 1651 5569 est
1663 5528 1765 5570 carens

117 5606 128 5630 ·
150 5583 332 5658 generatione
344 5591 373 5640 et
383 5597 493 5654 semper
506 5592 559 5652 est,
574 5583 618 5640 vel
633 5583 714 5639 habet
727 5584 945 5656 generationem,
958 5600 1012 5643 nec
1035 5602 1146 5658 semper
1161 5595 1216 5644 est.
1234 5587 1298 5643 ιιεε
1314 5595 1344 5642 ut
1357 5586 1458 5643 melius
1472 5586 1669 5659 intelligamus,
1684 5584 1765 5642 dica-

118 5678 128 5699 ·
152 5670 214 5713 mna
227 5655 294 5728 quid
307 5653 344 5714 sit
363 5655 512 5727 generatio,
528 5653 594 5728 quid
609 5653 643 5712 sit
660 5654 760 5713 babere
773 5656 992 5727 generationem,
1009 5656 1076 5732 quid
1098 5673 1191 5717 carere
1204 5658 1391 5731 generatione,
1408 5657 1474 5732 quid
1498 5673 1610 5733 semper
1625 5671 1695 5726 asse,
1711 5670 1763 5713 nec
