3942 6067
96 270 162 328 llbl
629 274 709 331 itta
730 279 760 332 li.
780 270 961 329 bahadam
980 271 1213 335 Ttaobttittsts.
1682 272 1750 331 ilbi
1769 270 1777 281 ⁸

97 396 207 472 rogavit
220 392 404 472 ut'ntriosqne
419 400 505 471 partis
519 415 617 457 euersas
627 408 726 458 attente
736 402 894 466 discuteret,
911 402 937 461 A
953 398 1026 471 quod
1056 416 1144 473 genus
1165 399 1323 457 ambitionis
1339 414 1439 457 novum
1453 406 1481 455 et
1495 398 1646 455 inauditum
1665 414 1750 456 :narn

97 498 126 547 et
136 490 238 558 justum
248 490 385 559 ¹judicium
399 488 513 547 luceret.
530 489 610 561 Quod
624 490 671 547 ille
687 491 778 547 facero
793 490 897 547 subter·
951 490 987 544 ab
1005 489 1052 545 illo
1067 490 1152 561 (vitio)
1168 488 1309 546 exordium
1324 489 1433 559 accipit,
1449 489 1545 561 (quod)
1573 489 1626 545 nisi
1653 489 1680 543 in
1700 503 1753 544 sua

99 579 219 652 fugiens,
234 579 390 651 imperavit,
410 588 439 635 ut
452 589 497 635 ant
513 580 658 637 ecclesiam
671 579 898 636 cluniacensibus
952 578 1045 635 radice
1060 578 1182 650 stirpitus
1197 585 1364 650 amputetur,
1380 578 1493 633 multam
1509 576 1651 633 virulentae
1670 579 1756 648 prolis

98 669 237 733 subderet,
255 676 302 723 aut
314 682 459 741 nunquam
474 668 502 724 in
517 669 562 724 illa
575 669 684 725 abbatie
694 667 813 727 officium
827 684 901 723 exer·
922 677 926 683 ’
952 667 1135 741 propaginem
1152 667 1284 735 emiserit,
1300 668 1536 739 corruptionisque
1550 666 1691 723 immensae
1706 683 1753 722 se-

98 765 183 814 ceret.
209 757 296 813 Porro
311 756 355 813 vir
370 758 433 823 Dei,
448 765 594 830 postquam
608 775 658 829 pro
673 767 749 814 certo
770 756 901 831 cognorit
953 755 1110 821 asinarium,
1140 756 1163 809 si
1192 756 1254 811 oriri
1284 758 1463 827 permittatur,
1492 754 1681 826 pullulaverit.
1699 756 1756 809 lloc

101 845 175 920 quod
188 846 218 901 in
233 847 357 902 Romana
371 846 446 903 cvvria
460 847 527 901 nibil
542 846 697 918 proliceret,
721 863 772 902 nec
795 853 901 917 aposto·
955 858 1022 899 sana
1038 851 1093 897 tam
1109 844 1269 901 detestabile
1284 844 1478 915 malum,quod
1493 850 1605 913 propter
1621 844 1756 916 magnitu-

100 935 184 991 licum
198 950 213 990 a
228 951 285 991 suae
299 934 445 991 voluntatis
459 936 569 991 decreto
584 934 716 999 flecteret,
733 932 901 990 sublimioris
955 931 1047 987 dinem
1076 934 1161 989 vestri
1187 948 1302 990 censura
1324 934 1419 1003 Judieii
1434 934 1531 988 merito
1547 933 1688 987 altseindet
1702 946 1757 987 non

99 1022 182 1077 euriae
197 1022 362 1077 audientiam
378 1022 516 1095 appellare
530 1024 690 1095 compulsus
701 1030 743 1077 est
753 1025 809 1094 (38)
822 1038 828 1077 :
841 1039 901 1095 quae
956 1022 1062 1088 dubito,
1078 1038 1177 1077 novtvm
1191 1032 1216 1079 et
1231 1024 1352 1079 insolens
1366 1023 1491 1079 dixerim.
1504 1023 1530 1075 ln
1541 1022 1637 1077 litteris
1652 1022 1754 1076 eterrim

102 1110 227 1183 quamvis
242 1111 315 1181 apud
326 1111 479 1166 mortalium
499 1111 625 1183 praetoria
639 1111 757 1167 inveniri
772 1118 899 1183 nequeat,
956 1110 1089 1166 divinitus
1103 1110 1211 1168 collatis
1230 1112 1466 1184 archiepiscopos,
1492 1110 1754 1181 archipresbyteros,

101 1200 175 1254 unde
190 1207 280 1254 tamen
297 1200 367 1254 hanc
382 1200 520 1255 bernardo
536 1199 626 1272 expeti
640 1208 778 1272 oporteret
790 1217 843 1255 non
859 1200 902 1255 la-
956 1200 1165 1257 archidiaconos
1181 1200 1318 1273 legimus3
1335 1200 1542 1257 archiabbatum
1558 1214 1622 1253 vero
1635 1199 1755 1265 nomina,

99 1286 186 1343 tabat.
205 1288 269 1344 Zelo
284 1288 366 1359 igitur
379 1288 491 1360 institiae
505 1305 648 1358 accensus,
666 1289 731 1345 illud
747 1288 902 1345 Salomonis
957 1288 983 1344 in
999 1288 1053 1344 illis
1063 1288 1181 1345 necdum
1196 1289 1364 1345 invenimus.
1380 1288 1408 1343 S.
1426 1287 1563 1343 Benedicti
1580 1286 1684 1357 liegrrla
1698 1288 1755 1356 (crr-

100 1382 212 1433 secutus
227 1394 235 1431 ε
251 1378 343 1432 Justus
358 1383 389 1432 ut
401 1376 445 1433 leo
458 1377 602 1435 conlidens
612 1378 715 1451 absque
724 1386 830 1435 terrore
838 1377 899 1444 erit,
954 1377 1000 1447 jus
1015 1394 1067 1450 ego
1082 1377 1231 1449 professor,
1247 1378 1293 1450 qni
1306 1378 1444 1449 impetor;
1460 1384 1487 1433 et
1511 1376 1557 1431 ille
1585 1384 1637 1442 est,
1654 1376 1698 1448 qui
1713 1390 1773 1430 me‘

98 1465 240 1521 dominum
253 1480 363 1539 papam,
380 1475 407 1522 et
422 1482 519 1522 omnes
534 1468 607 1523 illius
622 1468 650 1523 in
671 1469 723 1524 hac
738 1484 769 1523 re
784 1466 902 1539 eompli-
957 1467 1074 1539 impetit)
1092 1474 1119 1521 ut
1134 1466 1219 1523 abbas
1234 1466 1407 1521 solummodo
1420 1466 1469 1537 jus
1485 1465 1648 1536 disponendi
1664 1466 1758 1521 omnia

98 1570 156 1619 ces,
172 1569 227 1608 non
242 1563 459 1625 praesumptuosa
472 1555 636 1621 audacitate,
655 1556 703 1612 sed
726 1556 813 1611 libera
840 1570 901 1609 ma·
956 1555 984 1611 in
995 1556 1220 1613 suomonasterio
1236 1555 1496 1622 babeat,constituit
1509 1546 1567 1622 ;'de
1581 1554 1758 1609 arclviabbate
1832 1586 1838 1603 .

99 1642 288 1714 gnanimitate,
304 1642 332 1697 in
348 1645 461 1699 extremi
481 1644 530 1712 jud
543 1644 580 1700 cii
608 1644 733 1701 examine
750 1654 812 1700 ante
824 1643 901 1714 judi·
957 1661 1025 1703 vero
1040 1646 1148 1716 penitus
1164 1646 1257 1711 tacuit,
1274 1646 1339 1713 quia
1366 1644 1503 1701 neminem
1526 1644 1606 1713 huius
1628 1645 1758 1713 superbe

98 1730 181 1793 cium.
193 1731 275 1785 nullis
290 1730 451 1802 ignorantiae
466 1732 587 1788 tenebris
603 1732 669 1798 talli,
687 1731 824 1805 aliquibus
839 1749 902 1787 nu-
916 1758 942 1820 B
957 1734 1085 1792 vanitatis
1104 1734 1288 1806 appetitorem
1304 1735 1331 1789 in
1346 1735 1449 1789 mundo
1465 1733 1549 1789 luisse
1565 1733 1607 1788 vel
1621 1732 1679 1787 lore
1694 1749 1758 1787 cre·

98 1819 212 1874 neribus
222 1820 358 1893 corrumpi
368 1819 502 1889 nescium,
516 1825 675 1877 constanter
685 1822 816 1877 invitavit.
829 1822 902 1892 l‘apa

99 1916 189 1963 autem
202 1916 278 1963 tanta
291 1909 368 1965 vocis
381 1909 474 1965 audita
487 1909 624 1976 libertate,
642 1927 699 1981 pria
713 1909 902 1985 indignatione

99 1996 191 2051 virum
204 1996 255 2053 Dei
270 2014 286 2051 a
302 2012 332 2053 se
347 1997 490 2054 discedere
502 1998 583 2068 jussit
601 2016 607 2052 ι
622 1997 722 2055 dehinc
734 1998 903 2056 consiliarios

99 2100 174 2151 snos,
191 2085 256 2157 quid
270 2100 353 2158 super
367 2086 420 2142 hac
434 2102 465 2142 re
479 2087 531 2142 sibi
546 2086 614 2144 foret
629 2088 766 2161 agendum
783 2087 903 2159 requisi-

99 2174 151 2228 vit.
182 2174 224 2228 llli
250 2182 343 2230 autern
357 2173 525 2231 unanimiter
539 2178 753 2246 responderunt,
771 2185 904 2248 quatenns

102 2276 165 2317 cum
180 2268 254 2318 tanta
268 2263 388 2319 hominis
402 2264 544 2319 sanctitate
559 2273 621 2318 ante
633 2264 754 2333 jndicem
783 2264 902 2321 omnium

99 2351 135 2405 de
151 2365 242 2407 causae
254 2352 335 2419 liujus
349 2352 539 2407 controversia
567 2352 723 2424 disceptare
746 2368 802 2407 non
831 2360 905 2409 esset

99 2452 239 2505 securum,
256 2455 308 2497 nec
322 2440 439 2509 alicujus
454 2439 664 2512 disceptationis
692 2448 787 2497 contra
815 2441 905 2512 ipsum

101 2544 132 2583 se
159 2527 307 2599 participes
322 2528 378 2584 ullo
394 2528 475 2584 modo
490 2528 550 2585 lore
565 2530 737 2597 concedunt;
754 2530 810 2585 imo
825 2544 904 2586 corn-

101 2616 192 2672 munis
218 2616 438 2674 consideratione
454 2617 555 2673 decreti
568 2618 669 2687 justum
686 2634 749 2674 esse
765 2625 904 2685 astruunt,

100 2714 131 2760 ut
149 2704 250 2760 suailli
266 2706 387 2777 dignitas
399 2706 567 2773 restituatur,
586 2708 662 2763 etde
676 2708 752 2763 illato
766 2706 861 2764 labore
878 2716 905 2763 et

101 2792 204 2863 iniuria
216 2793 250 2847 ab
263 2794 311 2850 illo
324 2794 406 2850 senia
420 2795 586 2866 postuletur.
605 2797 724 2852 loannes
740 2811 807 2851 vero
823 2804 905 2868 atque

955 1822 1036 1878 didit.
1056 1822 1142 1894 Cujus
1164 1822 1306 1879 calumniae
1335 1821 1481 1879 falsitatem
1512 1830 1538 1877 ut
1566 1820 1718 1885 ostendam,
1736 1820 1759 1874 ai

955 1912 1022 1967 mihi
1043 1912 1123 1967 detur
1147 1912 1223 1967 locens
1251 1910 1429 1976 defensionis
1447 1912 1584 1981 nostrique
1599 1909 1761 1965 monasterii

955 2008 1076 2055 astruam
1091 2000 1252 2064 libertatem,
1269 1999 1497 2055 excellentissime
1510 2000 1629 2067 l‘atrnm,
1644 1999 1758 2060 adveni;

957 2090 1141 2161 Romanaeque
1155 2088 1242 2145 curiae
1268 2095 1344 2143 tanto
1359 2087 1483 2143 securius
1498 2086 1673 2157 presentiam
1694 2084 1759 2151 adii,

957 2185 1060 2249 quanto
1072 2178 1181 2241 certius,
1198 2180 1249 2231 sub
1264 2184 1362 2232 nostrae
1376 2174 1607 2231 considerationis
1621 2174 1756 2243 examine,

957 2263 985 2319 in
1000 2263 1044 2319 illa
1059 2264 1250 2335 praejudicium
1264 2272 1291 2319 et
1304 2262 1465 2333 injustitiam
1492 2262 1567 2317 nullo
1583 2262 1664 2317 modo
1678 2277 1770 2332 posse,

957 2353 1118 2425 praev-alere,
1135 2353 1266 2427 cognovi.
1286 2352 1379 2408 Nostri
1409 2352 1493 2423 igitur
1517 2350 1571 2406 loci
1597 2358 1757 2415 conventus,

958 2442 1038 2511 cujus
1052 2440 1190 2515 legatione
1205 2440 1316 2513 fungor,
1333 2457 1455 2512 meaeque
1467 2438 1608 2511 parvitatis
1624 2438 1763 2495 humilitas

958 2538 1049 2601 rogat,
1066 2538 1094 2586 ut
1115 2538 1215 2586 vestrae
1237 2528 1386 2599 maiestatis
1412 2528 1573 2599 precellens
1598 2527 1761 2597 sublimitas,

959 2637 1021 2693 quae
1047 2620 1073 2673 in
1100 2618 1274 2675 eminentiori
1290 2625 1366 2689 parte
1380 2618 1467 2673 locata
1482 2625 1524 2671 est
1539 2616 1666 2686 eorporis
1682 2615 1762 2671 Chri·

960 2710 1005 2776 sti,
1020 2708 1094 2781 quod
1108 2716 1149 2764 est
1163 2706 1299 2773 Ecclesia,
1317 2722 1393 2761 more
1409 2705 1506 2777 capitis
1521 2705 1625 2761 ceteris
1646 2704 1761 2759 infcrio-

959 2796 1036 2852 ribus
1050 2797 1178 2853 nrenrbris
1193 2797 1316 2868 regimen
1331 2795 1469 2867 impendat
1487 2814 1494 2861 ;
1510 2794 1648 2865 totiusque
1663 2808 1761 2865 corpo·

102 2882 275 2948 benedictus,
292 2884 347 2939 duo
368 2884 518 2940 cardinales
539 2886 586 2957 qui
607 2893 758 2957 presentes
780 2885 904 2952 aderant,
959 2887 998 2941 ris
1012 2901 1186 2959 compagem,
1201 2884 1353 2941 secundum
1369 2882 1481 2957 regulas
1491 2883 1605 2953 justitiae
1620 2880 1759 2938 reddentis

103 2972 233 3028 virtutum
252 2971 325 3027 illius
339 2971 486 3044 magnilica
513 2974 659 3044 praeconia,
676 2990 738 3047 quae
750 2974 778 3028 in
791 2973 906 3046 Aquita·
960 2974 1109 3047 unicuique
1123 2974 1196 3047 qnod
1210 2990 1291 3029 suurn
1306 2982 1356 3039 est,
1383 2974 1410 3029 in
1429 2988 1497 3045 paee
1513 2979 1602 3027 tenent
1616 2989 1623 3035 ;
1639 2970 1763 3027 mambre

104 3060 151 3116 nia
164 3069 312 3128 noverant,
329 3060 457 3117 audiente
472 3062 625 3133 apostolico
639 3062 822 3134 propalabant
838 3078 845 3132 ;
862 3070 905 3118 ta·
961 3064 1074 3136 patienti
1089 3062 1246 3130 condoleat,
1262 3063 1405 3135 utriusque
1421 3076 1530 3117 cansam
1553 3060 1638 3133 partis
1662 3066 1764 3115 attente

103 3148 214 3221 lemque
228 3164 302 3205 nnuc
315 3148 393 3203 illum
409 3150 539 3206 Romanis
567 3151 765 3223 predicabant,
795 3152 907 3222 qualem
935 3152 1128 3218 *discutiens;
1142 3152 1298 3224 iustumque
1310 3151 1439 3220 judicium
1455 3149 1547 3213 faciat,
1565 3148 1666 3204 nullius
1682 3158 1760 3203 tran-

103 3237 133 3291 in
147 3236 312 3294 Pictaviensi
326 3237 453 3308 concilio,
469 3238 516 3293 ubi
540 3255 591 3311 pro
603 3237 708 3309 justitia
722 3248 830 3312 paratus
845 3240 907 3295 iue-
961 3242 1049 3298 sitorii
1077 3242 1214 3297 commodi
1242 3240 1421 3297 considerans
1449 3238 1661 3294 emolumentum
1677 3254 1685 3303 ;
1714 3238 1764 3292 sed

104 3332 149 3381 rat
162 3325 217 3398 pati
230 3326 402 3398 martyrium,
418 3325 527 3399 ipsimet
541 3328 673 3384 viderant.

140 3441 188 3495 58.
207 3440 383 3511 apostolicus
397 3448 499 3507 antem,
515 3448 591 3499 tanta
605 3444 655 3499 viri
668 3445 837 3515 perfectione
856 3462 907 3504 co-

105 3528 192 3601 gnita,
208 3528 328 3584 animum
343 3529 379 3583 ab
394 3528 585 3601 indignatione
594 3535 779 3604 compescuit;
795 3544 823 3590 et
837 3543 866 3590 ut
879 3536 907 3591 in

104 3616 253 3674 concilium
279 3626 428 3683 remearet,
456 3620 607 3676 mandavit.
624 3620 685 3689 Quo
711 3623 850 3694 ingresso,
880 3632 909 3679 ut

104 3720 156 3777 pro
181 3720 213 3761 se
232 3705 392 3778 loqueretur
406 3708 553 3767 concessit.
572 3716 598 3764 et
613 3718 643 3763 ut
657 3709 784 3766 licentius
803 3712 838 3767 ab
852 3726 909 3767 om-

106 3794 187 3849 nibus
206 3794 357 3862 audiretur,
388 3794 526 3851 silentium
552 3796 662 3855 indixit.
683 3799 730 3854 Vir
744 3808 833 3855 autem
850 3802 908 3857 Do·

105 3882 174 3938 mini
187 3882 226 3939 sic
240 3882 322 3954 caepit
338 3902 345 3938 :
363 3907 375 3931 α
396 3884 498 3941 Vestrae
513 3885 691 3941 sublimitatis
706 3888 907 3957 excellentiam,

105 3965 338 4023 reverendissime
351 3982 433 4039 papa,
448 3966 594 4040 deprecor,
609 3977 640 4025 ut
665 3988 710 4027 me
724 3987 814 4043 pauca
829 3990 909 4029 neca

105 4053 223 4111 veritate
237 4054 420 4126 discrepantia
434 4055 574 4113 dicturum
603 4059 743 4131 paulisper
766 4061 908 4119 sustineat.

105 4153 166 4207 lam
181 4152 216 4208 ab
231 4151 314 4209 annis
329 4154 548 4225 precedentibus
563 4156 616 4212 boc
629 4166 719 4214 vestra
746 4160 908 4230 paternitas,

106 4257 131 4304 et
147 4249 325 4322 quamplures
337 4252 384 4321 qui
399 4252 462 4310 huic
486 4268 565 4310 saera
593 4256 740 4311 conventui
765 4256 909 4323 intersunt,

105 4347 168 4403 ritae
196 4356 224 4404 et
250 4348 392 4420 sapientiae
405 4367 462 4407 suae
475 4351 576 4407 merito
590 4352 706 4409 multum
734 4356 911 4413 honorabiles

960 3337 1070 3389 oeter'nae
1085 3330 1271 3387 retributionis
1285 3328 1514 3387 interminabilem
1525 3328 1652 3383 fructum.

998 3449 1046 3501 59.
1073 3445 1121 3501 llis
1146 3445 1296 3502 luculenter
1317 3442 1444 3515 peractis,
1461 3440 1504 3498 vir
1526 3449 1635 3498 sanctus
1657 3439 1762 3505 tacuit;

961 3534 1130 3606 apostolicus
1153 3542 1242 3589 autem
1267 3548 1357 3589 cause
1379 3531 1596 3587 cluniacensium
1614 3528 1763 3585 monacho-

962 3638 1025 3677 rum
1048 3621 1243 3686 assertoribus,
1269 3626 1298 3675 ut
1327 3619 1460 3683 dicerent,
1476 3618 1633 3689 imperavit.
1654 3616 1708 3673 Sed
1724 3616 1762 3683 hi,

962 3710 1028 3782 qaia
1043 3708 1163 3767 veritatis
1178 3723 1232 3764 non
1246 3706 1372 3762 habentis
1385 3705 1506 3780 angulos
1519 3713 1691 3777 argumenta,
1709 3704 1765 3775 qui·

963 3797 1169 3871 bus(probent)
1193 3798 1222 3854 S.
1247 3794 1373 3866 Cypriani
1403 3794 1547 3850 ecclesiam
1575 3793 1632 3847 suis
1655 3792 1764 3860 legibus

964 3887 1067 3943 debera
1085 3901 1147 3943 esse
1167 3884 1312 3948 subditam,
1331 3882 1452 3938 invenire
1472 3888 1620 3954 nequeunt,
1637 3894 1685 3952 per
1702 3896 1764 3934 am-

964 3975 1051 4047 bages
1079 3973 1204 4045 pulliatas
1232 3971 1426 4026 ambitionibus
1446 3978 1471 4025 et
1487 3968 1690 4025 circuitionibus
1707 3968 1777 4044 ple·¹

965 4080 1023 4130 nas,
1040 4070 1194 4119 commenta
1208 4060 1333 4133 quaedam
1348 4056 1686 4131 bugereinci1.riunt.Quae
1701 4056 1765 4111 dnm

962 4160 1074 4233 justitiae
1089 4160 1190 4233 regulis
1204 4158 1312 4231 penitus
1327 4156 1474 4213 dissentire
1489 4165 1639 4212 conventus
1655 4157 1699 4229 qui
1713 4156 1764 4211 ad-

965 4268 1027 4315 erat
1039 4258 1183 4324 intellexit,
1200 4258 1231 4313 S.
1251 4254 1380 4329 Cypriani
1395 4254 1592 4309 monasterium
1604 4254 1718 4309 liberum
1730 4252 1765 4307 ab

964 4356 1021 4412 illis
1045 4372 1107 4411 esse
1134 4354 1285 4411 astruitur:
1305 4354 1413 4424 hocque
1440 4350 1569 4420 judicium
1599 4350 1766 4423 apostolicus

106 4445 159 4500 viri
172 4444 225 4501 hoc
238 4461 293 4501 uon
307 4448 443 4516 nesciunt,
456 4458 590 4521 quatenos
605 4452 633 4510 S.
645 4452 776 4525 Cypriani
791 4454 908 4511 ecclesia
922 4468 949 4529 1)
964 4454 1141 4519 confirmans,
1158 4460 1252 4508 sancto
1268 4451 1328 4506 viro
1342 4450 1447 4505 abbatis
1471 4448 1600 4515 officinm,
1627 4448 1700 4521 quod
1726 4448 1767 4503 in·

106 4558 169 4614 quae
186 4551 288 4599 nostrae
301 4544 445 4615 parvitatis
460 4547 588 4619 regimini
601 4550 747 4605 commissa
763 4559 814 4617 est,
832 4552 906 4607 mul·

105 4646 343 4697 tornmannorum
370 4642 515 4699 curriculis
543 4659 594 4700 sua
622 4655 700 4702 utens
727 4648 852 4704 libertate
878 4649 908 4704 in

107 4751 209 4810 magna
237 4738 370 4813 religione
396 4740 530 4809 refloruit,
555 4750 701 4817 antequam
730 4744 910 4802 cluniacense

105 4836 304 4891 monasterium
318 4854 384 4893 essa
397 4838 525 4909 coeperit.
543 4840 624 4897 Nunc
638 4857 704 4897 vero
718 4841 908 4900 cluniacensis

106 4931 206 4999 abbas,
228 4932 304 5001 juxta
330 4934 408 4991 lsaiae
436 4936 606 5003 vaticinium,
622 4938 657 4993 ad
682 4955 794 4995 uxorem
817 4957 909 4997 meam

106 5031 214 5087 hinnire
224 5047 279 5088 non
294 5032 397 5089 desinit
411 5036 479 5107 (39).
499 5037 606 5093 etmihi
620 5038 803 5113 qualicunque
818 5041 910 5097 abbati

107 5142 200 5210 ,amen
228 5127 312 5183 veluti
339 5130 505 5188 archiabbas
534 5136 650 5205 superba
666 5137 809 5209 tyrannide
824 5139 909 5194 domi·

105 5227 167 5282 nari
183 5227 286 5299 appetit
300 5243 308 5299 ;
325 5236 353 5285 et
368 5230 441 5301 quod
454 5240 548 5288 nostra
562 5233 678 5291 ecclesia
694 5245 722 5292 ut
737 5236 834 5293 ancilla
856 5239 909 5294 sibi

106 5323 260 5392 famuletur,
287 5342 338 5383 sua
360 5337 459 5404 regnet
472 5338 500 5387 et
513 5332 644 5405 imperet,
662 5332 770 5391 edicere
785 5337 884 5409 satagit
900 5355 907 5400 ;

143 5522 198 5589 (38)
214 5522 278 5578 llaec
292 5524 399 5588 eadem,
416 5532 443 5580 et
457 5525 561 5583 eisdem
581 5544 651 5598 pene
670 5528 764 5585 verbis
779 5530 843 5588 hinc
857 5530 909 5587 de·

4 5605 6 5630 t
107 5592 233 5659 sumptis,
249 5592 331 5650 habet
346 5596 497 5653 Ordericus
513 5600 618 5665 vitatis,
634 5600 685 5655 lib.
706 5616 765 5656 rrrr.

143 5662 188 5730 (39
221 5664 280 5719 lmo
296 5666 433 5735 ieremiae,
449 5669 527 5739 cujus
542 5670 601 5727 haec
618 5673 704 5728 verba
719 5680 783 5728 sunt
796 5688 861 5743 cap.
880 5689 909 5741 v,

107 5731 173 5786 dom
203 5733 344 5793 udreorum
359 5738 500 5795 libidinem
528 5749 555 5796 et
578 5742 816 5815 intemperantiam
844 5761 907 5818 par·

963 4552 1114 4610 terdixerat
1129 4550 1259 4615 reddidit,
1274 4556 1355 4621 atque
1378 4547 1471 4602 multis
1497 4546 1625 4616 precibus
1653 4547 1705 4601 hoc
1732 4546 1766 4603 ab

962 4652 1009 4709 illo
1023 4651 1146 4709 obtinere
1162 4649 1255 4715 voluit,
1272 4656 1301 4703 ut
1326 4648 1474 4705 cardinalis
1501 4645 1646 4702 sacerdotii
1675 4644 1767 4717 digni·

963 4758 1046 4806 tatem
1063 4748 1222 4819 susciperet,
1239 4753 1266 4801 et
1280 4740 1382 4802 Romae*
1398 4760 1491 4800 secum
1513 4740 1764 4798 ecclesiasticarum

963 4862 1110 4905 causarum
1125 4844 1234 4919 negotia
1250 4851 1416 4900 tractaturus
1438 4847 1602 4897 remaneret.
1622 4834 1680 4893 Sed
1695 4838 1763 4893 lier-

963 4945 1070 5002 nardus
1084 4944 1113 5000 in
1126 4952 1232 5000 secreto
1247 4941 1331 4999 eremi
1346 4940 1457 4995 assidua
1472 4936 1701 5007 contemplatione
1715 4952 1765 4991 cu·

964 5043 1043 5116 piens
1059 5040 1165 5107 satiari,
1194 5038 1335 5095 exterioris
1350 5034 1540 5092 sollicitudinis
1554 5032 1766 5106 implicationem

965 5140 1106 5212 suscipere
1124 5138 1220 5203 timuit,
1237 5144 1318 5208 atque
1332 5132 1440 5207 roganti
1464 5131 1577 5187 minime
1610 5128 1764 5202 acquievit:
1850 5126 1855 5142 “

964 5240 1031 5303 imo,
1048 5244 1076 5292 at
1098 5234 1291 5291 monasterium
1306 5230 1380 5302 quod
1396 5230 1512 5304 regebat
1526 5229 1665 5291 deserere,
1687 5228 1766 5283 etad

965 5334 1137 5392 solitudinem
1154 5330 1246 5387 redire
1261 5329 1356 5385 liceret
1371 5328 1447 5399 petiit
1463 5343 1469 5383 :
1488 5324 1559 5399 quod
1580 5324 1671 5379 multis
1699 5340 1766 5396 sup-

964 5526 1097 5600 stringit:
1115 5547 1127 5572 ι
1145 5520 1217 5604 Equi
1230 5526 1376 5578 amatores.
1394 5519 1489 5591 inquit,
1507 5525 1533 5599 et
1553 5514 1688 5599 emissarii
1703 5514 1765 5597 lacti

964 5608 1050 5726 33¹1,
1062 5598 1256 5666 Unusquisque
1270 5592 1304 5646 ad
1320 5606 1433 5647 uxorem
1448 5604 1564 5662 prcxtmr
1592 5604 1632 5642 sur
1661 5586 1767 5645 hmnrc-
