3942 6067
197 198 250 253 735
333 192 338 197 ’

528 143 678 253 nouonu
694 164 951 249 nucusrouun.
975 179 1055 238 ora.
1078 182 1167 240 raas
1186 186 1238 241 111.
1262 218 1296 229 -
1316 188 1519 247 arrunorct.
1629 197 1633 204 ·

1797 191 1859 245 ‘136

199 317 360 376 Passionem
381 318 489 377 Domini
504 318 538 375 de
553 316 654 373 sanctis
664 315 782 389 agimus,
797 313 892 371 Gloria
912 304 997 365 Patri
1010 302 1039 363 Α
1054 304 1353 382 Pascbalem·qu0tidie
1366 328 1454 385 usque
1472 310 1713 368 inAscensionetn
1739 314 1859 370 Domini

198 424 254 464 non
269 408 430 465 omittimus.
462 407 542 465 Faria
565 404 682 463 secunda
706 411 733 459 et
749 401 828 457 tertia
856 398 999 455 Lectiones
1052 392 1182 451 dicimus.
1206 398 1236 452 ln
1266 400 1363 474 vigilia
1390 398 1568 457 Ascensionis
1597 400 1706 456 Domini
1727 410 1858 459 mutetur

199 497 261 554 duae
275 497 462 564 continuatim,
484 504 514 551 ut
527 496 554 551 in
568 493 713 550 Nativitate
728 490 836 547 Domini
846 488 880 543 ad
900 487 999 542 missas

200 584 350 655 legentum
366 584 491 641 similiter
513 584 542 639 in
564 582 683 638 Sabbata
700 586 762 652 post
786 577 904 633 medinm
924 574 999 644 Qua-

202 672 389 747 dragesimam
403 674 505 747 agitur.
528 670 715 743 Feriaquarta
738 674 801 739 poet
816 666 921 721 Palmas
938 662 1001 719 duaa

201 763 344 819 Lectiones
358 762 494 836 leguntur,
505 768 532 819 et
546 762 581 819 ad
591 760 1001 832 utramqueFleclamutqenno

201 850 311 908 dicitur.

458 948 498 1004 De
514 948 597 1004 Coena
611 946 738 1003 Domini.

236 1064 267 1119 ln
282 1077 363 1119 crena
376 1062 495 1128 Domini,
506 1070 533 1117 et
547 1061 573 1117 in
589 1075 746 1133 parasceve,
758 1066 785 1115 et
798 1057 919 1115 Sabbeto
936 1069 1001 1111 san·

201 1160 246 1210 cto
259 1161 321 1223 post
331 1153 508 1215 Benedictus,
517 1151 598 1223 llyrie
612 1150 728 1215 eleison,
739 1156 765 1204 et
780 1160 888 1218 preces,
902 1153 1001 1200 elara-

201 1240 241 1296 lio
256 1240 408 1295 secundum
436 1239 561 1295 ordinem
590 1238 641 1293 sub
655 1237 763 1293 silentio
777 1242 819 1290 est
844 1233 1000 1289 dicendum.

203 1330 233 1385 la
248 1344 328 1387 coena
339 1327 447 1383 Domini
462 1328 556 1384 Gloria
566 1326 664 1391 Patri,
679 1330 708 1383 cl
724 1326 817 1383 Gloria
833 1325 866 1379 in
879 1322 1002 1379 exacuis

203 1417 344 1483 reticetur,
373 1415 426 1469 nisi
447 1414 494 1471 ubi
521 1415 642 1471 chrisma
661 1413 815 1481 coniicitur,
846 1410 1003 1467 Dalmaticae

203 1512 296 1560 tamen
309 1510 460 1576 portantur,
477 1503 505 1557 in
526 1518 579 1575 qua
593 1502 640 1557 die
655 1502 705 1557 sub
728 1502 901 1558 anathemata
915 1499 997 1553 inter·-

202 1592 313 1659 dicilnr,
339 1607 374 1647 ne
396 1605 414 1647 a
442 1606 580 1663 quoquam
603 1588 848 1664 Quadragesimale
866 1588 1000 1659 jejumum

204 1680 336 1739 solvatur.

430 1832 434 1842 .
488 1783 527 1838 Dc
547 1781 716 1835 Parascene.

241 1876 273 1929 1n
286 1890 437 1946 parasceve
451 1892 506 1933 non
521 1877 556 1933 ab
570 1876 705 1941 cretione,
721 1874 771 1931 sed
784 1889 801 1929 a
814 1871 941 1929 Lectione
962 1878 1004 1928 est

206 1962 406 2036 incipiendum.
427 1966 469 2021 Ad
479 1965 635 2037 passionem
646 1964 781 2021 Domintu
795 1963 935 2021 vobiscum
949 1974 1004 2015 noo

204 2047 312 2115 dicitur,
334 2056 361 2105 et
376 2050 445 2105 tituli
470 2050 505 2105 ad
529 2049 685 2105 Lectionem
700 2063 756 2103 non
776 2046 999 2117 pronuntiantur.

205 2138 246 2193 Ad
258 2136 382 2211 singulas
397 2136 543 2195 Orationes
570 2137 622 2193 nisi
637 2135 813 2209 proluissa,
840 2134 1005 2191 Plectamus

204 2241 301 2297 penae
311 2226 413 2283 dicitur
425 2236 451 2283 et
462 2244 524 2283 mox
537 2228 637 2283 levale
651 2225 839 2297 subsequitur.

456 2324 502 2382 De
512 2325 631 2382 Sabbata
643 2326 754 2380 sancto.

240 2440 271 2495 ln
286 2438 403 2496 Sabbata
425 2448 520 2498 sancto
540 2456 637 2498 careus
664 2453 783 2511 magnus
797 2436 942 2493 adiaceno
964 2441 1007 2491 est

206 2527 421 2597 benedicendus,
451 2538 478 2585 et
505 2537 569 2586 ante
598 2527 817 2584 benedictionem
838 2534 880 2581 est
901 2523 1006 2579 illumi-

206 2617 323 2683 nandus,
336 2626 363 2673 et
378 2618 405 2673 in
419 2626 497 2675 nocte
515 2619 625 2674 Pascbae
636 2617 737 2688 populo
753 2614 956 2670 distribuendus
970 2612 1006 2667 ad

205 2702 436 2779 suffumigandum
451 2708 534 2762 rebus
551 2722 658 2762 eorum.

348 2802 389 2857 De
405 2804 581 2859 Lectionibus
595 2807 663 2859 ante
678 2802 866 2874 baptismum.

241 2900 313 2953 Ante
328 2897 494 2967 baptismum
519 2898 662 2955 duodecim
688 2899 829 2955 Lectiones
854 2895 1006 2953 secundnm

1053 479 1174 539 otticium
1201 487 1364 545 admissam
1391 491 1486 547 l'ccern
1506 488 1712 561 jucunditatis.
1725 491 1857 548 Nonsde

1053 569 1143 627 tuturo
1157 571 1228 631 leste
1242 577 1358 633 canitur.

1269 702 1306 759 Dc
1323 702 1423 776 Vipilia
1437 704 1628 761 Pentecosten.

1090 824 1121 877 lo
1148 822 1240 896 vigilia
1256 809 1442 885 ¹Pentecostes
1466 836 1583 901 quatum
1608 827 1751 885 Lectiones
1785 834 1856 885 ante

1056 910 1221 982 baptismum
1236 914 1340 987 absque
1359 917 1441 973 titulis
1456 917 1593 989 leguntur,
1615 917 1776 973 admissam
1798 919 1855 974 ae-

1055 1000 1232 1068 ncdieamus,
1249 1019 1302 1058 non
1312 1006 1446 1061 ltemissc
1457 1014 1499 1061 est
1508 1006 1616 1062 dicitnr.
1629 1004 1659 1059 ln
1674 1007 1856 1061 Pentecosten

1057 1090 1177 1161 quotidie
1205 1090 1293 1151 Credo
1309 1098 1343 1150 in
1365 1111 1457 1150 unum
1479 1093 1594 1151 canitur.
1610 1094 1641 1149 ln
1658 1094 1711 1150 bac
1736 1094 1856 1165 septima

1055 1184 1178 1241 aestivale
1185 1185 1317 1254 jejunium
1333 1181 1454 1252 Qustuor
1467 1183 1635 1253 Temporum
1648 1182 1812 1251 celebratur,
1826 1190 1859 1239 et

1056 1270 1193 1329 Allelulia
1203 1288 1252 1344 pro
1268 1272 1397 1328 Graduali
1408 1278 1542 1339 cantatur,
1553 1279 1580 1328 el
1594 1272 1742 1340 {lactamus
1757 1287 1856 1343 pertua

1056 1376 1112 1415 non
1126 1361 1235 1417 dicitur.
1253 1362 1295 1416 Ad
1306 1362 1418 1415 missam
1426 1360 1461 1415 de
1471 1359 1577 1431 jejunio
1586 1360 1721 1416 Glorieiu
1730 1361 1855 1417 excelsis

1057 1465 1110 1503 uon
1125 1457 1261 1517 cantatur,
1287 1451 1351 1523 quia
1372 1449 1455 1503 missa
1480 1456 1542 1520 post
1557 1457 1663 1503 sextam
1686 1448 1856 1515 celebratur,

945 1586 950 1598 .
1058 1538 1105 1591 sed
1121 1538 1214 1595 Gloria
1226 1541 1255 1595 in
1272 1539 1394 1595 excelsis
1409 1553 1546 1609 utinquam
1562 1536 1618 1592 nisi
1641 1536 1676 1591 ad
1691 1536 1793 1593 tertiam
1809 1553 1858 1593 se-

1015 1628 1175 1716 Bcundum
1190 1627 1315 1684 ordinem
1330 1635 1463 1692 motatur,
1480 1634 1592 1696 excepto
1607 1626 1635 1680 in
1645 1640 1723 1681 coena
1733 1624 1856 1693 Domini,

1058 1723 1084 1771 et
1098 1715 1125 1769 in
1136 1715 1256 1771 Sabbata
1267 1724 1372 1782 sancto,
1384 1724 1411 1771 et
1426 1716 1452 1769 in
1468 1714 1568 1787 Vigilia
1579 1713 1858 1771 PentecostesDnde

1059 1803 1169 1875 quidam
1185 1803 1360 1859 dirasmissas
1375 1812 1483 1859 cautant
1494 1818 1576 1858 unam
1594 1802 1629 1858 de
1644 1801 1724 1867 sesto,
1739 1802 1858 1858 alteram

1059 1888 1093 1943 de
1104 1888 1219 1959 jejunio.
1237 1888 1313 1943 illam
1327 1887 1362 1943 de
1377 1886 1446 1942 iesto
1460 1902 1521 1943 cum
1538 1886 1811 1950 Gloricinencelsis,
1828 1893 1859 1941 et

1059 1975 1146 2033 Credo
1167 1980 1198 2033 ln
1212 1976 1435 2041 anum,alteram
1462 1975 1637 2031 indirectum,
1654 1977 1692 2031 lta
1721 1973 1860 2031 soletfieri

1057 2064 1086 2120 in
1098 2067 1167 2121 lecto
1182 2066 1269 2121 sancti
1284 2065 1396 2120 Thomae
1407 2065 1435 2119 in
1449 2062 1559 2119 hiemali
1575 2064 1692 2133 jeJunio,
1702 2071 1730 2119 et
1743 2062 1771 2119 in
1786 2062 1859 2119 lecto

1058 2153 1145 2210 sancti
1179 2154 1297 2210 balthei
1324 2154 1352 2209 in
1380 2152 1551 2219 autumnali,
1577 2159 1606 2207 et
1631 2152 1858 2208 denuntiationis

1059 2251 1161 2298 sanctae
1175 2242 1277 2309 Mariae,
1291 2242 1320 2297 in
1332 2240 1552 2314 Quadrageeima
1568 2240 1708 2308 videlicet,
1732 2248 1762 2297 ut
1778 2240 1859 2313 prior

1059 2326 1143 2383 missa
1157 2326 1237 2398 leslo,
1255 2327 1376 2383 secunda
1387 2324 1653 2395 satisfaciatjejunio.

1278 2449 1315 2504 De
1333 2450 1434 2504 cctam
1447 2447 1636 2504 Pentecosten.

1094 2572 1126 2627 ln
1141 2580 1236 2628 octaua
1251 2574 1426 2628 Pentecosten
1446 2586 1545 2627 norem
1560 2570 1704 2627 Lectiones
1716 2568 1858 2643 leguntur,

1058 2668 1087 2718 et
1099 2662 1211 2716 totidem
1221 2660 1396 2733 responsoria
1410 2660 1446 2715 de
1461 2661 1571 2733 Spiritu
1584 2663 1685 2715 sancto
1707 2666 1855 2714 mnnntnr.

1059 2746 1091 2800 In
1104 2746 1223 2802 crastino
1237 2745 1284 2801 die
1297 2745 1384 2801 libros
1395 2745 1501 2815 Regum
1519 2744 1555 2799 ad
1569 2752 1729 2801 nocturnum
1741 2742 1861 2813 legimus

1059 2841 1087 2889 et
1098 2833 1235 2901 canimus,
1251 2843 1278 2889 et
1298 2833 1334 2889 ad
1349 2833 1463 2887 missam
1472 2830 1603 2899 cilicium,
1615 2833 1742 2897 Domine,
1759 2833 1792 2887 in
1805 2834 1860 2886 lua

1059 2923 1174 2994 quadiu
1188 2923 1313 2995 sequenti
1340 2921 1494 2984 Dominica,
1510 2922 1534 2976 si
1548 2936 1664 2977 necesse
1686 2926 1740 2988 est,
1754 2918 1861 2991 repeti·

206 2986 330 3041 ordinem
362 2986 503 3057 leguntur,
533 2988 582 3043 sed
607 2987 676 3041 tituli
703 3000 757 3041 non
780 2985 1003 3057 pronuntiantur,
1019 3007 1132 3071 emus·
1152 3009 1312 3079 Quidnmin
1328 3010 1564 3065 hachebdomd,
1580 3007 1862 3065 officiumdemm

206 3081 269 3145 post
283 3074 447 3147 baptismam
460 3084 626 3147 praesentant
642 3074 796 3146 presbyteri
809 3074 912 3129 missen
928 3072 1004 3129 celc-

206 3161 286 3219 btare
302 3164 347 3235 qui
362 3164 465 3230 volunt,
488 3164 522 3219 ad
537 3163 661 3228 missam,
678 3161 862 3229 offertorium,
875 3171 900 3217 et
915 3160 1000 3217 Com-

208 3251 311 3317 munio,
327 3260 354 3307 et
368 3254 463 3323 Aenus
473 3253 524 3309 Dei
535 3268 591 3307 non
601 3260 750 3320 cantantur,
768 3259 795 3307 et
809 3249 849 3307 lte
864 3252 1005 3307 muscast

209 3355 264 3397 aon
279 3340 386 3396 dicitur.

431 3441 471 3515 De
484 3446 583 3499 sancto
598 3442 642 3499 die
653 3441 778 3498 Pascltoe.

242 3553 273 3609 ln
295 3555 400 3611 Pascha
415 3572 503 3629 agnus
518 3572 573 3612 non
597 3556 738 3624 adnitere,
754 3555 804 3611 sed
819 3555 855 3611 ad
879 3570 1002 3612 mensam

207 3648 386 3718 benedicitur,
404 3660 431 3707 et
456 3654 541 3711 Credo
557 3656 590 3709 in
604 3670 695 3710 unum
715 3654 837 3726 quotidie
858 3668 946 3725 nsque
974 3653 1002 3708 in

205 3748 330 3797 octavam
341 3740 457 3797 canitur.
474 3742 575 3797 Versus
586 3741 734 3812 Greduale,
763 3743 940 3809 benedictus,
952 3743 1003 3815 qni

203 3830 282 3887 uenit
301 3828 329 3883 in
353 3828 421 3884 laria
435 3830 538 3901 quiam,
565 3838 591 3885 et
605 3830 749 3903 Lapidem,
760 3846 842 3904 auem
870 3830 1001 3903 reproba·

202 3921 308 3975 uerunt
322 3925 435 3989 propter
451 3919 608 3975 Passionem
623 3919 733 3985 Christi,
744 3923 771 3973 in
787 3918 856 3975 ieris
869 3928 944 3975 sexta
959 3925 1002 3975 est

202 4010 354 4061 cantandus
373 4006 419 4060 :in
436 4006 555 4062 Sabbata
577 4006 782 4063 inlraoctavam
806 4007 918 4062 Paschae
931 4006 1001 4063 anti-

201 4094 301 4164 phone,
320 4094 388 4151 Cum
400 4098 471 4151 esset
484 4111 556 4161 sero,
573 4094 617 4150 die
631 4094 678 4149 illo
693 4094 728 4150 ed
743 4110 887 4165 vesperam
902 4102 1000 4151 cenu-

202 4187 258 4249 tnr,
272 4182 335 4253 quia
354 4182 427 4237 idum
441 4182 692 4255 Evangeliumoiim
704 4198 790 4254 usque
801 4184 1000 4241 Thomaaunus

203 4268 301 4324 eodem
327 4268 448 4325 Sabbeto
476 4270 626 4341 legebatur.
659 4272 701 4326 Ad
730 4286 858 4342 resperas
886 4271 998 4328 feriales

1057 3100 1187 3155 Trinitate
1201 3108 1311 3167 carrum,
1334 3098 1407 3171 qnod
1420 3097 1535 3155 Romani
1550 3114 1604 3155 non
1622 3097 1765 3169 recipiunt.
1779 3096 1861 3152 Albi-

1058 3205 1109 3243 nus
1120 3204 1237 3260 namque
1251 3190 1386 3261 magister
1401 3187 1492 3244 Caroli
1503 3194 1603 3259 rogatu
1620 3184 1754 3243 Dcniiacii
1764 3184 1861 3240 archi·

1059 3277 1182 3349 episcopi
1209 3277 1326 3333 institnit
1353 3277 1466 3333 missam
1481 3276 1514 3331 de
1536 3278 1638 3333 sancta
1662 3276 1803 3332 Trinilate
1829 3272 1861 3327 in

1057 3365 1199 3421 Dominica
1219 3366 1273 3431 die,
1291 3365 1372 3421 Paria
1401 3364 1524 3421 secunda
1536 3364 1570 3420 de
1593 3363 1749 3436 sapientia,
1777 3360 1862 3417 Faria

1056 3454 1138 3509 tertia
1151 3454 1185 3510 dc
1199 3453 1310 3526 Spiritu
1322 3457 1432 3522 canelo,
1449 3452 1529 3509 Paria
1542 3460 1640 3524 quarta
1653 3450 1687 3507 de
1704 3449 1859 3515 abarim,

1056 3543 1137 3599 Paria
1148 3543 1243 3613 quinta
1258 3543 1421 3613 deaaaetu,
1432 3541 1513 3597 Paria
1527 3548 1604 3597 sexu
1614 3538 1649 3596 de
1661 3537 1860 3597 concludentes

1056 3631 1176 3689 Sabbata
1189 3631 1223 3687 da
1231 3636 1338 3689 sancta
1357 3633 1457 3689 Aeria.

1263 3757 1302 3812 De
1319 3757 1445 3826 Quatucr
1463 3755 1653 3829 Temporibus.
1720 3798 1724 3803 .

1091 3880 1121 3935 ln
1137 3879 1220 3936 tertie
1245 3878 1418 3935 hebdomada
1444 3877 1624 3949 Septembris,
1649 3884 1678 3934 et
1702 3876 1731 3933 in
1759 3884 1861 3950 quarta

1055 3969 1218 4025 Decembris
1246 3967 1296 4023 erit
1309 3966 1460 4023 celebratio
1482 3966 1605 4031 Quatuor
1628 3967 1803 4036 Temporum,
1830 3976 1860 4021 et

1055 4053 1089 4108 ad
1105 4067 1201 4108 omnes
1228 4052 1368 4107 orationes
1392 4052 1420 4106 in
1437 4052 1557 4107 Sabbata
1576 4052 1738 4108 flectamus
1762 4066 1861 4124 penca

1055 4140 1165 4207 dicitur,
1181 4140 1233 4195 nisi
1249 4140 1295 4195 ubi
1309 4139 1392 4196 lectio
1401 4140 1524 4197 Danielis
1538 4139 1648 4211 legitur.
1665 4138 1746 4193 Paria
1760 4147 1861 4211 quarta

1054 4230 1089 4286 ad
1098 4229 1217 4301 priorem
1231 4228 1383 4284 orationem
1397 4231 1502 4284 tantum
1518 4229 1678 4284 flectamus
1692 4226 1857 4298 penuasine

202 4355 301 4425 psalmi
321 4356 450 4413 dicuntur
464 4372 526 4413 cum
555 4359 690 4425 Alleluia,
707 4367 734 4414 et
748 4372 829 4415 nocte
859 4359 1002 4417 Dominica
1015 4350 1043 4410 D
1058 4318 1220 4419 &imme
1236 4336 1244 4384 ³
1260 4316 1296 4373 ad
1310 4314 1861 4415 mundum⁸⁸lumii⁰⁸i⁰⁰⁸⁰⁰uss⁰ii⁰⁰⁹

204 4450 351 4511 nocturne,
367 4453 394 4501 et
408 4461 508 4502 novem
524 4447 676 4516 Lectiones,
693 4456 720 4503 et
735 4448 775 4503 sic
786 4448 1005 4519 singulisdiebus

203 4540 407 4589 noctumacum
422 4536 552 4591 Alleluia
569 4535 622 4590 nisi
634 4534 734 4591 festum
748 4544 877 4593 occurrat
904 4552 1006 4594 norem

204 4620 374 4689 Lectionum,
386 4623 503 4679 dicimus
519 4631 545 4679 et
570 4623 604 4679 ad
615 4623 711 4679 laudes
726 4625 849 4696 quotidie
865 4624 1006 4682 Dominus

203 4712 334 4781 repnccit
349 4711 492 4767 recitamus
504 4729 511 4766 :
525 4710 602 4780 Quod
616 4728 632 4767 a
646 4713 771 4783 pluribus
791 4714 825 4769 ab
841 4713 903 4771 binc
917 4729 1006 4786 usqne

203 4806 266 4870 post
291 4799 469 4855 Pentecosten
495 4806 550 4855 tres
583 4800 681 4873 psalmi
704 4801 867 4873 psalluntur,
896 4810 922 4857 et
949 4810 1007 4857 tres

203 4885 340 4943 lectiones
354 4886 492 4959 leguntur,
508 4890 751 4960 alleguntiacensi
768 4889 885 4946 concilio
899 4888 1007 4944 institu-

205 4984 262 5032 tum
277 4976 399 5043 traditor,
416 4977 493 5032 seda
510 4978 631 5033 Domana
647 4978 773 5035 Ecclesia
789 4994 843 5035 non
859 4978 1001 5049 recipitur.

211 5066 351 5137 Quomodo
361 5067 439 5122 inter
457 5067 567 5123 Paccio
582 5070 610 5122 el
632 5069 819 5124 Pentecosten
836 5068 1008 5123 sileantan·

563 5162 640 5219 dum.

1059 4408 1170 4465 drcrtar.

1059 4534 1128 4590 cte.
1143 4530 1266 4588 extat.
1276 4561 1312 4572 —
1322 4532 1507 4601 Quomodosit
1517 4530 1857 4603 Dpendmnperaanum.

1095 4660 1129 4714 lli
1139 4658 1201 4714 libri
1220 4665 1283 4712 sunt
1296 4654 1451 4726 authentici,
1461 4656 1526 4711 albi
1550 4662 1612 4711 sunt
1626 4654 1655 4709 in
1668 4652 1770 4708 divinis
1796 4650 1857 4708 offi-

1060 4749 1110 4805 ciis
1123 4746 1244 4818 legendi.
1266 4748 1294 4800 ln
1309 4745 1520 4818 septuagesima
1540 4758 1627 4815 usque
1652 4742 1680 4797 in
1695 4740 1856 4813 passionem

1060 4837 1169 4909 legatur
1185 4835 1391 4900 Pentateucbus,
1406 4850 1486 4905 qoem
1501 4831 1611 4903 scripsit
1628 4830 1745 4903 Moyses,
1753 4839 1780 4885 et
1789 4828 1862 4885 liber

1059 4927 1152 4993 losue,
1168 4939 1248 4997 quem
1274 4923 1391 4994 ipsemet
1413 4921 1532 4993 scripsit,
1548 4928 1575 4976 et
1590 4918 1803 4981 liberludicnm,
1834 4924 1862 4973 et

1060 5014 1141 5081 Ruth,
1156 5029 1226 5085 quos
1246 5010 1370 5080 Gedeon,
1387 5020 1413 5067 et
1428 5009 1538 5066 Samuel
1548 5006 1694 5079 scripsisse
1716 5007 1857 5063 dicantur.

1061 5096 1204 5153 Dominica
1229 5094 1366 5151 Passionis
1380 5092 1488 5151 Domini
1511 5092 1640 5163 usquein
1662 5090 1776 5147 canam
1799 5089 1862 5158 ejus

1059 5186 1167 5259 legatur
1188 5183 1322 5240 ieremias
1355 5183 1499 5254 propbeta,
1539 5196 1620 5253 quem
1647 5178 1707 5250 ipse
1739 5175 1859 5249 scripsit.

238 5280 484 5350 APascbausque
513 5280 701 5335 Pentecosten.
729 5280 759 5333 ln
774 5278 844 5335 festo
858 5280 937 5335 trium
962 5296 1007 5337 re.
1060 5274 1160 5329 Tribus
1175 5272 1273 5327 diebus
1295 5273 1357 5326 aule
1373 5272 1476 5326 Pascha
1490 5270 1618 5341 legantur
1638 5266 1861 5323 Lamentationes

204 5363 411 5435 sponsoriorum
427 5378 510 5417 unum
526 5370 632 5417 tentum
644 5363 768 5419 Alleluia
782 5364 814 5417 ad
826 5363 1008 5420 missaurcan·
1060 5363 1192 5432 ejusdem.
1209 5360 1251 5417 Ab
1267 5375 1319 5414 vrn
1343 5359 1458 5415 Pascbre
1473 5375 1522 5429 per
1531 5366 1588 5413 tres
1602 5355 1789 5412 hebdomades
1813 5353 1860 5409 ls-

204 5459 304 5507 tamus.
321 5451 351 5505 ln
367 5451 437 5506 testo
458 5466 524 5507 vero
539 5466 637 5506 novem
654 5450 823 5515 Lectionum,
836 5452 901 5521 duo,
921 5468 1006 5507 unum
1060 5460 1142 5523 gatar
1155 5448 1348 5521 Apocalypsis,
1363 5464 1446 5519 quam
1462 5446 1570 5517 scripsit
1579 5442 1858 5515 loanucsapostolus.

205 5538 241 5594 de
256 5539 457 5595 resurrectione
477 5537 609 5606 canimus,
626 5546 656 5594 et
671 5554 725 5593 non
740 5540 1007 5610 primum,autalind
1061 5536 1166 5592 Deinde
1186 5550 1238 5606 per
1265 5533 1335 5588 duas
1372 5535 1539 5603 septimanas
1566 5528 1692 5601 legantur
1718 5525 1860 5582 canonicae

202 5625 238 5681 de
266 5624 348 5691 testo,
378 5626 427 5681 sed
459 5628 610 5683 secundum
630 5628 790 5699 repetimus.
817 5628 1007 5688 Praelationem
1061 5623 1198 5697 Epistulae,
1211 5638 1279 5695 quas
1304 5620 1473 5692 scripserunt
1488 5618 1618 5686 lacobus,
1639 5618 1745 5684 Petrus,
1769 5614 1859 5671 '⁰²¹¹‘
