3942 6067
89 292 143 353 aar
375 244 579 343 ¹sr'ac‘ouou
596 274 784 337 caucasea.
804 227 1030 319 ..nectimus
1046 235 1206 324 munera
1222 231 1454 339 qouoauons
1696 264 1731 320 ns
1817 285 1822 297 .

91 424 122 481 in
135 422 229 495 iugum
243 417 368 482 vertitur,
379 415 428 471 sed
442 413 645 471 dominus'cum
661 422 742 467 servo
756 410 784 461 et
797 415 890 460 came-
904 384 934 450 A
947 385 990 445 vel
1014 389 1076 462 quis
1099 390 1160 449 inis
1190 400 1349 466 expectaret
1374 392 1541 468 ignorarem,
1570 391 1662 449 subito
1687 399 1750 463 post

91 513 129 570 lis
143 510 276 586 sequitur.
291 508 332 563 liii
347 506 384 561 ob
411 504 537 559 timorem
564 500 724 573 speluncam
753 488 892 567 petebant,
948 494 993 535 me
1007 478 1174 538 miserabilis
1188 484 1292 540 clamor·
1307 483 1439 552 exoritur,
1464 482 1511 538 ubi
1535 481 1615 538 turba
1642 480 1752 536 animc-

94 603 159 676 quia
172 597 284 656 interius
297 596 387 653 leae'na
396 592 502 652 catulos
515 591 633 648 invehat.
645 586 778 644 Dominus
788 582 898 637 insecu-
948 586 1010 627 rum
1022 571 1137 629 ammaus
1147 588 1165 629 a
1177 572 1366 644 daemonibos3
1382 572 1484 629 eninm
1494 570 1607 628 scilicet
1624 570 1752 627 debiliter

91 700 138 749 tus
153 705 265 749 servom
281 703 331 743 eos
345 686 381 741 de
397 683 533 756 spelunca
556 678 722 737 occidendos
753 671 897 730 extrahere
951 660 1095 730 eiulantes
1111 663 1251 719 daemones
1266 663 1412 747 crudeliter
1425 661 1600 726 institutes.
1615 665 1644 716 θῑ
1659 676 1708 716 ets
1722 659 1751 715 in

90 782 182 853 jobet.
199 770 268 851 lpse
281 765 351 833 iori's'
372 768 493 832 camelos
520 762 664 842 evaginato
687 754 790 841 gla'dlo',
806 761 893 817 tenet.
951 748 1017 806 illud
1031 749 1171 807 baratrum
1184 751 1414 809 com·cirtchinno
1429 750 1639 823 praecipitantes.
1667 749 1754 821 luter·-

96 858 200 929 Servus
211 868 312 924 nudato
327 880 392 922 ense
406 858 570 937 ingreditur,
586 858 635 916 scd
649 856 723 913 illico
751 840 797 910 ati
813 848 899 906 leena
952 854 985 896 ea
1013 840 1146 896 teterrimi
1168 838 1337 913 spirituales
1353 841 1528 912 tltomysso
1551 839 1754 913 inmergebant,

96 946 238 1031 arripitur,
253 962 316 1012 ante
332 954 427 1011 oculos
447 950 601 1023 paventium
623 938 793 1017 discerpitur.
810 938 899 1009 Q'uem'
953 925 1086 1003 putidriih‘·
1100 931 1204 1005 ignem
1216 931 1251 987 de
1274 931 1321 987 oie
1341 938 1368 987 et
1391 932 1504 985 naribus
1519 928 1651 996 efflantes,
1667 926 1760 1000 igneis

96 1048 249 1106 tardantem
265 1043 392 1101 dominus
408 1044 492 1097 iratus
517 1032 678 1110 insequitur,
710 1034 757 1089 seri
782 1026 899 1112 similem

94 1138 179 1195 linem
194 1136 318 1209 protinus
334 1132 462 1189 sortitur.
478 1116 536 1185 iiiia
551 1128 626 1184 iacta
639 1118 845 1181 leaenacatulos
860 1114 901 1173 ei-

97 1214 162 1297 fert,
181 1226 271 1282 locum
287 1212 465 1279 abscedendo
480 1217 594 1291 trepidis
609 1214 696 1272 offert.
713 1208 764 1269 liii
776 1204 901 1266 ascencis

97 1308 213 1376 camelis
224 1302 348 1371 abierunt
362 1322 388 1369 et
402 1298 535 1385 quasiinm'
562 1302 674 1364 castitas
699 1302 786 1359 valeat
800 1296 901 1371 ubique

97 1416 192 1463 notum
209 1404 342 1481 iecerunt.

136 1492 264 1579 Quaed'am
280 1494 378 1560 mulier
391 1500 419 1557 in
435 1498 569 1557 adulterio
584 1494 767 1571 deprehensa,
794 1484 902 1547 Do'mini

97 1598 201 1669 judicic
216 1592 319 1651 sistitur
335 1610 341 1648 :
359 1589 408 1649 sed
429 1582 632 1648 accusatoribus
659 1586 717 1655 ejus
746 1576 901 1646 coniu'tatis,

99 1688 187 1743 illaesa
201 1685 278 1740 abire
294 1683 393 1738 sinitur
417 1670 510 1749 (icon.
539 1678 613 1749 vrrs).
646 1673 723 1744 ilinc,
751 1669 901 1731 karissimi,

954 1018 1103 1091 iorcipibos
1117 1025 1161 1076 me
1175 1031 1276 1092 capere
1291 1021 1471 1091 quoerebant;
1488 1021 1536 1076 sed
1550 1024 1630 1075 ntox'·
1642 1018 1756 1075 doctore

954 1114 1018 1166 meo
1031 1110 1204 1176 adveniente,
1217 1110 1244 1164 in
1259 1110 1378 1166 eundem
1392 1117 1582 1181 puteom'cum
1608 1104 1668 1164 di'ro
1693 1118 1754 1162 mn·

956 1198 1014 1273 gito
1036 1215 1066 1255 se
1089 1200 1242 1271 precipites
1266 1200 1377 1255 dabant.
1401 1198 1455 1269 Qui
1479 1198 1637 1255 statimne
1656 1198 1754 1252 timore

956 1296 983 1345 et
997 1289 1119 1344 tenebris
1134 1298 1292 1360 exemptum
1308 1290 1336 1345 in
1358 1302 1480 1344 serenam
1504 1288 1601 1345 iucem·
1617 1286 1759 1342 orientalis

956 1380 1047 1452 plagae
1068 1379 1159 1444 dhrrrt,¹
1172 1378 1217 1434 obi
1234 1386 1296 1434 onte
1320 1394 1371 1434 nos
1392 1378 1463 1434 alius
1486 1390 1581 1434 muros
1594 1376 1697 1432 noilurh
1711 1374 1758 1430 in·

959 1469 1067 1525 troitum
1083 1468 1189 1525 habens
1205 1468 1239 1525 ad
1255 1469 1354 1525 coelutn
1368 1466 1595 1539 usquecunextt:
1612 1464 1673 1537 Quo
1697 1482 1759 1522 conr
1863 1498 1868 1505 -

958 1557 1188 1630 pervenissemus,
1229 1566 1289 1614 erat
1326 1569 1440 1629 campus
1475 1555 1642 1624 laetissimos,
1684 1554 1760 1611 omni

958 1652 1116 1705 amoenitate
1138 1649 1311 1719 conspicuus,
1336 1661 1392 1718 prae
1419 1646 1479 1703 dlei·
1502 1647 1562 1703 luce
1589 1643 1759 1717 spiendlbns,

101 1776 206 1833 servite
221 1774 338 1830 Domino
353 1772 381 1827 in
396 1769 541 1827 sanctitate
556 1775 583 1823 et
591 1766 711 1835 justicia,
729 1771 756 1818 et
778 1757 906 1817 liberabit
920 1752 948 1813 B
963 1738 1109 1795 Odbiisesiss
1122 1738 1236 1793 milibus
1251 1736 1383 1803 ⁰⁰¹l⁸iil¹ss
1400 1736 1479 1792 sulii
1493 1736 1577 1793 ⁰d⁰l0
1602 1736 1709 1807 Plenus·
1732 1733 1762 1789 5¹²

101 1882 155 1922 vos
170 1866 205 1922 ab
219 1863 292 1921 omni
308 1861 476 1917 inimicorum
492 1856 610 1914 saevicia.
620 1855 697 1922 Velo,
719 1846 903 1914 dilectissimi,

101 1964 131 2013 ot
146 1971 192 2010 res
206 1951 346 2010 dilectioni
362 1957 462 2007 restrae
476 1948 640 2015 innotescat,
655 1943 727 2001 unde
751 1940 904 2012 neglegen-

103 2045 169 2101 tiurn
185 2041 296 2117 ignavia
311 2040 513 2112 perhorrescat,
529 2044 556 2093 et
575 2035 640 2091 ideo
664 2034 762 2089 devote
777 2030 905 2087 servien-

103 2136 170 2191 tium
184 2148 262 2189 mens
276 2131 445 2203 hylarescat.

140 2231 262 2301 Quidam
286 2244 390 2303 genere
419 2234 446 2283 et
473 2224 570 2297 opirius
592 2222 723 2297 preditus
737 2219 815 2281 obiit.
830 2218 907 2287 cujus

104 2321 229 2395 exequiis
245 2321 376 2391 trequens
403 2316 623 2389 propinquorum
650 2313 727 2368 turba
755 2318 782 2367 et
809 2308 908 2381 iugens

105 2410 208 2467 inmitia
218 2418 272 2467 tota
287 2416 368 2465 nocte
381 2402 517 2475 interluit,
532 2405 579 2461 sed
596 2403 684 2476 primo
712 2398 831 2457 diluculo
857 2396 909 2453 de-

106 2500 217 2557 functus
244 2499 281 2555 cd
304 2512 403 2569 corpus
428 2494 521 2551 rediit.
541 2491 638 2551 Cuncti
656 2490 704 2565 qui
731 2487 909 2545 affueruotin

105 2598 247 2661 stuporem
274 2596 302 2645 et
330 2585 537 2643 admirationem
552 2580 677 2641 conversi
699 2578 840 2653 iuyerunt.
860 2576 909 2633 lile

102 2696 172 2739 vero
185 2678 309 2736 conotus
323 2676 356 2731 ad
373 2663 520 2733 ecclesiam
535 2672 666 2739 cucurrit,
682 2684 769 2743 usque
785 2667 819 2724 ad
849 2681 910 2721 me-

101 2768 179 2825 diam
193 2767 252 2825 iere
266 2768 339 2823 diem
355 2766 383 2821 in
397 2765 523 2821 oratione
534 2760 691 2834 procubuit.
707 2760 757 2815 lile
782 2770 909 2814 reversus

103 2867 229 2915 cunctam
246 2854 425 2921 substantiam
438 2854 467 2909 in
481 2852 533 2909 tria
561 2850 662 2917 divisit,
693 2864 776 2919 unam
805 2852 911 2918 partem

104 2946 187 3005 uxori
213 2954 240 3003 ct
268 2944 334 3001 liliis
360 2943 445 3010 dedit,
475 2957 556 2999 onem
573 2938 741 3012 pauperibus
756 2934 908 3004 distribuit,

105 3052 190 3095 unam
219 3034 349 3091 iratribus
371 3032 400 3088 in
423 3030 588 3087 monasterio
615 3028 729 3085 contulit
751 3027 779 3081 in
801 3040 857 3098 quo
878 3040 910 3079 se
968 3080 974 3091 ,

104 3125 270 3183 monachum
300 3122 374 3185 iecit.
403 3120 610 3179 sciscitantibus
632 3118 696 3191 quid
725 3115 822 3172 viderit
858 3115 950 3179 hooc

107 3214 202 3272 retulit
218 3230 224 3267 ι
242 3235 254 3261 ι
272 3212 353 3269 Veste
368 3218 395 3267 et
410 3210 478 3267 iacia
493 3208 600 3265 lucidus
614 3215 674 3263 erat
688 3206 735 3278 qui
751 3222 797 3261 me
820 3205 905 3261 duce-

108 3304 166 3361 bat.
196 3302 332 3361 Euntibus
354 3298 435 3357 nobis
458 3299 493 3354 ad
515 3298 622 3370 plagam
654 3296 790 3369 aquilonis
812 3302 908 3351 erata

107 3394 177 3451 laeva
204 3391 284 3447 vallis
304 3391 447 3447 immense
473 3386 676 3459 profunditatis,
703 3384 793 3441 uimiae
816 3384 906 3440 latitu-

108 3481 190 3548 dinis,
206 3480 318 3537 infinitae
332 3477 519 3551 longitudinis,
535 3478 613 3547 cujus
624 3492 708 3531 noum
722 3476 791 3529 latus
818 3472 908 3529 maxi-

108 3586 155 3627 mo
169 3568 296 3627 incendio
310 3568 454 3633 estuabat,
469 3565 543 3623 aliud
558 3563 679 3621 horribili
707 3564 809 3636 frigore
838 3578 908 3619 con-

108 3658 229 3733 gelabat.
245 3659 276 3713 ln
290 3666 407 3730 utraque
421 3666 497 3729 parte
512 3654 609 3711 animat
624 3652 712 3725 ponis
732 3652 906 3719 deliniebant,

110 3764 173 3822 quae
187 3764 260 3807 nunc
274 3748 309 3805 de
322 3748 389 3819 igne
403 3745 430 3801 io
445 3744 540 3817 frigus,
557 3760 631 3800 nunc
645 3742 679 3799 de
701 3741 766 3815 gelu
786 3741 814 3795 in
828 3740 909 3796 ilam-

110 3854 172 3895 nsas
186 3836 355 3895 resiliebant.
371 3836 431 3893 iloc
445 3835 505 3891 viso
519 3833 640 3905 cogitare
662 3832 734 3903 coepi
757 3832 808 3887 hoc
829 3829 911 3887 inier-

111 3942 265 3995 numanae,
280 3926 315 3985 de
330 3926 407 3995 cuque
421 3923 604 3989 ineffabilibus
631 3922 721 3993 paenis
744 3936 788 3979 me
810 3920 910 3990 sapius

111 4016 228 4091 contigit
241 4015 349 4073 andire.
370 4016 472 4079 liuntur
486 4021 577 4069 autern
592 4026 669 4069 rocos
683 4011 824 4083 respondit
834 4011 912 4083 cogi·

112 4106 207 4169 tationi
228 4120 298 4171 mea
321 4103 415 4167 dicens
440 4102 491 4161 laec
512 4100 649 4157 infernum
674 4116 728 4156 non
750 4116 821 4157 esse.
836 4101 912 4158 Ultra

113 4195 196 4258 nobis
219 4192 457 4267 progredientibus
488 4197 630 4263 caeperunt
652 4190 745 4247 omnin
773 4198 836 4245 ante
861 4205 913 4247 nos

114 4284 147 4357 (i
163 4288 224 4351 roc,
240 4292 281 4354 νη
304 4282 455 4347 obscurari,
479 4289 505 4337 et
530 4296 581 4337 uos
604 4294 653 4351 per
667 4287 767 4335 tertras
782 4279 913 4336 tenebras

114 4373 194 4447 quasi
208 4372 402 4432 descendendo
417 4372 452 4427 ad
468 4368 593 4427 ulteriora
607 4368 701 4425 dilabi.
717 4368 751 4425 lit
766 4382 830 4425 ecce
854 4384 914 4425 ma·

114 4480 187 4536 gnus
200 4470 298 4534 puteus
312 4468 373 4517 ante
388 4476 438 4517 noa
452 4458 576 4531 apparuit
591 4458 637 4530 qui
662 4457 813 4528 sulphurea
835 4458 913 4515 autu»

114 4552 190 4607 mina
206 4551 240 4607 de
255 4542 437 4606 flammivomo
453 4565 500 4605 orc
528 4547 648 4604 evomuit
663 4555 690 4603 et
703 4563 797 4605 narsus
820 4548 917 4607 eadem

115 4649 236 4698 retracta
249 4639 400 4696 absorbuit.
418 4636 606 4694 Intolerabilis
621 4638 702 4693 etiam
718 4636 788 4692 ictor
813 4637 847 4694 de
873 4636 919 4693 illa

115 4724 227 4787 fornace
242 4728 408 4785 ascendebat
424 4724 470 4800 qui
485 4719 578 4782 cinnii
593 4726 620 4780 in
635 4724 749 4783 circuitu
780 4711 914 4799 replebat.

116 4820 192 4877 Tunc
218 4826 332 4889 repente
360 4818 460 4876 do'ctor
488 4834 565 4873 meus
580 4814 713 4888 disparuit
728 4822 753 4872 et
766 4809 812 4873 'nie
827 4815 854 4871 in
869 4816 920 4873 hoc

117 4898 231 4967 horrido
246 4906 404 4989 spectaculo
419 4898 506 4964 s'clur'n
523 4904 625 4963 statuit.
641 4900 764 4980 Cumque
789 4901 827 4961 ibi
841 4905 920 4977 pavi-

118 5000 170 5056 dus
184 5014 216 5057 ac
231 4998 352 5055 hemena
368 5006 481 5065 starem,
510 5004 537 5053 et
565 4993 619 5071 qod
632 4998 759 5070 gressum
789 4998 921 5054 verterem

958 1846 1013 1904 quo
1027 1828 1189 1884 laetabantur
1202 1828 1358 1883 albatorum
1374 1827 1496 1900 agmina,
1513 1825 1623 1881 dulcem
1649 1832 1762 1897 ymnum

960 1919 1128 1975 resonantia.
1150 1918 1226 1989 Coepi
1240 1917 1467 1988 autem'rogitare
1487 1917 1540 1971 boc
1563 1930 1624 1970 esse
1644 1928 1761 1984 regnum

960 2005 1103 2071 coeiornm,
1120 2004 1154 2060 de
1170 2004 1249 2069 cuius
1273 2001 1503 2057 inenarrabilibus
1526 2000 1633 2074 gaudiis
1662 1998 1762 2069 saepius

960 2102 1003 2150 est
1017 2092 1083 2148 mihi
1098 2093 1225 2148 relatum.
1242 2091 1290 2146 liic
1304 2095 1371 2147 verb
1385 2090 1467 2146 cordi·
1477 2105 1538 2145 meo
1552 2087 1696 2159 respondit
1708 2087 1763 2143 hoc

960 2194 1077 2251 regnum
1093 2177 1224 2234 caelorum
1236 2182 1294 2231 non
1309 2190 1384 2231 esse.
1403 2172 1766 2246 Praetergredi'entesautem

961 2269 1007 2326 illc
1022 2267 1162 2324 beatorum
1182 2267 1252 2333 ioca,
1268 2262 1466 2337 apparuerunt
1482 2272 1545 2318 ante
1568 2276 1619 2318 nos
1637 2259 1763 2333 splendi-

962 2358 1051 2428 diora,
1066 2366 1094 2414 et
1109 2372 1174 2413 ecce
1188 2355 1322 2412 immensa
1337 2354 1459 2411 laxante
1473 2369 1524 2409 nos
1538 2352 1657 2409 maximo
1663 2349 1763 2423 jubare

962 2448 1098 2511 radiabat,
1114 2447 1148 2502 de
1163 2462 1217 2518 qua
1232 2444 1295 2500 miri
1309 2443 1403 2501 odoris
1416 2444 1535 2498 suavitas
1561 2441 1702 2515 flagrabat,
1718 2438 1764 2495 in-

963 2554 1047 2609 super
1063 2536 1214 2593 dulcissimi
1229 2541 1388 2591 concentus
1405 2548 1535 2605 armonya
1557 2531 1713 2589 resonabat.
1728 2530 1765 2597 Ep

962 2628 1024 2684 talis
1039 2633 1098 2682 erat
1112 2625 1170 2681 h'eec
1185 2624 1273 2699 gioria
1291 2630 1321 2680 ot
1346 2622 1436 2678 omnia
1460 2639 1520 2695 quae
1546 2620 1621 2693 prius
1641 2619 1764 2676 viderem

963 2716 1111 2787 conspicua
1125 2714 1284 2772 viderentur
1299 2714 1360 2769 esse
1375 2712 1544 2785 permodica.
1560 2708 1695 2779 Quocum
1711 2724 1762 2764 nos

963 2820 1103 2877 sperarem
1127 2804 1284 2870 intraturos,
1309 2803 1406 2860 ductor
1434 2817 1513 2856 meus
1540 2797 1645 2856 reilexii
1672 2806 1699 2855 et
1724 2798 1760 2854 ad

962 2899 1053 2957 locum
1066 2896 1211 2955 laetantium
1227 2894 1399 2968 perveniens,
1414 2893 1479 2949 mibi
1493 2891 1581 2950 disit':
1602 2895 1662 2951 Scis
1685 2894 1759 2967 quod

963 2987 1129 3061 siqnifi'cnnt
1144 3004 1206 3063 quor
1219 2984 1339 3042 videti?
1353 2984 1401 3042 Cui
1425 3001 1487 3041 oum
1508 2983 1703 3055 responderem
1717 2999 1761 3039 ιιιε

967 3095 1094 3152 ignorare
1119 3077 1186 3132 dixit
1209 3094 1215 3131 :
1249 3074 1335 3132 nattis
1361 3074 1462 3131 ardore
1489 3076 1518 3130 ai
1541 3071 1765 3147 cipereborrt'dc

969 3171 1012 3227 esi
1025 3170 1102 3225 iocus
1114 3166 1340 3238 improperatus
1350 3165 1398 3237 qni
1407 3181 1493 3239 usque
1501 3162 1630 3233 adfinem
1638 3161 1704 3221 oiioe
1713 3162 1764 3237 dti-

962 3256 1066 3331 fernni
1082 3253 1219 3330 paenitere
1234 3270 1286 3310 sno
1301 3253 1433 3310 crimino.
1447 3249 1492 3309 iiii
1502 3252 1568 3327 qnia
1584 3251 1715 3309 inmorta
1726 3250 1763 3309 od

960 3343 1347 3423 poeniientinmconscy'iunt,
1360 3340 1760 3415 infernisuppiiciacoodbni.

962 3433 1018 3493 Sed
1027 3438 1094 3510 quio
1104 3436 1149 3492 bic
1160 3424 1531 3505 odiatisicciionem(f⁰i06)
1541 3432 1761 3488 musmonem-

965 3530 1023 3592 tur,
1037 3525 1067 3580 in
1075 3522 1121 3581 bis
1128 3524 1218 3597 paenis
1226 3506 1495 3595 poryontatrciindc
1502 3519 1554 3593 per
1566 3521 1763 3577 missosctcia·

961 3614 1089 3671 moninus
1099 3610 1415 3681 cieratioocs·fidciicm
1429 3611 1588 3666 liberantur
1599 3614 1627 3667 ci
1643 3609 1687 3667 tta
1696 3626 1763 3681 qnos

961 3698 1632 3770 oidcscssocicntcr.Qniocicmsinepoeniianiio
1638 3700 1765 3757 morino·

964 3798 1097 3858 turnaco
1106 3788 1508 3862 iniciemumdimerqnntnr,
1521 3788 1596 3843 unce
1606 3804 1763 3861 numqaum

970 3884 1002 3939 in
1016 3887 1156 3938 aternam
1170 3879 1342 3935 iib'arnirittr.
1359 3874 1653 3949 anasia'ttroiiascrct
1660 3878 1766 3951 iliopo-

968 3977 1033 4030 ieuc
1050 3968 1269 4043 flammivomas
1282 3963 1421 4040 Porioyu'i
1431 3967 1462 4022 in
1473 3966 1544 4021 iona
1555 3967 1766 4024 conomsoiionc

966 4064 1056 4119 vitam
1070 4060 1269 4137 docnni,post
1285 4054 1392 4112 obitatni
1407 4044 1461 4111 ir'cc
1485 4056 1617 4111 veniant.
1636 4054 1690 4124 out
1703 4072 1767 4113 nero

965 4144 1767 4227 persactiinneniatntnrmoaincoeiastei·eynnminirodta

967 4237 1085 4293 ennius.
1104 4236 1188 4305 bojas
1204 4233 1348 4303 inpressas
1365 4227 1414 4286 illc
1427 4232 1470 4285 eit
1481 4242 1563 4303 quem
1577 4230 1674 4286 nidisti
1689 4230 1766 4287 iocus

969 4324 1091 4383 licoides.
1108 4314 1178 4380 Nom
1193 4322 1230 4379 cd
1244 4326 1346 4394 corpus
1359 4322 1519 4376 reverteris.
1532 4318 1561 4376 Si
1571 4320 1638 4376 benc
1650 4319 1764 4387 macris,

973 4416 1017 4473 bis
1040 4399 1235 4470 associaberis.
1261 4408 1386 4466 Protinus
1410 4398 1454 4464 ad'
1473 4407 1546 4465 banc
1574 4408 1657 4465 vitam
1684 4410 1774 4483 rediit,

930 4478 957 4540 D
973 4512 1029 4561 tam
1045 4499 1164 4559 sanctam
1179 4501 1261 4557 vitam
1277 4495 1408 4571 deinceps
1424 4498 1499 4553 duxit
1513 4488 1648 4572 ottingun
1666 4501 1776 4558 ta'ce‘ute

974 4595 1032 4649 vita
1048 4593 1205 4666 ioquer'ettrr
1220 4588 1283 4663 quid
1297 4584 1404 4646 viderit.
1420 4578 1518 4663 t'gtrur,
1533 4588 1675 4644 karissimi
1693 4590 1717 4645 si
1731 4590 1778 4648 bic

974 4683 1075 4747 sobrie,
1107 4684 1178 4751 juste
1201 4685 1234 4736 et'
1248 4680 1295 4751 pie
1319 4675 1439 4734 nitendo
1453 4676 1575 4735 vitieritis
1594 4676 1665 4750 (tta.
1685 4678 1726 4750 tt),
1742 4669 1778 4735 ad

977 4772 1026 4829 iila
1042 4771 1139 4847 gaudia
1154 4770 1317 4843 quandoque
1332 4766 1499 4840 pervenietis
1513 4766 1560 4822 ubi
1573 4762 1679 4822 lic'et'in
1693 4775 1778 4824 aeter·

976 4892 1043 4931 uum
1058 4870 1189 4939 exultare,
1206 4878 1232 4927 et
1247 4862 1304 4926 lieo
1320 4867 1441 4942 placebit
1455 4866 1533 4925 vobis
1547 4856 1681 4937 habitare,
1696 4885 1780 4942 qnam

975 4970 1074 5033 ocolus
1088 4986 1142 5027 nou
1156 4968 1225 5041 vidit
1237 4966 1261 5039 (i
1272 4964 1333 5024 Cor.
1348 4962 1395 5037 ιι).

160 5177 195 5243 Si
210 5164 359 5242 cathedra
373 5158 406 5239 S.
423 5173 509 5237 Petri
525 5173 556 5235 in
571 5154 734 5236 Do'minica
749 5169 875 5253 occidit,
892 5176 939 5240 sic
949 5187 1130 5240 sermonem
1143 5164 1336 5231 concludere
1345 5162 1455 5227 licebit
1470 5180 1479 5224 a

156 5360 275 5438 Principi
299 5345 485 5439 apostolorum
509 5360 599 5426 Petro,
624 5350 701 5431 cujo's
726 5352 809 5417 hodie
825 5356 922 5417 iestum

123 5440 508 5523 celebramus,comri1endate
524 5434 582 5515 ios,
598 5440 746 5518 karissimi,
775 5451 917 5507 attentius.

955 5360 1070 5431 mapa,
1094 5359 1202 5413 Petram
1225 5353 1417 5417 advocamant.
1441 5357 1469 5406 ct
1491 5346 1597 5405 debiles
1617 5343 1780 5417 εοορῧιιοιιι

977 5457 1004 5505 ει
1018 5448 1117 5504 mortui
1132 5446 1214 5503 rbem
1224 5455 1281 5516 'per
1294 5442 1421 5499 umbram
1434 5440 1495 5510 eins
1519 5436 1781 5509 necopinantem

126 5533 214 5617 Quem
229 5538 291 5621 quia
305 5542 436 5615 Dominus
453 5534 533 5612 caput
548 5532 679 5596 liceiesiae
693 5525 841 5606 constituit,
871 5528 923 5597 lic·
969 5537 1030 5595 sili
1044 5534 1228 5609 pratieoeruat
1244 5541 1273 5590 et
1292 5530 1391 5588 ddelas
1407 5528 1455 5603 qni
1472 5527 1553 5599 prins
1571 5524 1706 5597 discipuli·
1721 5524 1781 5594 aiut

126 5624 210 5691 c'iesia
224 5622 286 5692 e'e'm
302 5616 381 5690 ii'odie
395 5621 532 5689 summunt
558 5614 696 5701 pastorem
711 5629 738 5685 in
762 5616 923 5702 episcopatio
977 5627 1042 5687 dicti
1058 5634 1122 5683 sont
1136 5623 1307 5681 conationes
1321 5619 1598 5694 cognominaverunt.
1630 5614 1692 5683 liic,
1718 5628 1781 5673 com

127 5725 255 5797 praetulit.
272 5722 342 5781 Cum
356 5722 429 5783 enim
440 5720 651 5791 anthiocenses,
665 5717 779 5795 expulso
802 5718 924 5794 Symeon
977 5714 1080 5775 habeat
1098 5712 1247 5772 ebornino
1259 5716 1429 5785 potestatem
1441 5699 1644 5789 lig'audi'stque
1658 5700 1784 5765 soirebdi
