3942 6067
153 181 205 241 elo
378 218 380 227 ,
501 172 649 235 bonotto
667 176 919 241 aubusvootttv.
939 176 1016 235 OPP.
1036 178 1126 237 PARS
1145 173 1192 241 ill.
1211 212 1246 227 -
1264 180 1465 241 UTUROEGA.
1542 178 1545 182 ’
1764 184 1818 240 82⁰

111 322 114 328 ·
154 308 252 367 ildeles
267 308 317 367 sub
335 307 433 385 gratia,
448 322 498 383 per
511 304 610 365 Christi
624 304 792 363 nativitatem
808 304 958 363 salvantur.
972 302 1003 367 Α
1016 302 1052 361 de
1063 304 1187 363 humano
1199 322 1303 381 genere
1318 305 1433 381 inavit,
1447 313 1476 363 et
1489 304 1622 363 mundam
1641 304 1742 380 &bara
1756 305 1818 363 vir·

188 406 276 465 Hodie
295 406 389 479 incipit
411 404 461 463 lux
485 404 540 462 diei
561 403 736 477 prolungari,
759 403 859 461 umbre
872 400 962 459 noctis
1018 399 1104 449 lulum
1118 394 1291 463 illuminavit,
1316 404 1344 454 0²
1362 412 1426 455 elim
1449 394 1487 453 td
1506 394 1708 453 indefitienlem
1726 393 1819 455 how

154 496 318 568 adpreviari,
350 496 414 569 quie
443 492 569 568 prolecto
597 493 730 565 splendor
758 500 868 551 aeterne
891 489 963 547 lucia
1015 483 1133 541 vocavit.

153 584 238 642 hodie
251 600 389 659 apperens
403 584 532 641 tenebras
560 582 685 639 vitiorum
712 582 758 639 vel
782 588 960 654 peccatorum

122 782 130 789 ,
194 709 257 775 Hic
272 708 325 775 tec
339 707 446 773 iluem
457 707 489 771 si
504 706 604 773 velis.
623 706 659 773 si
675 706 793 773 autem
808 708 948 787 tempus
962 697 1144 784 permittit,
1160 698 1249 768 udde
1264 700 1349 768 haeo.

54 894 57 901 ,
189 840 255 899 llaec
270 840 419 912 singularis
433 838 581 897 nativitatis
598 840 741 909 festivitas,
768 838 915 906 karissimi,
933 834 961 890 in
1016 833 1174 891 cimmeria
1186 833 1348 894 ministrant
1360 832 1450 893 dedit·
1469 831 1579 894 Deinde
1589 831 1821 907 ammittat!

155 930 245 1003 primo
259 930 371 987 homine
386 930 537 1001 praecessit,
556 928 602 1002 qui
616 928 651 986 de
674 928 777 985 munda
796 930 880 985 humo
904 928 963 982 sin·
1017 923 1167 996 multisque
1182 922 1328 981 tormentit
1341 922 1450 993 effecta,
1463 920 1820 996 mutomummmpro

155 1019 287 1094 galeriter
300 1017 433 1076 formatus
448 1018 600 1091 prooessit.
627 1018 681 1089 Qui
705 1034 772 1075 mox
796 1018 878 1075 etium
893 1016 965 1073 hano
1018 1008 1127 1065 Christo
1141 1016 1182 1065 0⁸1
1195 1008 1310 1081 injecta.

155 1106 324 1165 nativitatem
338 1108 465 1180 praedixit
482 1126 490 1164 r
506 1108 669 1183 ltelinpeet,
689 1107 785 1181 iuquit,
809 1106 889 1165 bomo
912 1122 965 1179 pe·
1054 1106 1124 1167 fluie
1136 1106 1219 1163 bodie
1232 1106 1343 1165 additur
1355 1105 1431 1165 ecda
1444 1114 1545 1165 nnete
1565 1105 1644 1181 vireo
1668 1113 1696 1165 et
1714 1113 1822 1180 martyr

156 1202 229 1257 trem
241 1200 270 1254 ct
280 1200 405 1253 matrem
419 1201 448 1253 et
457 1196 613 1253 adherebit
631 1200 724 1253 oxori
739 1212 798 1253 sure
817 1197 899 1267 (Gen.
917 1192 963 1267 rr).
1018 1194 1154 1269 llupeuia.
1168 1195 1255 1265 Cujus
1268 1204 1347 1267 peter
1364 1195 1506 1268 Philippos
1518 1210 1537 1253 a
1548 1196 1640 1253 Rome
1650 1195 1753 1254 ruiana
1765 1210 1820 1269 pn·

157 1282 289 1343 Videlicet
314 1284 438 1341 Christus
461 1285 572 1341 Patrem
597 1284 705 1359 reliquit
731 1285 758 1341 in
783 1284 854 1343 coelo
869 1293 964 1340 etme-
1019 1283 1116 1342 tricina
1134 1284 1164 1340 io
1185 1284 1382 1343 Alexandriam
1404 1293 1491 1341 totam
1515 1284 1585 1343 rexit
1605 1282 1822 1359 AEgpptumxibi

154 1382 224 1431 trem
250 1376 429 1449 synagogam
453 1374 480 1429 in
508 1382 588 1442 terra,
610 1382 638 1431 et
662 1374 777 1431 adhaesit
801 1372 879 1430 uvxori
897 1384 963 1429 suae’
1021 1374 1167 1433 subditam
1192 1373 1262 1431 litto
1281 1389 1348 1433 uero
1370 1374 1442 1432 elam
1470 1374 1597 1447 palatium
1624 1373 1684 1445 eiua
1711 1372 1824 1451 rafiqnit

160 1464 426 1522 scilicetlicolesiae.
445 1463 510 1520 llaec
526 1478 636 1537 quoque
659 1480 674 1519 a
698 1464 861 1536 patriarchia
875 1460 968 1535 prieti·
1021 1478 1083 1519 cum
1110 1461 1219 1520 duobus
1247 1462 1302 1519 sibi
1328 1461 1511 1519 familiaribus
1537 1464 1620 1520 Proto
1646 1463 1822 1532 etleehdo,

156 1552 318 1628 gurabatur,
335 1553 401 1609 dum
416 1552 507 1610 leaeo
525 1552 560 1609 ab
574 1550 675 1627 angelo
690 1552 931 1626 prenunciabatur
940 1557 967 1607 et
1020 1551 1218 1609 monasterium
1233 1550 1352 1609 virorum
1366 1551 1418 1609 aul)
1434 1550 1507 1610 virili
1529 1551 1624 1609 habito
1646 1551 1775 1620 intnvit3
1791 1550 1823 1609 in

160 1657 179 1700 e
200 1640 289 1698 sterili
317 1649 399 1715 atque
427 1642 519 1698 vetule
543 1642 720 1699 nascebatur.
741 1642 830 1699 Ysaac
843 1649 870 1697 et
884 1638 966 1696 Clui-
1020 1656 1075 1714 quo
1088 1638 1263 1712 postmodum
1276 1640 1366 1699 abbae
1377 1640 1462 1711 iacta,
1476 1656 1527 1714 per
1541 1640 1630 1699 mdia
1643 1640 1721 1699 [ulad
1733 1641 1824 1699 vaira·

161 1736 234 1797 atue,
249 1729 295 1802 qni
309 1728 409 1787 dicitur
421 1732 569 1803 paediam,
586 1732 632 1804 qui
647 1738 689 1787 est
702 1729 812 1804 plenum
832 1730 963 1803 gaudium
1020 1730 1093 1788 cula.
1108 1728 1178 1801 Quae
1191 1746 1255 1789 cum
1267 1730 1371 1789 anullo
1384 1730 1484 1789 mulier
1495 1738 1707 1804 agamemn,
1720 1746 1739 1786 a
1750 1746 1823 1805 aaa·

157 1816 294 1877 lideliunr.
313 1818 390 1877 liano
406 1832 502 1875 omnes
519 1820 657 1892 prophetae
675 1820 768 1876 multis
783 1820 872 1875 modis
890 1834 965 1893 pre·
1019 1820 1085 1878 dam
1112 1828 1235 1877 matrona
1263 1820 1301 1877 ad
1328 1819 1417 1893 atr-arpi
1439 1819 1519 1877 netas
1532 1819 1824 1895 interpretamentum

160 1907 295 1965 dixerant.
320 1906 398 1965 liano
421 1908 502 1965 etiarn
526 1906 594 1981 ipsae
615 1908 711 1966 bestiae
734 1908 851 1964 iuturnrn
866 1906 963 1981 liguria
1018 1908 1080 1983 ipsa
1093 1907 1224 1967 aciutaret
1239 1917 1393 1984 repentem,
1413 1916 1542 1969 murata
1557 1917 1602 1967 eet
1627 1911 1663 1967 ed
1687 1908 1823 1981 iudieetn,

156 2004 368 2070 expresserunt.
388 1996 533 2055 Unicoruie
551 1997 651 2054 dicitur
672 1998 761 2055 bestia
784 2013 839 2054 uno
859 2004 962 2053 tanturn
1018 1998 1124 2057 scilieet
1137 2000 1354 2071 ipeiuepatrem.
1377 1997 1434 2071 Qui
1453 2015 1518 2057 eom
1541 2014 1641 2058 omnen
1652 1998 1825 2057 cathenae·

158 2099 243 2145 cornu
258 2084 445 2154 ferocissima;
462 2085 498 2141 ad
513 2100 595 2159 quarn
610 2086 772 2159 capiendam
782 2083 1081 2171 virgopuellchum
1096 2087 1379 2161 ipsaeonjecieeetin
1401 2088 1522 2157 vincula,
1548 2087 1674 2162 lippeam
1697 2088 1735 2145 eb
1759 2096 1825 2145 etn-

156 2174 324 2247 ineurnpum
339 2174 458 2247 ponitur,
473 2174 509 2231 ad
524 2191 606 2249 quam
622 2174 746 2243 veniens,
763 2184 788 2231 et
803 2192 833 2233 so
847 2174 875 2231 in
897 2190 961 2247 gre·
1017 2194 1096 2250 prom
1110 2178 1220 2236 ducitur
1233 2178 1270 2235 ed
1283 2185 1432 2237 tormonte
1449 2176 1520 2249 Qun
1542 2185 1606 2251 poet
1629 2177 1716 2235 malta
1737 2177 1825 2236 vetita

157 2263 214 2320 nnio
229 2264 289 2333 ejus
305 2262 455 2335 reclinans,
472 2264 589 2337 eapitur.
609 2263 664 2320 Per
676 2262 792 2321 bestium
807 2262 962 2321 hancChri-
1017 2283 1079 2323 eum
1092 2266 1328 2339 patrehabitnad
1343 2266 1445 2323 Christi
1460 2266 1586 2340 gloriam,
1615 2267 1699 2325 eaidit
1717 2274 1826 2324 neuen

159 2360 218 2410 atus
234 2352 411 2424 exprimitur,
426 2368 477 2424 per
491 2368 577 2409 cornu
597 2352 656 2423 eius
684 2352 877 2425 insuperabilis
902 2350 963 2409 lorti
1017 2372 1071 2428 qun
1083 2363 1142 2411 erat
1156 2356 1262 2424 induta,
1278 2364 1306 2413 et
1320 2356 1446 2429 apparuit
1458 2356 1598 2429 principie
1607 2354 1674 2413 tilia.
1689 2355 1745 2427 Qut
1758 2370 1825 2413 mox

159 2442 226 2502 tudo
238 2441 409 2515 exprimitur.
434 2440 488 2513 Qui
509 2441 538 2499 in
560 2448 668 2501 uterum
693 2442 859 2515 virginiana
874 2440 960 2499 recli-
1018 2460 1083 2503 cum
1108 2445 1237 2502 omuibus
1258 2444 1317 2503 auia
1344 2460 1506 2513 conversus,
1534 2452 1563 2503 et
1588 2453 1653 2518 pont
1675 2444 1825 2519 epiecopus

160 2545 232 2589 nana
254 2538 352 2603 captus
374 2538 418 2587 ext
442 2544 461 2589 a
483 2530 670 2599 venatoribus,
694 2530 722 2588 id
743 2538 785 2588 eet
802 2532 831 2587 iu
845 2532 963 2587 humane
1019 2533 1122 2598 ludus,
1136 2550 1192 2589 non
1215 2533 1301 2591 multo
1316 2542 1378 2606 poet
1391 2533 1589 2609 superabere,
1602 2534 1631 2591 in
1644 2533 1826 2607 ipram-

159 2620 250 2679 iorme
263 2620 392 2678 iuventus
406 2628 448 2677 eet
461 2637 478 2677 e
492 2621 550 2677 auis
564 2620 743 2677 amatoribus.
768 2620 890 2693 Legitur,
916 2621 965 2676 ka·
1017 2640 1078 2680 rum
1093 2622 1278 2681 celebratione
1291 2640 1344 2697 pro
1357 2622 1470 2681 Christo
1491 2623 1697 2683 eatdeoolletoa
1711 2636 1720 2679 t
1734 2638 1824 2683 weo-

159 2709 276 2778 riasimi,
292 2710 356 2783 quia
371 2708 423 2765 Ilei
436 2708 522 2766 Filius
536 2709 621 2767 voluit
635 2709 964 2767 adnoeincarcerenrde
1019 2712 1147 2771 astricem
1174 2729 1240 2770 vero
1265 2728 1327 2771 curu
1354 2713 1481 2771 omnibus
1510 2711 1725 2771 metaverant
1749 2711 1828 2785 ignia

162 2798 241 2857 coelis
255 2798 425 2855 descendere
442 2806 470 2855 et
483 2799 519 2854 de
531 2798 687 2871 captivitate
697 2798 805 2871 tyranni
815 2798 962 2855 redimere.
1019 2801 1152 2860 celestis.
1169 2803 1231 2859 Post
1245 2802 1306 2859 brec
1319 2810 1408 2861 mater
1419 2803 1480 2873 eiua
1495 2801 1608 2859 Claudia
1621 2805 1699 2861 venit
1708 2801 1824 2861 huam

165 2886 320 2945 servicium
331 2886 436 2943 mertini
450 2886 620 2960 nequissimi,
646 2887 693 2960 qui
716 2886 769 2943 eibi
782 2886 965 2943 servientibus
1019 2906 1084 2947 eum
1097 2890 1151 2947 lilia
1166 2906 1215 2947 sue
1230 2889 1366 2966 Eugeoie,
1381 2898 1407 2949 et
1421 2890 1504 2949 avito
1516 2899 1545 2951 et
1558 2891 1656 2965 sareio
1666 2890 1775 2949 deobae
1788 2888 1825 2947 n-

162 2990 218 3033 nou
232 2974 286 3031 nisi
299 2982 404 3035 earne
418 2975 549 3048 supplicia
561 2976 617 3043 dat,
633 2990 740 3031 summu
753 2975 780 3031 vi
808 2975 963 3043 declinate:
1020 2978 1075 3045 liis,
1092 2980 1175 3037 Proto
1189 2987 1216 3037 et
1230 2979 1354 3038 iacincto
1374 2980 1482 3039 duobus
1504 2980 1652 3039 moena.
1678 2979 1779 3038 Avitus
1795 2986 1825 3035 et

163 3072 191 3123 et
204 3064 316 3123 Domini
330 3064 437 3136 optirni,
453 3063 500 3137 qui
515 3064 567 3121 vibi
591 3064 774 3141 servientibus
798 3064 966 3136 sempiterne
1021 3068 1137 3142 Sergius
1150 3067 1328 3142 proconsules
1341 3076 1406 3128 eunt
1425 3066 1527 3138 adecti,
1550 3068 1679 3127 etmulti
1699 3084 1752 3143 per
1773 3082 1827 3125 ece

161 3154 264 3229 gaudia
278 3162 400 3227 prestat,
415 3160 472 3211 toto
485 3154 570 3211 corde
584 3168 635 3209 uoe
650 3154 818 3225 mancipate.
1021 3157 1161 3215 conversi.
1176 3158 1266 3215 llulte
1281 3174 1346 3217 vero
1359 3166 1493 3218 matrone
1506 3174 1557 3230 per
1569 3157 1720 3225 cumin.
1729 3155 1825 3218 redte

198 3252 276 3309 Deua
303 3252 387 3307 Peter
413 3266 469 3309 non
496 3250 591 3308 habuit
618 3250 671 3307 nisi
693 3266 778 3307 rarum
801 3250 917 3319 Pilinm3
940 3236 968 3308 οἵ
1022 3261 1089 3305 vero
1103 3246 1226 3320 virginee
1240 3263 1290 3319 per
1302 3246 1458 3319 ementem
1473 3254 1706 3307 converterunt.
1740 3246 1827 3306 Perae

165 3336 229 3411 quia
243 3336 330 3394 noluit
345 3350 407 3393 eum
422 3336 527 3393 habere
541 3336 680 3393 haeredem
701 3336 800 3407 solum,
816 3336 891 3392 mieit
905 3352 967 3393 eum
1022 3351 1086 3396 eum
1101 3352 1149 3408 per
1171 3336 1287 3393 Pratum
1300 3344 1327 3393 el
1340 3336 1494 3395 iacinctum
1508 3335 1586 3395 muto
1612 3334 1728 3395 metum
1756 3349 1826 3395 eatt-

164 3441 218 3499 pro
231 3425 376 3498 transfugo
391 3440 471 3483 servo
486 3425 513 3480 in
529 3424 649 3493 exilium,
666 3432 696 3481 ut
711 3428 736 3482 ei
753 3440 865 3483 reverso
878 3425 968 3499 (tell)
982 3468 1007 3533 (¹
1024 3433 1177 3493 vertuntur,
1201 3425 1238 3482 ob
1257 3424 1358 3483 Christi
1380 3440 1484 3487 nomeu
1501 3424 1677 3483 monum
1699 3423 1828 3498 iluaenie

164 3528 226 3574 cunr
242 3514 314 3571 Filio
329 3514 405 3571 daret
419 3513 497 3586 repat
512 3514 658 3586 palatium.
677 3514 970 3573 nonanconnesroro
997 3504 1102 3583 ‘vere
1126 3522 1190 3587 pmt
1215 3515 1303 3574 multe
1329 3512 1481 3574 certamine
1501 3522 1533 3572 et
1556 3514 1668 3571 diversa
1679 3511 1828 3587 repplet«,

166 3596 263 3657 annisu
288 3597 412 3671 effugite,
434 3600 501 3655 lxuic
523 3599 651 3655 omnibus
673 3599 778 3657 viribus
803 3601 916 3669 servite,
941 3610 970 3657 ut
1023 3604 1106 3664 hodie
1120 3602 1221 3662 curiae
1236 3601 1500 3675 victimareueoiois
1513 3601 1649 3661 effusione
1662 3611 1704 3659 eet
1725 3602 1829 3659 immo·

165 3684 216 3741 ista
231 3683 300 3741 tosta
314 3684 474 3755 temporalia
497 3684 662 3757 mundoque
683 3700 748 3743 oum
774 3685 881 3760 angelis
895 3687 970 3743 cele-
1025 3694 1091 3757 lata.
1105 3693 1218 3765 thuie
1232 3691 1453 3749 Christuevoluit
1476 3692 1512 3749 nd
1534 3699 1623 3751 terrae
1646 3690 1828 3757 descendere,

166 3772 253 3833 bretis
267 3773 297 3831 in
310 3773 413 3831 secula·
427 3776 529 3831 Amen·
1025 3781 1100 3841 dedit
1114 3781 1285 3849 nominibus,
1301 3782 1351 3840 sed
1365 3779 1448 3840 aiem
1460 3779 1564 3839 tenerit
1577 3776 1688 3853 puellis,
1701 3785 1829 3853 potate·

305 3874 461 3931 meante
473 3870 633 3929 Aenetntta
647 3874 676 3929 et
691 3872 832 3946 decente
1026 3880 1083 3929 tem
1096 3870 1196 3929 eodum
1209 3868 1374 3930 madere.

204 3974 295 4047 Auget
308 3970 388 4028 nobie
401 3968 483 4043 liujus
498 3970 586 4028 saneti
601 3971 656 4027 diel
670 3970 768 4045 gaudia
785 3972 877 4029 votiva
893 3974 971 4031 beata
1063 3970 1112 4027 ilie
1135 3978 1162 4025 et
1185 3968 1315 4026 omnibus
1331 3967 1436 4028 unam
1450 3982 1500 4025 voe
1512 3964 1720 4033 mundns.
1732 3969 1765 4024 ot
1778 3980 1830 4037 per

169 4070 272 4135 martyr
299 4061 454 4119 lucensio.
482 4058 550 4131 Quae
583 4062 767 4119 liovnanonrm
803 4061 975 4120 nobilissima
1029 4065 1136 4122 illorum
1161 4062 1264 4123 merite
1283 4070 1348 4135 past
1369 4063 1444 4121 naue
1458 4060 1589 4120 mantem
1603 4059 1686 4120 vbem
1699 4058 1831 4120 exeret·

170 4150 235 4220 iuit;
252 4150 302 4207 red
315 4156 430 4207 cunctas
444 4148 550 4205 divitias
570 4162 622 4221 pec
644 4148 745 4204 Christi
769 4164 863 4208 amore
888 4152 973 4211 dese·
1029 4156 1057 4211 in
1070 4163 1171 4213 eterna
1185 4151 1381 4212 sollemnitate.

171 4239 236 4308 ruit,
252 4238 415 4295 Christianis
427 4238 456 4293 in
469 4238 597 4297 custodia
612 4238 694 4295 tentis
708 4238 833 4309 adhesit,
861 4256 975 4317 qnaeque

213 4362 295 4441 Quae
311 4364 475 4429 secuntur
488 4361 526 4427 in
542 4361 691 4429 summis
708 4364 841 4429 tantum
856 4364 1103 4439 festivitatibus
1115 4365 1224 4435 debes
1238 4364 1366 4432 dicere.

209 4496 367 4565 Kadesimi,
398 4494 538 4553 orationes
565 4503 669 4553 vestras
696 4495 809 4554 cottidie
836 4514 916 4559 mane
950 4509 978 4559 et
1034 4502 1127 4563 voluit.
1147 4500 1212 4558 liaec
1225 4498 1315 4557 oratio
1328 4504 1505 4570 eomparatur
1519 4494 1728 4568 duminiinquo
1741 4510 1831 4569 agnus

177 4604 251 4655 sero,
279 4596 307 4645 et
333 4586 416 4645 etiam
441 4586 663 4658 omnitempore
686 4586 810 4659 potestis,
835 4589 869 4645 ad
889 4589 977 4647 Deum
1031 4592 1118 4665 poeait
1145 4590 1289 4646 ambulare
1311 4594 1339 4644 et
1362 4587 1448 4645 aletae
1468 4594 1577 4643 natare.
1592 4584 1833 4642 lleee'talieeatnt

177 4678 210 4749 (b
223 4678 256 4739 tt
273 4678 310 4753 v⁰)
326 4675 416 4735 tacere
429 4675 548 4744 debetis,
564 4692 615 4748 per
629 4690 698 4749 quae
725 4684 824 4734 cuncte
847 4679 909 4735 vitae
923 4694 975 4736 ne·
991 4720 1019 4783 D
1033 4693 1094 4734 earo
1109 4675 1223 4751 quilibet
1235 4673 1351 4745 simplex
1364 4673 1474 4729 dinem
1488 4680 1515 4729 et
1528 4670 1684 4744 inubigeve
1700 4668 1790 4725 volnt
1803 4678 1833 4725 et

178 4766 298 4829 cessaria
311 4776 338 4825 et
351 4766 443 4825 tuturo
462 4764 563 4839 penula
585 4764 746 4839 impetretis.
770 4766 821 4825 liei
843 4768 976 4841 unientis
1034 4769 1166 4840 cuiusque
1194 4763 1326 4837 aptam·
1347 4760 1492 4838 ingenium
1518 4758 1734 4834 superemineat.
1753 4758 1835 4817 &ee

179 4858 217 4915 ad
231 4857 355 4918 homines
368 4856 396 4913 in
410 4870 495 4915 carne
508 4855 583 4913 venit
596 4863 624 4912 et
633 4855 744 4915 brevem
758 4856 912 4918 orationem
926 4874 977 4919 noa
1033 4853 1160 4929 quamvis
1173 4868 1271 4916 omues
1284 4852 1358 4911 beno
1371 4850 1476 4921 scinde,
1490 4864 1564 4906 nune
1576 4864 1640 4907 mm
1652 4856 1716 4923 poet
1729 4862 1775 4905 me
1788 4847 1835 4905 di·

179 4948 270 5005 docuit
284 4948 311 5004 in
327 4962 380 5020 qua
394 4962 445 5003 uos
458 4945 553 5019 omnio,
564 4945 710 5019 presentia
724 4954 752 5003 et
774 4944 864 5005 lutura
884 4956 978 5021 petere
1033 4960 1096 5003 cere
1111 4941 1230 5001 debetis.

220 5066 317 5140 Pater
336 5078 439 5138 noster
453 5074 490 5137 et
502 5070 666 5153 posthaec
679 5070 951 5155 dioclesingula
965 5071 1072 5138 verba
1085 5084 1195 5151 usque
1210 5066 1368 5133 inlicem
1385 5086 1393 5142 ;
1409 5068 1530 5148 posteo
1542 5064 1658 5130 intere

219 5204 373 5276 Keriesimi,
389 5207 461 5265 hanc
477 5208 626 5264 orationem
644 5206 702 5279 ipso
717 5206 792 5263 Deus
814 5205 978 5281 composuit,
1056 5206 1159 5275 ⁸l'uter
1173 5206 1270 5259 noster
1284 5198 1398 5271 (narrt.
1413 5198 1464 5270 vv).
1481 5196 1628 5263 Attendite,
1645 5194 1755 5262 iratres,
1771 5194 1836 5269 quid

183 5306 211 5357 et
224 5312 276 5369 per
290 5298 370 5362 hooc.
388 5296 466 5370 quasi
479 5310 531 5369 per
544 5294 653 5364 scalam,
662 5294 696 5352 ad
712 5294 772 5354 coeli
788 5296 887 5369 gaudia
902 5310 982 5351 scan-
1035 5282 1141 5351 dicatis.
1156 5292 1245 5348 Deum
1257 5290 1367 5345 Patrem
1381 5284 1495 5344 voeatis.
1506 5286 1581 5343 Deus
1590 5282 1676 5341 nolnit
1688 5282 1833 5349 Dominus,

184 5386 253 5441 dere
270 5384 371 5441 docuit.
388 5385 473 5455 liuius
488 5383 570 5441 seule
584 5384 669 5440 latera
684 5391 746 5441 aunt
771 5382 982 5459 contemplativa
1036 5384 1084 5439 sed
1101 5382 1180 5437 Pater
1193 5378 1323 5452 appellnri
1338 5390 1354 5433 a
1369 5376 1457 5444 vobis,
1481 5382 1512 5431 ut
1534 5390 1583 5431 ros
1607 5373 1706 5431 iratres
1729 5388 1792 5431 ease
1805 5373 1835 5429 in

185 5483 213 5529 et
226 5472 313 5529 activa
327 5474 392 5539 vita,
408 5474 436 5528 in
451 5489 503 5546 qua
520 5474 568 5531 Vll
586 5474 687 5547 gradus
714 5474 879 5545 peticionum
906 5474 983 5530 inse·
1036 5488 1070 5529 eo
1092 5468 1220 5544 cogitetis
1242 5474 1270 5525 et
1289 5467 1406 5524 invicem
1430 5471 1460 5520 ut
1484 5462 1581 5520 iratres
1595 5462 1726 5536 diligatis,
1741 5470 1770 5520 at
1783 5476 1834 5534 pro

186 5562 239 5617 ruit
254 5576 359 5617 surnrne
373 5561 520 5633 sapientia.
540 5565 571 5618 lo
584 5563 673 5634 primo
687 5564 773 5636 gradu
800 5564 879 5621 atatis
905 5561 982 5621 etad
1036 5562 1088 5617 hee
1107 5557 1254 5617 dilectione
1275 5556 1400 5613 baeredee
1423 5554 1502 5627 regni
1522 5552 1583 5624 eine
1602 5551 1684 5608 fiatis.
1711 5551 1740 5608 si
1759 5552 1836 5608 liena

187 5656 333 5715 Dominam
348 5658 482 5717 clamatio.
1036 5660 1115 5717 Peter
1128 5660 1287 5717 vastavere
1304 5652 1450 5713 mentia
1464 5648 1642 5711 micea
1662 5647 1764 5708 censat
1788 5648 1835 5723 qni
