<?xml version="1.0" encoding="UTF-8"?>
<!DOCTYPE html PUBLIC "-//W3C//DTD XHTML 1.0 Transitional//EN"
    "http://www.w3.org/TR/xhtml1/DTD/xhtml1-transitional.dtd">
<html xmlns="http://www.w3.org/1999/xhtml" xml:lang="en" lang="en">
 <head>
  <title>
</title>
<meta http-equiv="Content-Type" content="text/html;charset=utf-8" />
  <meta name='ocr-system' content='tesseract 3.04.00' />
  <meta name='ocr-capabilities' content='ocr_page ocr_carea ocr_par ocr_line ocrx_word'/>
</head>
<body>
  <div class='ocr_page' id='page_1' title='image "./patrologiaecurs120unkngoog/patrologiaecurs120unkngoog_0707.png"; bbox 0 0 3942 6067; ppageno 0'>
   <div class='ocr_carea' id='block_1_1' title="bbox 104 220 1824 321">
    <p class='ocr_par' dir='ltr' id='par_1_1' title="bbox 104 220 1824 321">
     <span class='ocr_line' id='line_1_1' title="bbox 104 220 1824 321; baseline 0.002 -8"><span class='ocrx_word' id='word_1_1' title='bbox 104 258 174 313; x_wconf 79' lang='lat' dir='ltr'>asos</span> <span class='ocrx_word' id='word_1_2' title='bbox 645 256 725 313; x_wconf 78' lang='lat' dir='ltr'>vira</span> <span class='ocrx_word' id='word_1_3' title='bbox 744 258 778 313; x_wconf 85' lang='lat' dir='ltr'>n.</span> <span class='ocrx_word' id='word_1_4' title='bbox 803 255 981 315; x_wconf 80' lang='lat' dir='ltr'>assurum</span> <span class='ocrx_word' id='word_1_5' title='bbox 1004 255 1247 320; x_wconf 82' lang='lat' dir='ltr'>rtuoutuusts.</span> <span class='ocrx_word' id='word_1_6' title='bbox 1695 264 1763 321; x_wconf 77' lang='lat' dir='ltr'>rsus</span> <span class='ocrx_word' id='word_1_7' title='bbox 1822 220 1824 228; x_wconf 43' lang='lat'><strong>⁴</strong></span> 
     </span>
    </p>
   </div>
   <div class='ocr_carea' id='block_1_2' title="bbox 102 368 1766 1167">
    <p class='ocr_par' dir='ltr' id='par_1_2' title="bbox 102 368 1766 1167">
     <span class='ocr_line' id='line_1_2' title="bbox 102 368 1763 462; baseline 0.003 -23"><span class='ocrx_word' id='word_1_8' title='bbox 102 382 206 462; x_wconf 89' lang='lat' dir='ltr'>aliquot</span> <span class='ocrx_word' id='word_1_9' title='bbox 218 380 422 441; x_wconf 81' lang='lat' dir='ltr'>habitaverant.</span> <span class='ocrx_word' id='word_1_10' title='bbox 442 382 565 442; x_wconf 83' lang='lat' dir='ltr'>liomnus</span> <span class='ocrx_word' id='word_1_11' title='bbox 578 388 669 440; x_wconf 89' lang='lat' dir='ltr'>autem</span> <span class='ocrx_word' id='word_1_12' title='bbox 680 368 785 449; x_wconf 74' lang='lat' dir='ltr'>l&#39;italts,</span> <span class='ocrx_word' id='word_1_13' title='bbox 800 380 837 440; x_wconf 92' lang='lat' dir='ltr'>de</span> <span class='ocrx_word' id='word_1_14' title='bbox 850 396 904 456; x_wconf 89' lang='lat' dir='ltr'>quo</span> <span class='ocrx_word' id='word_1_15' title='bbox 917 378 946 445; x_wconf 79' lang='grc' dir='ltr'>Α</span> <span class='ocrx_word' id='word_1_16' title='bbox 960 380 1134 441; x_wconf 77' lang='lat' dir='ltr'>edificationi</span> <span class='ocrx_word' id='word_1_17' title='bbox 1153 398 1320 459; x_wconf 77' lang='lat' dir='ltr'>congruum,</span> <span class='ocrx_word' id='word_1_18' title='bbox 1349 382 1527 460; x_wconf 88' lang='lat' dir='ltr'>omniumque</span> <span class='ocrx_word' id='word_1_19' title='bbox 1549 402 1641 443; x_wconf 89' lang='lat' dir='ltr'>rerum</span> <span class='ocrx_word' id='word_1_20' title='bbox 1666 388 1763 445; x_wconf 91' lang='lat' dir='ltr'>usibus</span> 
     </span>
     <span class='ocr_line' id='line_1_3' title="bbox 104 466 1763 539; baseline 0.001 -12"><span class='ocrx_word' id='word_1_21' title='bbox 104 466 272 527; x_wconf 81' lang='lat' dir='ltr'>mentionem</span> <span class='ocrx_word' id='word_1_22' title='bbox 286 466 413 536; x_wconf 87' lang='lat' dir='ltr'>tectmua,</span> <span class='ocrx_word' id='word_1_23' title='bbox 428 467 458 523; x_wconf 91' lang='lat' dir='ltr'>tn</span> <span class='ocrx_word' id='word_1_24' title='bbox 472 468 569 525; x_wconf 87' lang='lat' dir='ltr'>eadem</span> <span class='ocrx_word' id='word_1_25' title='bbox 583 467 653 523; x_wconf 78' lang='lat' dir='ltr'>silea</span> <span class='ocrx_word' id='word_1_26' title='bbox 666 466 763 524; x_wconf 88' lang='lat' dir='ltr'>cellam</span> <span class='ocrx_word' id='word_1_27' title='bbox 786 466 841 522; x_wconf 88' lang='lat' dir='ltr'>sibi</span> <span class='ocrx_word' id='word_1_28' title='bbox 863 466 906 522; x_wconf 85' lang='lat' dir='ltr'>la·</span> <span class='ocrx_word' id='word_1_29' title='bbox 960 474 1163 539; x_wconf 66' lang='lat' dir='ltr'>opportunum</span> <span class='ocrx_word' id='word_1_30' title='bbox 1178 469 1205 525; x_wconf 93' lang='lat' dir='ltr'>in</span> <span class='ocrx_word' id='word_1_31' title='bbox 1221 484 1255 526; x_wconf 90' lang='lat' dir='ltr'>ee</span> <span class='ocrx_word' id='word_1_32' title='bbox 1268 478 1458 528; x_wconf 69' lang='lat' dir='ltr'>antecessores</span> <span class='ocrx_word' id='word_1_33' title='bbox 1473 471 1514 527; x_wconf 91' lang='lat' dir='ltr'>aui</span> <span class='ocrx_word' id='word_1_34' title='bbox 1530 472 1678 528; x_wconf 79' lang='lat' dir='ltr'>oratorium</span> <span class='ocrx_word' id='word_1_35' title='bbox 1694 490 1763 531; x_wconf 92' lang='lat' dir='ltr'>con-</span> 
     </span>
     <span class='ocr_line' id='line_1_4' title="bbox 105 556 1763 634; baseline 0.003 -21"><span class='ocrx_word' id='word_1_36' title='bbox 105 556 275 624; x_wconf 87' lang='lat' dir='ltr'>brtcavarat,</span> <span class='ocrx_word' id='word_1_37' title='bbox 290 556 437 613; x_wconf 84' lang='lat' dir='ltr'>distantem</span> <span class='ocrx_word' id='word_1_38' title='bbox 452 556 489 614; x_wconf 88' lang='lat' dir='ltr'>ab</span> <span class='ocrx_word' id='word_1_39' title='bbox 502 556 571 623; x_wconf 89' lang='lat' dir='ltr'>istta,</span> <span class='ocrx_word' id='word_1_40' title='bbox 588 556 696 615; x_wconf 89' lang='lat' dir='ltr'>duobus</span> <span class='ocrx_word' id='word_1_41' title='bbox 719 556 776 613; x_wconf 87' lang='lat' dir='ltr'>lere</span> <span class='ocrx_word' id='word_1_42' title='bbox 799 556 905 624; x_wconf 86' lang='lat' dir='ltr'>stadiis,</span> <span class='ocrx_word' id='word_1_43' title='bbox 962 564 1120 613; x_wconf 82' lang='lat' dir='ltr'>straverant</span> <span class='ocrx_word' id='word_1_44' title='bbox 1134 564 1217 629; x_wconf 88' lang='lat' dir='ltr'>atque</span> <span class='ocrx_word' id='word_1_45' title='bbox 1231 568 1356 632; x_wconf 70' lang='lat' dir='ltr'>stagnum</span> <span class='ocrx_word' id='word_1_46' title='bbox 1373 558 1493 619; x_wconf 86' lang='lat' dir='ltr'>lacerant</span> <span class='ocrx_word' id='word_1_47' title='bbox 1507 567 1535 617; x_wconf 92' lang='lat' dir='ltr'>et</span> <span class='ocrx_word' id='word_1_48' title='bbox 1549 562 1669 633; x_wconf 80' lang='lat' dir='ltr'>virgulta</span> <span class='ocrx_word' id='word_1_49' title='bbox 1683 562 1763 634; x_wconf 86' lang='lat' dir='ltr'>plan-</span> 
     </span>
     <span class='ocr_line' id='line_1_5' title="bbox 106 643 1764 723; baseline 0.004 -22"><span class='ocrx_word' id='word_1_50' title='bbox 106 644 136 701; x_wconf 92' lang='lat' dir='ltr'>tn</span> <span class='ocrx_word' id='word_1_51' title='bbox 153 662 206 718; x_wconf 87' lang='lat' dir='ltr'>qua</span> <span class='ocrx_word' id='word_1_52' title='bbox 220 652 317 717; x_wconf 87' lang='lat' dir='ltr'>postea</span> <span class='ocrx_word' id='word_1_53' title='bbox 339 643 495 702; x_wconf 81' lang='lat' dir='ltr'>coencblum</span> <span class='ocrx_word' id='word_1_54' title='bbox 519 645 685 705; x_wconf 82' lang='lat' dir='ltr'>construxit.</span> <span class='ocrx_word' id='word_1_55' title='bbox 704 646 758 702; x_wconf 80' lang='lat' dir='ltr'>Sed</span> <span class='ocrx_word' id='word_1_56' title='bbox 774 645 905 718; x_wconf 87' lang='lat' dir='ltr'>quoniam</span> <span class='ocrx_word' id='word_1_57' title='bbox 960 652 1094 723; x_wconf 80' lang='lat' dir='ltr'>taverunt.</span> <span class='ocrx_word' id='word_1_58' title='bbox 1108 646 1153 703; x_wconf 78' lang='lat' dir='ltr'>nt</span> <span class='ocrx_word' id='word_1_59' title='bbox 1168 648 1241 719; x_wconf 90' lang='lat' dir='ltr'>qued</span> <span class='ocrx_word' id='word_1_60' title='bbox 1255 648 1496 705; x_wconf 85' lang='lat' dir='ltr'>demonstrandum</span> <span class='ocrx_word' id='word_1_61' title='bbox 1511 650 1573 705; x_wconf 91' lang='lat' dir='ltr'>iilos</span> <span class='ocrx_word' id='word_1_62' title='bbox 1588 651 1658 707; x_wconf 81' lang='lat' dir='ltr'>(tuos</span> <span class='ocrx_word' id='word_1_63' title='bbox 1669 668 1764 707; x_wconf 90' lang='lat' dir='ltr'>mona·</span> 
     </span>
     <span class='ocr_line' id='line_1_6' title="bbox 105 732 1765 815; baseline 0.002 -24"><span class='ocrx_word' id='word_1_64' title='bbox 105 734 201 792; x_wconf 83' lang='lat' dir='ltr'>diuina</span> <span class='ocrx_word' id='word_1_65' title='bbox 214 734 361 807; x_wconf 74' lang='lat' dir='ltr'><strong>dispositio</strong></span> <span class='ocrx_word' id='word_1_66' title='bbox 374 735 430 791; x_wconf 90' lang='lat' dir='ltr'>duo</span> <span class='ocrx_word' id='word_1_67' title='bbox 444 741 499 791; x_wconf 93' lang='lat' dir='ltr'>tam</span> <span class='ocrx_word' id='word_1_68' title='bbox 513 750 614 809; x_wconf 71' lang='lat' dir='ltr'>magna</span> <span class='ocrx_word' id='word_1_69' title='bbox 628 734 772 793; x_wconf 87' lang='lat' dir='ltr'>luminaria</span> <span class='ocrx_word' id='word_1_70' title='bbox 796 734 907 791; x_wconf 75' lang='lat' dir='ltr'>insimul</span> <span class='ocrx_word' id='word_1_71' title='bbox 961 732 1029 795; x_wconf 84' lang='lat' dir='ltr'>ciros</span> <span class='ocrx_word' id='word_1_72' title='bbox 1044 732 1103 791; x_wconf 86' lang='lat' dir='ltr'>stne</span> <span class='ocrx_word' id='word_1_73' title='bbox 1118 734 1211 808; x_wconf 86' lang='lat' dir='ltr'>aliqua</span> <span class='ocrx_word' id='word_1_74' title='bbox 1226 735 1356 793; x_wconf 91' lang='lat' dir='ltr'>dilatione</span> <span class='ocrx_word' id='word_1_75' title='bbox 1371 736 1517 809; x_wconf 82' lang='lat' dir='ltr'>perduxit,</span> <span class='ocrx_word' id='word_1_76' title='bbox 1533 738 1654 815; x_wconf 87' lang='lat' dir='ltr'>illudque</span> <span class='ocrx_word' id='word_1_77' title='bbox 1670 747 1765 796; x_wconf 83' lang='lat' dir='ltr'>serrcto</span> 
     </span>
     <span class='ocr_line' id='line_1_7' title="bbox 104 821 1766 900; baseline 0.003 -21"><span class='ocrx_word' id='word_1_78' title='bbox 104 823 265 880; x_wconf 69' lang='lat' dir='ltr'>cohabitare</span> <span class='ocrx_word' id='word_1_79' title='bbox 278 823 383 893; x_wconf 88' lang='lat' dir='ltr'>notuit,</span> <span class='ocrx_word' id='word_1_80' title='bbox 397 838 481 881; x_wconf 92' lang='lat' dir='ltr'>unum</span> <span class='ocrx_word' id='word_1_81' title='bbox 495 823 604 881; x_wconf 90' lang='lat' dir='ltr'>iliorum</span> <span class='ocrx_word' id='word_1_82' title='bbox 619 824 657 879; x_wconf 87' lang='lat' dir='ltr'>ibi</span> <span class='ocrx_word' id='word_1_83' title='bbox 670 838 814 879; x_wconf 87' lang='lat' dir='ltr'>remanere</span> <span class='ocrx_word' id='word_1_84' title='bbox 834 823 907 895; x_wconf 90' lang='lat' dir='ltr'>lecit,</span> <span class='ocrx_word' id='word_1_85' title='bbox 960 821 1020 879; x_wconf 83' lang='lat' dir='ltr'>vtro</span> <span class='ocrx_word' id='word_1_86' title='bbox 1033 822 1083 879; x_wconf 86' lang='lat' dir='ltr'>Dei</span> <span class='ocrx_word' id='word_1_87' title='bbox 1102 824 1242 881; x_wconf 83' lang='lat' dir='ltr'>demando</span> <span class='ocrx_word' id='word_1_88' title='bbox 1266 839 1299 883; x_wconf 91' lang='lat' dir='ltr'>ac</span> <span class='ocrx_word' id='word_1_89' title='bbox 1321 826 1464 883; x_wconf 84' lang='lat' dir='ltr'>monacbis</span> <span class='ocrx_word' id='word_1_90' title='bbox 1488 829 1550 896; x_wconf 83' lang='lat' dir='ltr'>ejrrs</span> <span class='ocrx_word' id='word_1_91' title='bbox 1570 826 1766 900; x_wconf 87' lang='lat' dir='ltr'>perpetualiter</span> 
     </span>
     <span class='ocr_line' id='line_1_8' title="bbox 103 910 1762 991; baseline 0.001 -22"><span class='ocrx_word' id='word_1_92' title='bbox 103 913 186 971; x_wconf 90' lang='lat' dir='ltr'>altum</span> <span class='ocrx_word' id='word_1_93' title='bbox 201 913 237 969; x_wconf 89' lang='lat' dir='ltr'>ad</span> <span class='ocrx_word' id='word_1_94' title='bbox 251 912 320 970; x_wconf 91' lang='lat' dir='ltr'>altas</span> <span class='ocrx_word' id='word_1_95' title='bbox 333 912 543 991; x_wconf 76' lang='lat' dir='ltr'>perlustrandas</span> <span class='ocrx_word' id='word_1_96' title='bbox 558 913 688 987; x_wconf 76' lang='lat' dir='ltr'>regiones</span> <span class='ocrx_word' id='word_1_97' title='bbox 701 912 856 971; x_wconf 88' lang='lat' dir='ltr'>destinavit.</span> <span class='ocrx_word' id='word_1_98' title='bbox 959 910 1157 983; x_wconf 86' lang='lat' dir='ltr'>possidendum</span> <span class='ocrx_word' id='word_1_99' title='bbox 1170 914 1318 971; x_wconf 88' lang='lat' dir='ltr'>concessit.</span> <span class='ocrx_word' id='word_1_100' title='bbox 1334 914 1395 985; x_wconf 90' lang='lat' dir='ltr'>Quo</span> <span class='ocrx_word' id='word_1_101' title='bbox 1411 914 1538 987; x_wconf 89' lang='lat' dir='ltr'>discipuli</span> <span class='ocrx_word' id='word_1_102' title='bbox 1553 924 1680 988; x_wconf 86' lang='lat' dir='ltr'>suscepto</span> <span class='ocrx_word' id='word_1_103' title='bbox 1695 916 1762 985; x_wconf 76' lang='lat' dir='ltr'>tati,</span> 
     </span>
     <span class='ocr_line' id='line_1_9' title="bbox 548 1000 1765 1081; baseline 0.005 -27"><span class='ocrx_word' id='word_1_104' title='bbox 548 1064 556 1076; x_wconf 29' lang='lat'><strong>⁹</strong></span> <span class='ocrx_word' id='word_1_105' title='bbox 960 1000 1084 1057; x_wconf 87' lang='lat' dir='ltr'>emnium</span> <span class='ocrx_word' id='word_1_106' title='bbox 1097 1000 1191 1059; x_wconf 85' lang='lat' dir='ltr'>batoni</span> <span class='ocrx_word' id='word_1_107' title='bbox 1201 1002 1333 1059; x_wconf 79' lang='lat' dir='ltr'>benonim</span> <span class='ocrx_word' id='word_1_108' title='bbox 1345 1012 1439 1081; x_wconf 81' lang='lat' dir='ltr'>grates</span> <span class='ocrx_word' id='word_1_109' title='bbox 1449 1004 1556 1061; x_wconf 87' lang='lat' dir='ltr'>debitas</span> <span class='ocrx_word' id='word_1_110' title='bbox 1569 1004 1676 1077; x_wconf 85' lang='lat' dir='ltr'>ipsique</span> <span class='ocrx_word' id='word_1_111' title='bbox 1690 1005 1765 1079; x_wconf 87' lang='lat' dir='ltr'>prin-</span> 
     </span>
     <span class='ocr_line' id='line_1_10' title="bbox 402 1064 1765 1167; baseline 0.007 -23"><span class='ocrx_word' id='word_1_112' title='bbox 402 1064 515 1127; x_wconf 57' lang='lat' dir='ltr'>CPPUT</span> <span class='ocrx_word' id='word_1_113' title='bbox 535 1065 606 1127; x_wconf 56' lang='lat' dir='ltr'>iifl·</span> <span class='ocrx_word' id='word_1_114' title='bbox 959 1088 1016 1161; x_wconf 88' lang='lat' dir='ltr'>etpl</span> <span class='ocrx_word' id='word_1_115' title='bbox 1030 1088 1196 1158; x_wconf 86' lang='lat' dir='ltr'>detulerunt,</span> <span class='ocrx_word' id='word_1_116' title='bbox 1209 1098 1236 1147; x_wconf 90' lang='lat' dir='ltr'>at</span> <span class='ocrx_word' id='word_1_117' title='bbox 1250 1092 1395 1160; x_wconf 81' lang='lat' dir='ltr'>visionem,</span> <span class='ocrx_word' id='word_1_118' title='bbox 1408 1108 1487 1167; x_wconf 87' lang='lat' dir='ltr'>quam</span> <span class='ocrx_word' id='word_1_119' title='bbox 1504 1108 1520 1148; x_wconf 92' lang='lat' dir='ltr'>a</span> <span class='ocrx_word' id='word_1_120' title='bbox 1534 1094 1621 1150; x_wconf 90' lang='lat' dir='ltr'>sedati</span> <span class='ocrx_word' id='word_1_121' title='bbox 1637 1108 1765 1167; x_wconf 86' lang='lat' dir='ltr'>percepe-</span> 
     </span>
    </p>
   </div>
   <div class='ocr_carea' id='block_1_3' title="bbox 103 1179 1763 1341">
    <p class='ocr_par' dir='ltr' id='par_1_3' title="bbox 103 1179 1763 1341">
     <span class='ocr_line' id='line_1_11' title="bbox 103 1179 1763 1255; baseline 0.005 -8"><span class='ocrx_word' id='word_1_122' title='bbox 103 1190 307 1254; x_wconf 81' lang='lat' dir='ltr'>tdaaastcrtum</span> <span class='ocrx_word' id='word_1_123' title='bbox 322 1191 355 1251; x_wconf 85' lang='lat' dir='ltr'>in</span> <span class='ocrx_word' id='word_1_124' title='bbox 370 1189 525 1251; x_wconf 82' lang='lat' dir='ltr'>Parcitcnst</span> <span class='ocrx_word' id='word_1_125' title='bbox 539 1190 679 1253; x_wconf 84' lang='lat' dir='ltr'>comitutu</span> <span class='ocrx_word' id='word_1_126' title='bbox 696 1192 907 1251; x_wconf 74' lang='lat' dir='ltr'>aestuatum.-</span> <span class='ocrx_word' id='word_1_127' title='bbox 961 1185 1040 1247; x_wconf 69' lang='lat' dir='ltr'>fflti,</span> <span class='ocrx_word' id='word_1_128' title='bbox 1064 1192 1159 1235; x_wconf 65' lang='lat' dir='ltr'>imm</span> <span class='ocrx_word' id='word_1_129' title='bbox 1182 1179 1284 1251; x_wconf 83' lang='lat' dir='ltr'>misse,</span> <span class='ocrx_word' id='word_1_130' title='bbox 1309 1189 1366 1238; x_wconf 87' lang='lat' dir='ltr'>tam</span> <span class='ocrx_word' id='word_1_131' title='bbox 1391 1198 1526 1255; x_wconf 62' lang='lat' dir='ltr'>limitem</span> <span class='ocrx_word' id='word_1_132' title='bbox 1549 1190 1656 1255; x_wconf 82' lang='lat' dir='ltr'>tamque</span> <span class='ocrx_word' id='word_1_133' title='bbox 1680 1182 1763 1241; x_wconf 83' lang='lat' dir='ltr'>ceteri</span> 
     </span>
     <span class='ocr_line' id='line_1_12' title="bbox 211 1260 1763 1341; baseline 0.002 -16"><span class='ocrx_word' id='word_1_134' title='bbox 211 1260 488 1335; x_wconf 66' lang='lat' dir='ltr'>lauressamensis,</span> <span class='ocrx_word' id='word_1_135' title='bbox 505 1266 535 1318; x_wconf 83' lang='lat' dir='ltr'>ct</span> <span class='ocrx_word' id='word_1_136' title='bbox 549 1263 581 1317; x_wconf 84' lang='lat' dir='ltr'>tn</span> <span class='ocrx_word' id='word_1_137' title='bbox 597 1262 669 1317; x_wconf 83' lang='lat' dir='ltr'>atim</span> <span class='ocrx_word' id='word_1_138' title='bbox 683 1262 799 1319; x_wconf 82' lang='lat' dir='ltr'>cultata·</span> <span class='ocrx_word' id='word_1_139' title='bbox 960 1274 1063 1325; x_wconf 87' lang='lat' dir='ltr'>aventu</span> <span class='ocrx_word' id='word_1_140' title='bbox 1077 1267 1237 1341; x_wconf 86' lang='lat' dir='ltr'>acrtlticsti,</span> <span class='ocrx_word' id='word_1_141' title='bbox 1252 1270 1364 1328; x_wconf 90' lang='lat' dir='ltr'>minime</span> <span class='ocrx_word' id='word_1_142' title='bbox 1380 1271 1548 1327; x_wconf 77' lang='lat' dir='ltr'>dubitarunt.</span> <span class='ocrx_word' id='word_1_143' title='bbox 1568 1270 1620 1337; x_wconf 89' lang='lat' dir='ltr'>Qui</span> <span class='ocrx_word' id='word_1_144' title='bbox 1635 1288 1650 1327; x_wconf 89' lang='lat' dir='ltr'>a</span> <span class='ocrx_word' id='word_1_145' title='bbox 1663 1273 1763 1331; x_wconf 79' lang='lat' dir='ltr'>comite</span> 
     </span>
    </p>
   </div>
   <div class='ocr_carea' id='block_1_4' title="bbox 106 1384 907 1731">
    <p class='ocr_par' dir='ltr' id='par_1_4' title="bbox 106 1384 907 1731">
     <span class='ocr_line' id='line_1_13' title="bbox 144 1384 907 1460; baseline -0.003 -17"><span class='ocrx_word' id='word_1_146' title='bbox 144 1390 192 1444; x_wconf 86' lang='lat' dir='ltr'>ss.</span> <span class='ocrx_word' id='word_1_147' title='bbox 219 1386 372 1445; x_wconf 84' lang='lat' dir='ltr'>Commovit</span> <span class='ocrx_word' id='word_1_148' title='bbox 395 1386 481 1459; x_wconf 81' lang='lat' dir='ltr'>igitur</span> <span class='ocrx_word' id='word_1_149' title='bbox 501 1386 601 1443; x_wconf 80' lang='lat' dir='ltr'>divinae</span> <span class='ocrx_word' id='word_1_150' title='bbox 622 1393 706 1443; x_wconf 88' lang='lat' dir='ltr'>nutus</span> <span class='ocrx_word' id='word_1_151' title='bbox 729 1384 907 1460; x_wconf 71' lang='lat' dir='ltr'>providentius</span> 
     </span>
     <span class='ocr_line' id='line_1_14' title="bbox 107 1474 907 1549; baseline -0.003 -16"><span class='ocrx_word' id='word_1_152' title='bbox 107 1485 227 1533; x_wconf 87' lang='lat' dir='ltr'>ruentem</span> <span class='ocrx_word' id='word_1_153' title='bbox 243 1477 284 1532; x_wconf 87' lang='lat' dir='ltr'>sui</span> <span class='ocrx_word' id='word_1_154' title='bbox 300 1475 394 1533; x_wconf 85' lang='lat' dir='ltr'>iamnli</span> <span class='ocrx_word' id='word_1_155' title='bbox 407 1476 552 1545; x_wconf 86' lang='lat' dir='ltr'>bernardi,</span> <span class='ocrx_word' id='word_1_156' title='bbox 564 1476 743 1549; x_wconf 89' lang='lat' dir='ltr'>omniumque</span> <span class='ocrx_word' id='word_1_157' title='bbox 756 1474 907 1547; x_wconf 87' lang='lat' dir='ltr'>discipulo·</span> 
     </span>
     <span class='ocr_line' id='line_1_15' title="bbox 107 1563 906 1640; baseline -0.003 -19"><span class='ocrx_word' id='word_1_158' title='bbox 107 1582 171 1622; x_wconf 90' lang='lat' dir='ltr'>rum</span> <span class='ocrx_word' id='word_1_159' title='bbox 194 1566 274 1639; x_wconf 75' lang='lat' dir='ltr'>ejus,</span> <span class='ocrx_word' id='word_1_160' title='bbox 290 1573 322 1621; x_wconf 94' lang='lat' dir='ltr'>ut</span> <span class='ocrx_word' id='word_1_161' title='bbox 336 1566 370 1621; x_wconf 92' lang='lat' dir='ltr'>ad</span> <span class='ocrx_word' id='word_1_162' title='bbox 383 1566 449 1621; x_wconf 85' lang='lat' dir='ltr'>alins</span> <span class='ocrx_word' id='word_1_163' title='bbox 473 1566 625 1640; x_wconf 79' lang='lat' dir='ltr'>migrarent</span> <span class='ocrx_word' id='word_1_164' title='bbox 648 1566 790 1637; x_wconf 74' lang='lat' dir='ltr'>regiones,</span> <span class='ocrx_word' id='word_1_165' title='bbox 806 1571 833 1621; x_wconf 89' lang='lat' dir='ltr'>ct</span> <span class='ocrx_word' id='word_1_166' title='bbox 843 1563 906 1621; x_wconf 77' lang='lat' dir='ltr'>ten·</span> 
     </span>
     <span class='ocr_line' id='line_1_16' title="bbox 106 1652 906 1731; baseline 0 -22"><span class='ocrx_word' id='word_1_167' title='bbox 106 1656 224 1729; x_wconf 83' lang='lat' dir='ltr'>gtnquns</span> <span class='ocrx_word' id='word_1_168' title='bbox 248 1654 354 1711; x_wconf 85' lang='lat' dir='ltr'>adirent</span> <span class='ocrx_word' id='word_1_169' title='bbox 375 1654 550 1712; x_wconf 87' lang='lat' dir='ltr'>solitudines.</span> <span class='ocrx_word' id='word_1_170' title='bbox 578 1654 753 1731; x_wconf 86' lang='lat' dir='ltr'>Quapropter</span> <span class='ocrx_word' id='word_1_171' title='bbox 772 1652 906 1709; x_wconf 88' lang='lat' dir='ltr'>minorem</span> 
     </span>
    </p>
   </div>
   <div class='ocr_carea' id='block_1_5' title="bbox 959 1356 1764 1435">
    <p class='ocr_par' dir='ltr' id='par_1_5' title="bbox 959 1356 1764 1435">
     <span class='ocr_line' id='line_1_17' title="bbox 959 1356 1764 1435; baseline 0.004 -22"><span class='ocrx_word' id='word_1_172' title='bbox 959 1356 1054 1413; x_wconf 85' lang='lat' dir='ltr'>redtre</span> <span class='ocrx_word' id='word_1_173' title='bbox 1066 1356 1142 1429; x_wconf 83' lang='lat' dir='ltr'>jussi</span> <span class='ocrx_word' id='word_1_174' title='bbox 1156 1358 1280 1415; x_wconf 89' lang='lat' dir='ltr'>abierunt</span> <span class='ocrx_word' id='word_1_175' title='bbox 1295 1366 1337 1425; x_wconf 85' lang='lat' dir='ltr'>et,</span> <span class='ocrx_word' id='word_1_176' title='bbox 1354 1368 1381 1415; x_wconf 89' lang='lat' dir='ltr'>ut</span> <span class='ocrx_word' id='word_1_177' title='bbox 1395 1358 1455 1433; x_wconf 89' lang='lat' dir='ltr'>ipse</span> <span class='ocrx_word' id='word_1_178' title='bbox 1470 1361 1657 1429; x_wconf 85' lang='lat' dir='ltr'>mandaverat,</span> <span class='ocrx_word' id='word_1_179' title='bbox 1671 1362 1764 1435; x_wconf 83' lang='lat' dir='ltr'>magi-</span> 
     </span>
    </p>
   </div>
   <div class='ocr_carea' id='block_1_6' title="bbox 963 1444 1870 1521">
    <p class='ocr_par' dir='ltr' id='par_1_6' title="bbox 963 1444 1870 1521">
     <span class='ocr_line' id='line_1_18' title="bbox 963 1444 1870 1521; baseline 0.006 -20"><span class='ocrx_word' id='word_1_180' title='bbox 963 1455 1050 1503; x_wconf 87' lang='lat' dir='ltr'>strum</span> <span class='ocrx_word' id='word_1_181' title='bbox 1065 1446 1253 1504; x_wconf 85' lang='lat' dir='ltr'>adduxerunt.</span> <span class='ocrx_word' id='word_1_182' title='bbox 1273 1447 1362 1511; x_wconf 86' lang='lat' dir='ltr'>Quem</span> <span class='ocrx_word' id='word_1_183' title='bbox 1378 1449 1488 1521; x_wconf 88' lang='lat' dir='ltr'>quidem</span> <span class='ocrx_word' id='word_1_184' title='bbox 1505 1449 1602 1506; x_wconf 88' lang='lat' dir='ltr'>consul</span> <span class='ocrx_word' id='word_1_185' title='bbox 1616 1450 1706 1507; x_wconf 86' lang='lat' dir='ltr'>debita</span> <span class='ocrx_word' id='word_1_186' title='bbox 1721 1450 1764 1505; x_wconf 91' lang='lat' dir='ltr'>di·</span> <span class='ocrx_word' id='word_1_187' title='bbox 1867 1444 1870 1455; x_wconf 87' lang='lat'>&#39;</span> 
     </span>
    </p>
   </div>
   <div class='ocr_carea' id='block_1_7' title="bbox 958 1534 1764 1701">
    <p class='ocr_par' dir='ltr' id='par_1_7' title="bbox 958 1534 1764 1701">
     <span class='ocr_line' id='line_1_19' title="bbox 960 1534 1764 1611; baseline 0 -16"><span class='ocrx_word' id='word_1_188' title='bbox 960 1534 1077 1609; x_wconf 72' lang='lat' dir='ltr'>ligantia</span> <span class='ocrx_word' id='word_1_189' title='bbox 1091 1535 1216 1597; x_wconf 79' lang='lat' dir='ltr'>sensuri</span> <span class='ocrx_word' id='word_1_190' title='bbox 1232 1536 1343 1597; x_wconf 83' lang='lat' dir='ltr'>studuit.</span> <span class='ocrx_word' id='word_1_191' title='bbox 1368 1538 1422 1595; x_wconf 87' lang='lat' dir='ltr'>Sed</span> <span class='ocrx_word' id='word_1_192' title='bbox 1437 1538 1618 1611; x_wconf 87' lang='lat' dir='ltr'>quorumdam</span> <span class='ocrx_word' id='word_1_193' title='bbox 1631 1539 1764 1611; x_wconf 87' lang='lat' dir='ltr'>deceptus</span> 
     </span>
     <span class='ocr_line' id='line_1_20' title="bbox 958 1622 1764 1701; baseline 0 -18"><span class='ocrx_word' id='word_1_194' title='bbox 958 1622 1085 1693; x_wconf 80' lang='lat' dir='ltr'>consitio,</span> <span class='ocrx_word' id='word_1_195' title='bbox 1102 1632 1184 1698; x_wconf 86' lang='lat' dir='ltr'>atque</span> <span class='ocrx_word' id='word_1_196' title='bbox 1199 1626 1329 1685; x_wconf 84' lang='lat' dir='ltr'>maternis</span> <span class='ocrx_word' id='word_1_197' title='bbox 1343 1626 1429 1695; x_wconf 84' lang='lat' dir='ltr'>jussis</span> <span class='ocrx_word' id='word_1_198' title='bbox 1446 1628 1649 1701; x_wconf 86' lang='lat' dir='ltr'>obtemperans,</span> <span class='ocrx_word' id='word_1_199' title='bbox 1661 1628 1764 1687; x_wconf 90' lang='lat' dir='ltr'>donum</span> 
     </span>
    </p>
   </div>
   <div class='ocr_carea' id='block_1_8' title="bbox 107 1712 1765 1823">
    <p class='ocr_par' dir='ltr' id='par_1_8' title="bbox 107 1712 1765 1823">
     <span class='ocr_line' id='line_1_21' title="bbox 107 1712 1765 1823; baseline 0.001 -23"><span class='ocrx_word' id='word_1_200' title='bbox 107 1760 144 1800; x_wconf 86' lang='lat' dir='ltr'>en</span> <span class='ocrx_word' id='word_1_201' title='bbox 173 1742 315 1817; x_wconf 81' lang='lat' dir='ltr'>discipulis</span> <span class='ocrx_word' id='word_1_202' title='bbox 340 1743 397 1799; x_wconf 91' lang='lat' dir='ltr'>suls</span> <span class='ocrx_word' id='word_1_203' title='bbox 419 1743 494 1799; x_wconf 88' lang='lat' dir='ltr'>misit</span> <span class='ocrx_word' id='word_1_204' title='bbox 514 1744 548 1799; x_wconf 88' lang='lat' dir='ltr'>ad</span> <span class='ocrx_word' id='word_1_205' title='bbox 571 1742 764 1823; x_wconf 86' lang='lat' dir='ltr'>inquirendam</span> <span class='ocrx_word' id='word_1_206' title='bbox 791 1712 1035 1812; x_wconf 61' lang='grc' dir='ltr'>11111111Β111οᾱ</span> <span class='ocrx_word' id='word_1_207' title='bbox 1051 1712 1765 1775; x_wconf 54' lang='lat' dir='ltr'>sw‘a‘eifwmt&#39;p‘aedimmumffl&#39;fflism·</span> 
     </span>
    </p>
   </div>
   <div class='ocr_carea' id='block_1_9' title="bbox 106 1830 910 3070">
    <p class='ocr_par' dir='ltr' id='par_1_9' title="bbox 106 1830 910 3070">
     <span class='ocr_line' id='line_1_22' title="bbox 109 1830 909 1906; baseline -0.003 -18"><span class='ocrx_word' id='word_1_208' title='bbox 109 1830 196 1889; x_wconf 90' lang='lat' dir='ltr'>ereml</span> <span class='ocrx_word' id='word_1_209' title='bbox 212 1832 378 1900; x_wconf 86' lang='lat' dir='ltr'>vastitatem,</span> <span class='ocrx_word' id='word_1_210' title='bbox 392 1830 422 1887; x_wconf 88' lang='lat' dir='ltr'>in</span> <span class='ocrx_word' id='word_1_211' title='bbox 437 1848 489 1906; x_wconf 85' lang='lat' dir='ltr'>qua</span> <span class='ocrx_word' id='word_1_212' title='bbox 508 1832 559 1888; x_wconf 92' lang='lat' dir='ltr'>sibi</span> <span class='ocrx_word' id='word_1_213' title='bbox 574 1840 627 1887; x_wconf 84' lang='lat' dir='ltr'>tem</span> <span class='ocrx_word' id='word_1_214' title='bbox 643 1832 763 1905; x_wconf 86' lang='lat' dir='ltr'>amplam</span> <span class='ocrx_word' id='word_1_215' title='bbox 789 1830 909 1888; x_wconf 87' lang='lat' dir='ltr'>iubrica-</span> 
     </span>
     <span class='ocr_line' id='line_1_23' title="bbox 110 1922 908 2000; baseline 0.001 -25"><span class='ocrx_word' id='word_1_216' title='bbox 110 1928 171 1977; x_wconf 91' lang='lat' dir='ltr'>reut</span> <span class='ocrx_word' id='word_1_217' title='bbox 186 1922 392 1989; x_wconf 78' lang='lat' dir='ltr'>habitationem,</span> <span class='ocrx_word' id='word_1_218' title='bbox 409 1939 470 2000; x_wconf 85' lang='lat' dir='ltr'>quae</span> <span class='ocrx_word' id='word_1_219' title='bbox 483 1938 579 1979; x_wconf 90' lang='lat' dir='ltr'>omnes</span> <span class='ocrx_word' id='word_1_220' title='bbox 592 1922 673 1977; x_wconf 89' lang='lat' dir='ltr'>simul</span> <span class='ocrx_word' id='word_1_221' title='bbox 689 1937 790 1994; x_wconf 87' lang='lat' dir='ltr'>capere</span> <span class='ocrx_word' id='word_1_222' title='bbox 804 1928 908 1993; x_wconf 88' lang='lat' dir='ltr'>posset,</span> 
     </span>
     <span class='ocr_line' id='line_1_24' title="bbox 108 2010 908 2089; baseline 0.003 -24"><span class='ocrx_word' id='word_1_223' title='bbox 108 2019 141 2065; x_wconf 94' lang='lat' dir='ltr'>ut</span> <span class='ocrx_word' id='word_1_224' title='bbox 155 2010 248 2071; x_wconf 87' lang='lat' dir='ltr'>nullus</span> <span class='ocrx_word' id='word_1_225' title='bbox 272 2024 364 2070; x_wconf 87' lang='lat' dir='ltr'>cerum</span> <span class='ocrx_word' id='word_1_226' title='bbox 390 2020 537 2089; x_wconf 72' lang='lat' dir='ltr'>cogeretur</span> <span class='ocrx_word' id='word_1_227' title='bbox 559 2012 664 2085; x_wconf 84' lang='lat' dir='ltr'>absque</span> <span class='ocrx_word' id='word_1_228' title='bbox 687 2012 749 2083; x_wconf 90' lang='lat' dir='ltr'>ipso</span> <span class='ocrx_word' id='word_1_229' title='bbox 773 2010 908 2076; x_wconf 87' lang='lat' dir='ltr'>babitare,</span> 
     </span>
     <span class='ocr_line' id='line_1_25' title="bbox 110 2098 909 2171; baseline 0 -18"><span class='ocrx_word' id='word_1_230' title='bbox 110 2099 175 2171; x_wconf 86' lang='lat' dir='ltr'>quia</span> <span class='ocrx_word' id='word_1_231' title='bbox 197 2099 331 2156; x_wconf 85' lang='lat' dir='ltr'>hocerat</span> <span class='ocrx_word' id='word_1_232' title='bbox 355 2099 409 2155; x_wconf 91' lang='lat' dir='ltr'>illis</span> <span class='ocrx_word' id='word_1_233' title='bbox 431 2098 656 2157; x_wconf 88' lang='lat' dir='ltr'>molestissimum</span> <span class='ocrx_word' id='word_1_234' title='bbox 678 2098 764 2155; x_wconf 85' lang='lat' dir='ltr'>terre.</span> <span class='ocrx_word' id='word_1_235' title='bbox 793 2100 909 2155; x_wconf 78' lang='lat' dir='ltr'>Panium</span> 
     </span>
     <span class='ocr_line' id='line_1_26' title="bbox 109 2185 908 2261; baseline -0.001 -18"><span class='ocrx_word' id='word_1_236' title='bbox 109 2185 256 2243; x_wconf 83' lang='lat' dir='ltr'>etenimex</span> <span class='ocrx_word' id='word_1_237' title='bbox 271 2186 363 2244; x_wconf 88' lang='lat' dir='ltr'>verbis</span> <span class='ocrx_word' id='word_1_238' title='bbox 378 2189 437 2259; x_wconf 89' lang='lat' dir='ltr'>ejus</span> <span class='ocrx_word' id='word_1_239' title='bbox 451 2196 478 2245; x_wconf 88' lang='lat' dir='ltr'>et</span> <span class='ocrx_word' id='word_1_240' title='bbox 490 2188 639 2261; x_wconf 84' lang='lat' dir='ltr'>praeseutia</span> <span class='ocrx_word' id='word_1_241' title='bbox 650 2186 786 2244; x_wconf 85' lang='lat' dir='ltr'>trabebant</span> <span class='ocrx_word' id='word_1_242' title='bbox 806 2202 908 2245; x_wconf 88' lang='lat' dir='ltr'>conce-</span> 
     </span>
     <span class='ocr_line' id='line_1_27' title="bbox 107 2272 909 2349; baseline 0.005 -18"><span class='ocrx_word' id='word_1_243' title='bbox 107 2272 250 2343; x_wconf 87' lang='lat' dir='ltr'>laticnam,</span> <span class='ocrx_word' id='word_1_244' title='bbox 265 2283 295 2335; x_wconf 90' lang='lat' dir='ltr'>nt</span> <span class='ocrx_word' id='word_1_245' title='bbox 309 2276 423 2337; x_wconf 80' lang='lat' dir='ltr'>mattam</span> <span class='ocrx_word' id='word_1_246' title='bbox 435 2292 499 2337; x_wconf 87' lang='lat' dir='ltr'>cum</span> <span class='ocrx_word' id='word_1_247' title='bbox 516 2277 579 2349; x_wconf 81' lang='lat' dir='ltr'>ipse</span> <span class='ocrx_word' id='word_1_248' title='bbox 602 2275 778 2349; x_wconf 64' lang='lat' dir='ltr'>sauvissima</span> <span class='ocrx_word' id='word_1_249' title='bbox 789 2291 909 2349; x_wconf 85' lang='lat' dir='ltr'>pauper-</span> 
     </span>
     <span class='ocr_line' id='line_1_28' title="bbox 108 2364 910 2439; baseline 0.005 -20"><span class='ocrx_word' id='word_1_250' title='bbox 108 2365 172 2421; x_wconf 84' lang='lat' dir='ltr'>tatis</span> <span class='ocrx_word' id='word_1_251' title='bbox 194 2379 265 2425; x_wconf 92' lang='lat' dir='ltr'>onua</span> <span class='ocrx_word' id='word_1_252' title='bbox 280 2364 424 2434; x_wconf 74' lang='lat' dir='ltr'>surdum,</span> <span class='ocrx_word' id='word_1_253' title='bbox 439 2380 521 2439; x_wconf 88' lang='lat' dir='ltr'>quam</span> <span class='ocrx_word' id='word_1_254' title='bbox 545 2365 605 2427; x_wconf 85' lang='lat' dir='ltr'>siue</span> <span class='ocrx_word' id='word_1_255' title='bbox 625 2365 673 2429; x_wconf 87' lang='lat' dir='ltr'>ille</span> <span class='ocrx_word' id='word_1_256' title='bbox 694 2364 798 2427; x_wconf 88' lang='lat' dir='ltr'>divitiis</span> <span class='ocrx_word' id='word_1_257' title='bbox 821 2364 910 2425; x_wconf 80' lang='lat' dir='ltr'>abun-</span> 
     </span>
     <span class='ocr_line' id='line_1_29' title="bbox 106 2452 909 2524; baseline 0.002 -13"><span class='ocrx_word' id='word_1_258' title='bbox 106 2454 185 2511; x_wconf 84' lang='lat' dir='ltr'>dare.</span> <span class='ocrx_word' id='word_1_259' title='bbox 202 2452 255 2524; x_wconf 80' lang='grc'>011</span> <span class='ocrx_word' id='word_1_260' title='bbox 269 2469 333 2516; x_wconf 89' lang='lat' dir='ltr'>cum</span> <span class='ocrx_word' id='word_1_261' title='bbox 347 2454 451 2517; x_wconf 81' lang='lat' dir='ltr'>nuttam</span> <span class='ocrx_word' id='word_1_262' title='bbox 466 2454 781 2521; x_wconf 68' lang='lat' dir='ltr'>terminaremus</span> <span class='ocrx_word' id='word_1_263' title='bbox 795 2454 831 2515; x_wconf 85' lang='lat' dir='ltr'>ad</span> <span class='ocrx_word' id='word_1_264' title='bbox 846 2470 909 2515; x_wconf 89' lang='lat' dir='ltr'>aum</span> 
     </span>
     <span class='ocr_line' id='line_1_30' title="bbox 106 2541 908 2612; baseline -0.002 -11"><span class='ocrx_word' id='word_1_265' title='bbox 106 2542 258 2603; x_wconf 73' lang='grc'><strong>1111111110</strong></span> <span class='ocrx_word' id='word_1_266' title='bbox 272 2541 373 2603; x_wconf 82' lang='lat' dir='ltr'>laboris</span> <span class='ocrx_word' id='word_1_267' title='bbox 386 2541 479 2605; x_wconf 72' lang='lat' dir='ltr'>fructu</span> <span class='ocrx_word' id='word_1_268' title='bbox 503 2551 674 2612; x_wconf 72' lang='lat' dir='ltr'>remesrsatr</span> <span class='ocrx_word' id='word_1_269' title='bbox 699 2542 842 2604; x_wconf 84' lang='lat' dir='ltr'>intimatur</span> <span class='ocrx_word' id='word_1_270' title='bbox 866 2542 908 2603; x_wconf 88' lang='lat' dir='ltr'>ais</span> 
     </span>
     <span class='ocr_line' id='line_1_31' title="bbox 141 2642 908 2707; baseline 0.004 -12"><span class='ocrx_word' id='word_1_271' title='bbox 141 2643 259 2703; x_wconf 78' lang='lat' dir='ltr'>uetitas,</span> <span class='ocrx_word' id='word_1_272' title='bbox 272 2648 302 2697; x_wconf 82' lang='lat' dir='ltr'>at</span> <span class='ocrx_word' id='word_1_273' title='bbox 315 2642 425 2695; x_wconf 77' lang='lat' dir='ltr'>redeant</span> <span class='ocrx_word' id='word_1_274' title='bbox 441 2646 616 2707; x_wconf 63' lang='lat' dir='ltr'>pronum,</span> <span class='ocrx_word' id='word_1_275' title='bbox 631 2650 658 2699; x_wconf 90' lang='lat' dir='ltr'>at</span> <span class='ocrx_word' id='word_1_276' title='bbox 670 2647 700 2695; x_wconf 81' lang='lat' dir='ltr'>st</span> <span class='ocrx_word' id='word_1_277' title='bbox 710 2644 767 2699; x_wconf 83' lang='lat' dir='ltr'>teca</span> <span class='ocrx_word' id='word_1_278' title='bbox 783 2650 908 2707; x_wconf 66' lang='lat' dir='ltr'>mercat,</span> 
     </span>
     <span class='ocr_line' id='line_1_32' title="bbox 143 2722 785 2791; baseline 0.006 -16"><span class='ocrx_word' id='word_1_279' title='bbox 143 2723 263 2791; x_wconf 72' lang='lat' dir='ltr'>dasena</span> <span class='ocrx_word' id='word_1_280' title='bbox 272 2724 414 2789; x_wconf 76' lang='lat' dir='ltr'>bonarda,</span> <span class='ocrx_word' id='word_1_281' title='bbox 427 2724 491 2781; x_wconf 82' lang='lat' dir='ltr'>cata</span> <span class='ocrx_word' id='word_1_282' title='bbox 507 2726 656 2789; x_wconf 78' lang='lat' dir='ltr'>eumarum</span> <span class='ocrx_word' id='word_1_283' title='bbox 669 2722 785 2781; x_wconf 75' lang='lat' dir='ltr'>tuendo.</span> 
     </span>
     <span class='ocr_line' id='line_1_33' title="bbox 107 2812 908 2892; baseline 0.006 -22"><span class='ocrx_word' id='word_1_284' title='bbox 107 2814 178 2870; x_wconf 86' lang='lat' dir='ltr'>Nam</span> <span class='ocrx_word' id='word_1_285' title='bbox 194 2813 303 2870; x_wconf 89' lang='lat' dir='ltr'>cuidam</span> <span class='ocrx_word' id='word_1_286' title='bbox 318 2814 427 2871; x_wconf 91' lang='lat' dir='ltr'>illorum</span> <span class='ocrx_word' id='word_1_287' title='bbox 440 2814 501 2873; x_wconf 87' lang='lat' dir='ltr'>talia</span> <span class='ocrx_word' id='word_1_288' title='bbox 514 2814 543 2873; x_wconf 87' lang='lat' dir='ltr'>iu</span> <span class='ocrx_word' id='word_1_289' title='bbox 556 2814 672 2875; x_wconf 83' lang='lat' dir='ltr'>seruatis</span> <span class='ocrx_word' id='word_1_290' title='bbox 690 2812 908 2892; x_wconf 76' lang='lat' dir='ltr'>semmurum,</span> 
     </span>
     <span class='ocr_line' id='line_1_34' title="bbox 107 2902 909 2979; baseline -0.002 -20"><span class='ocrx_word' id='word_1_291' title='bbox 107 2902 235 2979; x_wconf 78' lang='lat' dir='ltr'>angelico</span> <span class='ocrx_word' id='word_1_292' title='bbox 263 2910 433 2963; x_wconf 75' lang='lat' dir='ltr'>monstrante</span> <span class='ocrx_word' id='word_1_293' title='bbox 454 2902 606 2965; x_wconf 88' lang='lat' dir='ltr'>ministerio</span> <span class='ocrx_word' id='word_1_294' title='bbox 622 2921 629 2957; x_wconf 76' lang='grc' dir='ltr'><strong>ι</strong></span> <span class='ocrx_word' id='word_1_295' title='bbox 645 2902 790 2962; x_wconf 82' lang='lat' dir='ltr'>ridebatur</span> <span class='ocrx_word' id='word_1_296' title='bbox 808 2902 909 2963; x_wconf 87' lang='lat' dir='ltr'>etenim</span> 
     </span>
     <span class='ocr_line' id='line_1_35' title="bbox 109 2990 906 3070; baseline 0 -24"><span class='ocrx_word' id='word_1_297' title='bbox 109 2992 174 3066; x_wconf 81' lang='lat' dir='ltr'>sibi,</span> <span class='ocrx_word' id='word_1_298' title='bbox 190 2991 263 3070; x_wconf 84' lang='lat' dir='ltr'>quod</span> <span class='ocrx_word' id='word_1_299' title='bbox 283 2991 396 3066; x_wconf 85' lang='lat' dir='ltr'>quidam</span> <span class='ocrx_word' id='word_1_300' title='bbox 411 2990 532 3067; x_wconf 72' lang='lat' dir='ltr'>juvenis,</span> <span class='ocrx_word' id='word_1_301' title='bbox 548 2990 709 3067; x_wconf 89' lang='lat' dir='ltr'>splendidus</span> <span class='ocrx_word' id='word_1_302' title='bbox 721 2999 845 3064; x_wconf 83' lang='lat' dir='ltr'>aspectu,</span> <span class='ocrx_word' id='word_1_303' title='bbox 861 2991 906 3047; x_wconf 90' lang='lat' dir='ltr'>ni·</span> 
     </span>
    </p>
   </div>
   <div class='ocr_carea' id='block_1_10' title="bbox 108 3080 946 3157">
    <p class='ocr_par' dir='ltr' id='par_1_10' title="bbox 108 3080 946 3157">
     <span class='ocr_line' id='line_1_36' title="bbox 108 3080 946 3157; baseline -0.01 -14"><span class='ocrx_word' id='word_1_304' title='bbox 108 3096 215 3155; x_wconf 78' lang='lat' dir='ltr'>reoque</span> <span class='ocrx_word' id='word_1_305' title='bbox 237 3080 359 3142; x_wconf 85' lang='lat' dir='ltr'>decorus</span> <span class='ocrx_word' id='word_1_306' title='bbox 374 3081 488 3151; x_wconf 90' lang='lat' dir='ltr'>amictu,</span> <span class='ocrx_word' id='word_1_307' title='bbox 505 3096 615 3141; x_wconf 90' lang='lat' dir='ltr'>manum</span> <span class='ocrx_word' id='word_1_308' title='bbox 639 3096 717 3137; x_wconf 90' lang='lat' dir='ltr'>suam</span> <span class='ocrx_word' id='word_1_309' title='bbox 741 3096 825 3152; x_wconf 87' lang='lat' dir='ltr'>super</span> <span class='ocrx_word' id='word_1_310' title='bbox 848 3081 946 3157; x_wconf 67' lang='lat' dir='ltr'>eluso</span> 
     </span>
    </p>
   </div>
   <div class='ocr_carea' id='block_1_11' title="bbox 107 3168 909 4474">
    <p class='ocr_par' dir='ltr' id='par_1_11' title="bbox 107 3168 909 4294">
     <span class='ocr_line' id='line_1_37' title="bbox 108 3168 909 3249; baseline -0.009 -18"><span class='ocrx_word' id='word_1_311' title='bbox 108 3177 191 3243; x_wconf 88' lang='lat' dir='ltr'>caput</span> <span class='ocrx_word' id='word_1_312' title='bbox 204 3177 329 3247; x_wconf 87' lang='lat' dir='ltr'>poneret,</span> <span class='ocrx_word' id='word_1_313' title='bbox 341 3169 465 3249; x_wconf 87' lang='lat' dir='ltr'>taliaque</span> <span class='ocrx_word' id='word_1_314' title='bbox 480 3170 565 3228; x_wconf 86' lang='lat' dir='ltr'>verba</span> <span class='ocrx_word' id='word_1_315' title='bbox 579 3170 754 3247; x_wconf 78' lang='lat' dir='ltr'>depromeret</span> <span class='ocrx_word' id='word_1_316' title='bbox 769 3186 776 3225; x_wconf 92' lang='lat'>:</span> <span class='ocrx_word' id='word_1_317' title='bbox 795 3193 807 3219; x_wconf 75' lang='grc' dir='ltr'><strong>ι</strong></span> <span class='ocrx_word' id='word_1_318' title='bbox 824 3168 909 3231; x_wconf 79' lang='lat' dir='ltr'>Festi-</span> 
     </span>
     <span class='ocr_line' id='line_1_38' title="bbox 107 3257 908 3339; baseline 0 -25"><span class='ocrx_word' id='word_1_319' title='bbox 107 3267 207 3321; x_wconf 84' lang='lat' dir='ltr'>nanter</span> <span class='ocrx_word' id='word_1_320' title='bbox 221 3275 238 3315; x_wconf 90' lang='lat' dir='ltr'>a</span> <span class='ocrx_word' id='word_1_321' title='bbox 252 3274 349 3320; x_wconf 85' lang='lat' dir='ltr'>somno</span> <span class='ocrx_word' id='word_1_322' title='bbox 362 3260 478 3339; x_wconf 77' lang='lat' dir='ltr'>surgite,</span> <span class='ocrx_word' id='word_1_323' title='bbox 494 3275 527 3317; x_wconf 92' lang='lat' dir='ltr'>ac</span> <span class='ocrx_word' id='word_1_324' title='bbox 540 3260 574 3315; x_wconf 88' lang='lat' dir='ltr'>ad</span> <span class='ocrx_word' id='word_1_325' title='bbox 586 3260 737 3316; x_wconf 90' lang='lat' dir='ltr'>llotrocum</span> <span class='ocrx_word' id='word_1_326' title='bbox 752 3258 809 3331; x_wconf 86' lang='lat' dir='ltr'>(tt)</span> <span class='ocrx_word' id='word_1_327' title='bbox 824 3257 908 3317; x_wconf 89' lang='lat' dir='ltr'>Parti-</span> 
     </span>
     <span class='ocr_line' id='line_1_39' title="bbox 108 3347 906 3424; baseline -0.01 -14"><span class='ocrx_word' id='word_1_328' title='bbox 108 3362 221 3410; x_wconf 78' lang='lat' dir='ltr'>teusetu</span> <span class='ocrx_word' id='word_1_329' title='bbox 234 3347 754 3424; x_wconf 51' lang='grc'><strong>1011311111(1211011111101111111115</strong></span> <span class='ocrx_word' id='word_1_330' title='bbox 769 3349 906 3416; x_wconf 86' lang='lat' dir='ltr'>daturum,</span> 
     </span>
     <span class='ocr_line' id='line_1_40' title="bbox 107 3436 908 3516; baseline -0.005 -18"><span class='ocrx_word' id='word_1_331' title='bbox 107 3436 163 3498; x_wconf 86' lang='lat' dir='ltr'>iter</span> <span class='ocrx_word' id='word_1_332' title='bbox 172 3444 293 3497; x_wconf 84' lang='lat' dir='ltr'>vestrum</span> <span class='ocrx_word' id='word_1_333' title='bbox 307 3436 454 3516; x_wconf 73' lang='lat' dir='ltr'>dirigite.»</span> <span class='ocrx_word' id='word_1_334' title='bbox 472 3437 526 3511; x_wconf 85' lang='lat' dir='ltr'>Qui</span> <span class='ocrx_word' id='word_1_335' title='bbox 539 3437 662 3513; x_wconf 88' lang='lat' dir='ltr'>protinus</span> <span class='ocrx_word' id='word_1_336' title='bbox 677 3436 820 3513; x_wconf 74' lang='lat' dir='ltr'>evigilans,</span> <span class='ocrx_word' id='word_1_337' title='bbox 834 3437 908 3509; x_wconf 88' lang='lat' dir='ltr'>quod</span> 
     </span>
     <span class='ocr_line' id='line_1_41' title="bbox 108 3523 908 3601; baseline -0.008 -15"><span class='ocrx_word' id='word_1_338' title='bbox 108 3525 213 3586; x_wconf 80' lang='lat' dir='ltr'>viderat</span> <span class='ocrx_word' id='word_1_339' title='bbox 226 3523 312 3583; x_wconf 87' lang='lat' dir='ltr'>suciis</span> <span class='ocrx_word' id='word_1_340' title='bbox 326 3525 471 3583; x_wconf 84' lang='lat' dir='ltr'>enarravit.</span> <span class='ocrx_word' id='word_1_341' title='bbox 488 3525 529 3581; x_wconf 93' lang='lat' dir='ltr'>tlti</span> <span class='ocrx_word' id='word_1_342' title='bbox 546 3540 611 3586; x_wconf 87' lang='lat' dir='ltr'>uero</span> <span class='ocrx_word' id='word_1_343' title='bbox 624 3524 853 3601; x_wconf 73' lang='lat' dir='ltr'>parvipendentes</span> <span class='ocrx_word' id='word_1_344' title='bbox 867 3524 908 3582; x_wconf 89' lang='lat' dir='ltr'>vi-</span> 
     </span>
     <span class='ocr_line' id='line_1_42' title="bbox 107 3612 908 3691; baseline -0.005 -18"><span class='ocrx_word' id='word_1_345' title='bbox 107 3614 225 3688; x_wconf 82' lang='lat' dir='ltr'>sionem,</span> <span class='ocrx_word' id='word_1_346' title='bbox 238 3612 273 3673; x_wconf 83' lang='lat' dir='ltr'>ad</span> <span class='ocrx_word' id='word_1_347' title='bbox 288 3613 449 3691; x_wconf 69' lang='lat' dir='ltr'>magistrum</span> <span class='ocrx_word' id='word_1_348' title='bbox 461 3613 586 3679; x_wconf 77' lang='lat' dir='ltr'>redeunt,</span> <span class='ocrx_word' id='word_1_349' title='bbox 598 3621 625 3671; x_wconf 90' lang='lat' dir='ltr'>et</span> <span class='ocrx_word' id='word_1_350' title='bbox 639 3612 712 3689; x_wconf 90' lang='lat' dir='ltr'>quod</span> <span class='ocrx_word' id='word_1_351' title='bbox 723 3612 824 3672; x_wconf 84' lang='lat' dir='ltr'>nullam</span> <span class='ocrx_word' id='word_1_352' title='bbox 838 3614 908 3671; x_wconf 87' lang='lat' dir='ltr'>adeo</span> 
     </span>
     <span class='ocr_line' id='line_1_43' title="bbox 108 3700 908 3769; baseline -0.011 -4"><span class='ocrx_word' id='word_1_353' title='bbox 108 3701 162 3765; x_wconf 79' lang='lat' dir='ltr'>sitsi</span> <span class='ocrx_word' id='word_1_354' title='bbox 171 3702 299 3763; x_wconf 83' lang='lat' dir='ltr'>idoneam</span> <span class='ocrx_word' id='word_1_355' title='bbox 309 3700 478 3769; x_wconf 78' lang='lat' dir='ltr'>invenissent</span> <span class='ocrx_word' id='word_1_356' title='bbox 489 3701 660 3761; x_wconf 88' lang='lat' dir='ltr'>mansionem</span> <span class='ocrx_word' id='word_1_357' title='bbox 670 3700 800 3760; x_wconf 78' lang='lat' dir='ltr'>referunt.</span> <span class='ocrx_word' id='word_1_358' title='bbox 812 3702 908 3763; x_wconf 81' lang='lat' dir='ltr'>Postea</span> 
     </span>
     <span class='ocr_line' id='line_1_44' title="bbox 110 3784 909 3863; baseline -0.001 -20"><span class='ocrx_word' id='word_1_359' title='bbox 110 3794 203 3849; x_wconf 84' lang='lat' dir='ltr'>eutem</span> <span class='ocrx_word' id='word_1_360' title='bbox 227 3803 260 3848; x_wconf 84' lang='lat' dir='ltr'>er</span> <span class='ocrx_word' id='word_1_361' title='bbox 281 3786 422 3863; x_wconf 85' lang='lat' dir='ltr'>discipulis</span> <span class='ocrx_word' id='word_1_362' title='bbox 436 3787 496 3861; x_wconf 82' lang='lat' dir='ltr'>ejus</span> <span class='ocrx_word' id='word_1_363' title='bbox 510 3786 574 3855; x_wconf 92' lang='lat' dir='ltr'>duo,</span> <span class='ocrx_word' id='word_1_364' title='bbox 590 3794 653 3863; x_wconf 90' lang='lat' dir='ltr'>post</span> <span class='ocrx_word' id='word_1_365' title='bbox 666 3784 769 3845; x_wconf 82' lang='lat' dir='ltr'>nuttam</span> <span class='ocrx_word' id='word_1_366' title='bbox 790 3785 909 3859; x_wconf 88' lang='lat' dir='ltr'>inquisi-</span> 
     </span>
     <span class='ocr_line' id='line_1_45' title="bbox 109 3874 909 3943; baseline -0.008 -5"><span class='ocrx_word' id='word_1_367' title='bbox 109 3874 213 3937; x_wconf 86' lang='lat' dir='ltr'>tionem</span> <span class='ocrx_word' id='word_1_368' title='bbox 235 3892 290 3937; x_wconf 90' lang='lat' dir='ltr'>uou</span> <span class='ocrx_word' id='word_1_369' title='bbox 312 3876 431 3937; x_wconf 83' lang='lat' dir='ltr'>iurentae</span> <span class='ocrx_word' id='word_1_370' title='bbox 443 3874 635 3943; x_wconf 82' lang='lat' dir='ltr'>habitationis,</span> <span class='ocrx_word' id='word_1_371' title='bbox 659 3888 798 3930; x_wconf 90' lang='lat' dir='ltr'>memores</span> <span class='ocrx_word' id='word_1_372' title='bbox 816 3874 909 3932; x_wconf 79' lang='lat' dir='ltr'>relatas</span> 
     </span>
     <span class='ocr_line' id='line_1_46' title="bbox 110 3958 909 4039; baseline 0 -24"><span class='ocrx_word' id='word_1_373' title='bbox 110 3976 126 4015; x_wconf 90' lang='lat' dir='ltr'>a</span> <span class='ocrx_word' id='word_1_374' title='bbox 148 3959 225 4017; x_wconf 89' lang='lat' dir='ltr'>socio</span> <span class='ocrx_word' id='word_1_375' title='bbox 247 3960 375 4029; x_wconf 86' lang='lat' dir='ltr'>visionis,</span> <span class='ocrx_word' id='word_1_376' title='bbox 397 3961 507 4021; x_wconf 86' lang='lat' dir='ltr'>taudem</span> <span class='ocrx_word' id='word_1_377' title='bbox 534 3960 569 4015; x_wconf 92' lang='lat' dir='ltr'>ad</span> <span class='ocrx_word' id='word_1_378' title='bbox 597 3958 758 4039; x_wconf 75' lang='lat' dir='ltr'>praedictum</span> <span class='ocrx_word' id='word_1_379' title='bbox 780 3958 909 4016; x_wconf 88' lang='lat' dir='ltr'>comitem</span> 
     </span>
     <span class='ocr_line' id='line_1_47' title="bbox 109 4045 909 4122; baseline 0.001 -19"><span class='ocrx_word' id='word_1_380' title='bbox 109 4048 286 4121; x_wconf 87' lang='lat' dir='ltr'>perveniunt,</span> <span class='ocrx_word' id='word_1_381' title='bbox 301 4048 407 4121; x_wconf 90' lang='lat' dir='ltr'>etquid</span> <span class='ocrx_word' id='word_1_382' title='bbox 421 4054 577 4122; x_wconf 74' lang='lat' dir='ltr'>quererent</span> <span class='ocrx_word' id='word_1_383' title='bbox 599 4053 752 4119; x_wconf 82' lang='lat' dir='ltr'>exponunt.</span> <span class='ocrx_word' id='word_1_384' title='bbox 780 4045 829 4102; x_wconf 91' lang='lat' dir='ltr'>lile</span> <span class='ocrx_word' id='word_1_385' title='bbox 843 4062 909 4104; x_wconf 81' lang='lat' dir='ltr'>sero</span> 
     </span>
     <span class='ocr_line' id='line_1_48' title="bbox 110 4129 909 4207; baseline 0.001 -19"><span class='ocrx_word' id='word_1_386' title='bbox 110 4132 234 4205; x_wconf 88' lang='lat' dir='ltr'>petitioni</span> <span class='ocrx_word' id='word_1_387' title='bbox 248 4132 447 4207; x_wconf 71' lang='lat' dir='ltr'>benignissima</span> <span class='ocrx_word' id='word_1_388' title='bbox 460 4131 652 4206; x_wconf 85' lang='lat' dir='ltr'>acquiescens,</span> <span class='ocrx_word' id='word_1_389' title='bbox 667 4129 808 4204; x_wconf 79' lang='lat' dir='ltr'>pottieitue</span> <span class='ocrx_word' id='word_1_390' title='bbox 823 4140 864 4195; x_wconf 83' lang='lat' dir='ltr'>cst</span> <span class='ocrx_word' id='word_1_391' title='bbox 878 4148 909 4190; x_wconf 90' lang='lat' dir='ltr'>se</span> 
     </span>
     <span class='ocr_line' id='line_1_49' title="bbox 109 4222 396 4294; baseline 0.014 -17"><span class='ocrx_word' id='word_1_392' title='bbox 109 4222 248 4294; x_wconf 84' lang='lat' dir='ltr'>postulata</span> <span class='ocrx_word' id='word_1_393' title='bbox 260 4222 396 4283; x_wconf 77' lang='lat' dir='ltr'>daturum.</span> 
     </span>
    </p>

    <p class='ocr_par' dir='ltr' id='par_1_12' title="bbox 109 4310 909 4474">
     <span class='ocr_line' id='line_1_50' title="bbox 145 4310 909 4384; baseline 0.009 -18"><span class='ocrx_word' id='word_1_394' title='bbox 145 4312 193 4367; x_wconf 88' lang='lat' dir='ltr'>st.</span> <span class='ocrx_word' id='word_1_395' title='bbox 214 4310 373 4373; x_wconf 81' lang='lat' dir='ltr'>Posaldebat</span> <span class='ocrx_word' id='word_1_396' title='bbox 394 4310 531 4383; x_wconf 78' lang='lat' dir='ltr'>siquidem</span> <span class='ocrx_word' id='word_1_397' title='bbox 554 4310 628 4371; x_wconf 80' lang='lat' dir='ltr'>idam</span> <span class='ocrx_word' id='word_1_398' title='bbox 648 4311 816 4373; x_wconf 80' lang='lat' dir='ltr'>venerabilis</span> <span class='ocrx_word' id='word_1_399' title='bbox 829 4315 909 4384; x_wconf 78' lang='lat' dir='ltr'>uria-</span> 
     </span>
     <span class='ocr_line' id='line_1_51' title="bbox 109 4398 903 4474; baseline 0.011 -17"><span class='ocrx_word' id='word_1_400' title='bbox 109 4398 587 4472; x_wconf 86' lang='lat' dir='ltr'>eepaqneddamtarriterium,qucd</span> <span class='ocrx_word' id='word_1_401' title='bbox 596 4399 903 4474; x_wconf 76' lang='lat' dir='ltr'>drctsauauncupstuu</span> 
     </span>
    </p>
   </div>
   <div class='ocr_carea' id='block_1_12' title="bbox 958 1800 1765 3649">
    <p class='ocr_par' dir='ltr' id='par_1_13' title="bbox 958 1800 1765 3649">
     <span class='ocr_line' id='line_1_52' title="bbox 961 1800 1765 1883; baseline 0.002 -24"><span class='ocrx_word' id='word_1_402' title='bbox 961 1800 1019 1861; x_wconf 92' lang='lat' dir='ltr'>lum</span> <span class='ocrx_word' id='word_1_403' title='bbox 1043 1802 1078 1861; x_wconf 85' lang='lat' dir='ltr'>ad</span> <span class='ocrx_word' id='word_1_404' title='bbox 1103 1802 1177 1861; x_wconf 89' lang='lat' dir='ltr'>aliud</span> <span class='ocrx_word' id='word_1_405' title='bbox 1201 1802 1405 1876; x_wconf 85' lang='lat' dir='ltr'>suscipiendum</span> <span class='ocrx_word' id='word_1_406' title='bbox 1430 1804 1603 1883; x_wconf 70' lang='lat' dir='ltr'>territorium¹</span> <span class='ocrx_word' id='word_1_407' title='bbox 1617 1804 1765 1879; x_wconf 74' lang='lat' dir='ltr'>diligenter</span> 
     </span>
     <span class='ocr_line' id='line_1_53' title="bbox 961 1890 1765 1967; baseline 0.004 -20"><span class='ocrx_word' id='word_1_408' title='bbox 961 1890 1096 1951; x_wconf 86' lang='lat' dir='ltr'>invitavit.</span> <span class='ocrx_word' id='word_1_409' title='bbox 1124 1892 1236 1955; x_wconf 77' lang='lat' dir='ltr'>beatrix</span> <span class='ocrx_word' id='word_1_410' title='bbox 1251 1893 1308 1963; x_wconf 79' lang='lat' dir='ltr'>(ii)</span> <span class='ocrx_word' id='word_1_411' title='bbox 1324 1908 1443 1966; x_wconf 87' lang='lat' dir='ltr'>numque</span> <span class='ocrx_word' id='word_1_412' title='bbox 1467 1902 1555 1951; x_wconf 89' lang='lat' dir='ltr'>mater</span> <span class='ocrx_word' id='word_1_413' title='bbox 1574 1894 1676 1967; x_wconf 64' lang='lat' dir='ltr'>ipsius,</span> <span class='ocrx_word' id='word_1_414' title='bbox 1701 1910 1765 1951; x_wconf 88' lang='lat' dir='ltr'>san·</span> 
     </span>
     <span class='ocr_line' id='line_1_54' title="bbox 963 1976 1765 2051; baseline 0.002 -16"><span class='ocrx_word' id='word_1_415' title='bbox 963 1983 1035 2036; x_wconf 81' lang='lat' dir='ltr'>stum</span> <span class='ocrx_word' id='word_1_416' title='bbox 1050 1976 1138 2037; x_wconf 89' lang='lat' dir='ltr'>virum</span> <span class='ocrx_word' id='word_1_417' title='bbox 1153 1976 1207 2035; x_wconf 86' lang='lat' dir='ltr'>iltis</span> <span class='ocrx_word' id='word_1_418' title='bbox 1223 1977 1249 2037; x_wconf 88' lang='lat' dir='ltr'>iu</span> <span class='ocrx_word' id='word_1_419' title='bbox 1265 1977 1362 2035; x_wconf 86' lang='lat' dir='ltr'>diebus</span> <span class='ocrx_word' id='word_1_420' title='bbox 1379 1977 1499 2037; x_wconf 87' lang='lat' dir='ltr'>avioina</span> <span class='ocrx_word' id='word_1_421' title='bbox 1510 1979 1659 2051; x_wconf 77' lang='lat' dir='ltr'>Naviganti</span> <span class='ocrx_word' id='word_1_422' title='bbox 1675 1996 1765 2037; x_wconf 86' lang='lat' dir='ltr'>remo-</span> 
     </span>
     <span class='ocr_line' id='line_1_55' title="bbox 963 2066 1764 2139; baseline 0.002 -16"><span class='ocrx_word' id='word_1_423' title='bbox 963 2080 1029 2125; x_wconf 86' lang='lat' dir='ltr'>rare</span> <span class='ocrx_word' id='word_1_424' title='bbox 1052 2080 1221 2139; x_wconf 71' lang='lat' dir='ltr'>magnopere</span> <span class='ocrx_word' id='word_1_425' title='bbox 1244 2066 1401 2137; x_wconf 66' lang='lat' dir='ltr'>tangebat,</span> <span class='ocrx_word' id='word_1_426' title='bbox 1425 2066 1555 2139; x_wconf 87' lang='lat' dir='ltr'>quoniam</span> <span class='ocrx_word' id='word_1_427' title='bbox 1578 2084 1611 2127; x_wconf 86' lang='lat' dir='ltr'>es</span> <span class='ocrx_word' id='word_1_428' title='bbox 1636 2067 1764 2125; x_wconf 81' lang='lat' dir='ltr'>affinitate</span> 
     </span>
     <span class='ocr_line' id='line_1_56' title="bbox 962 2152 1764 2229; baseline -0.001 -16"><span class='ocrx_word' id='word_1_429' title='bbox 962 2152 1045 2225; x_wconf 79' lang='lat' dir='ltr'>iltius,</span> <span class='ocrx_word' id='word_1_430' title='bbox 1061 2153 1289 2215; x_wconf 77' lang='lat' dir='ltr'>cluniacensibus</span> <span class='ocrx_word' id='word_1_431' title='bbox 1306 2155 1449 2215; x_wconf 86' lang='lat' dir='ltr'>monacbis</span> <span class='ocrx_word' id='word_1_432' title='bbox 1472 2155 1563 2229; x_wconf 88' lang='lat' dir='ltr'>aliqua</span> <span class='ocrx_word' id='word_1_433' title='bbox 1586 2156 1704 2213; x_wconf 84' lang='lat' dir='ltr'>suboriri</span> <span class='ocrx_word' id='word_1_434' title='bbox 1720 2156 1764 2213; x_wconf 86' lang='lat' dir='ltr'>in-</span> 
     </span>
     <span class='ocr_line' id='line_1_57' title="bbox 961 2240 1763 2317; baseline 0.002 -16"><span class='ocrx_word' id='word_1_435' title='bbox 961 2241 1108 2301; x_wconf 86' lang='lat' dir='ltr'>commoda</span> <span class='ocrx_word' id='word_1_436' title='bbox 1130 2240 1306 2312; x_wconf 78' lang='lat' dir='ltr'>formidabat,</span> <span class='ocrx_word' id='word_1_437' title='bbox 1324 2259 1439 2317; x_wconf 89' lang='lat' dir='ltr'>quorum</span> <span class='ocrx_word' id='word_1_438' title='bbox 1454 2244 1632 2317; x_wconf 86' lang='lat' dir='ltr'>quamplures</span> <span class='ocrx_word' id='word_1_439' title='bbox 1646 2245 1673 2301; x_wconf 89' lang='lat' dir='ltr'>in</span> <span class='ocrx_word' id='word_1_440' title='bbox 1690 2260 1763 2317; x_wconf 81' lang='lat' dir='ltr'>pru-</span> 
     </span>
     <span class='ocr_line' id='line_1_58' title="bbox 962 2330 1764 2405; baseline 0.001 -17"><span class='ocrx_word' id='word_1_441' title='bbox 962 2330 1037 2391; x_wconf 85' lang='lat' dir='ltr'>uicto</span> <span class='ocrx_word' id='word_1_442' title='bbox 1064 2330 1165 2402; x_wconf 84' lang='lat' dir='ltr'>oppido</span> <span class='ocrx_word' id='word_1_443' title='bbox 1187 2332 1373 2391; x_wconf 86' lang='lat' dir='ltr'>adunaverat.</span> <span class='ocrx_word' id='word_1_444' title='bbox 1402 2332 1492 2393; x_wconf 87' lang='lat' dir='ltr'>Porro</span> <span class='ocrx_word' id='word_1_445' title='bbox 1515 2332 1687 2401; x_wconf 79' lang='lat' dir='ltr'>bernardus,</span> <span class='ocrx_word' id='word_1_446' title='bbox 1717 2333 1764 2405; x_wconf 87' lang='lat' dir='ltr'>qui</span> 
     </span>
     <span class='ocr_line' id='line_1_59' title="bbox 962 2418 1763 2495; baseline 0.001 -16"><span class='ocrx_word' id='word_1_447' title='bbox 962 2418 1131 2492; x_wconf 84' lang='lat' dir='ltr'>quibuslibet</span> <span class='ocrx_word' id='word_1_448' title='bbox 1146 2419 1244 2481; x_wconf 86' lang='lat' dir='ltr'>ictibus</span> <span class='ocrx_word' id='word_1_449' title='bbox 1258 2419 1375 2481; x_wconf 80' lang='lat' dir='ltr'>tortum</span> <span class='ocrx_word' id='word_1_450' title='bbox 1390 2420 1535 2481; x_wconf 83' lang='lat' dir='ltr'>resistebat</span> <span class='ocrx_word' id='word_1_451' title='bbox 1546 2422 1702 2493; x_wconf 87' lang='lat' dir='ltr'>immobilis,</span> <span class='ocrx_word' id='word_1_452' title='bbox 1717 2422 1763 2495; x_wconf 90' lang='lat' dir='ltr'>qui</span> 
     </span>
     <span class='ocr_line' id='line_1_60' title="bbox 962 2507 1763 2583; baseline -0.002 -17"><span class='ocrx_word' id='word_1_453' title='bbox 962 2507 1039 2567; x_wconf 87' lang='lat' dir='ltr'>natta</span> <span class='ocrx_word' id='word_1_454' title='bbox 1065 2524 1157 2567; x_wconf 87' lang='lat' dir='ltr'>rerum</span> <span class='ocrx_word' id='word_1_455' title='bbox 1185 2508 1366 2567; x_wconf 89' lang='lat' dir='ltr'>accidentium</span> <span class='ocrx_word' id='word_1_456' title='bbox 1396 2509 1622 2569; x_wconf 88' lang='lat' dir='ltr'>incommoditate</span> <span class='ocrx_word' id='word_1_457' title='bbox 1655 2518 1763 2583; x_wconf 88' lang='lat' dir='ltr'>poterat</span> 
     </span>
     <span class='ocr_line' id='line_1_61' title="bbox 962 2596 1763 2671; baseline -0.002 -14"><span class='ocrx_word' id='word_1_458' title='bbox 962 2596 1136 2671; x_wconf 80' lang='lat' dir='ltr'>perturbari,</span> <span class='ocrx_word' id='word_1_459' title='bbox 1153 2597 1219 2655; x_wconf 87' lang='lat' dir='ltr'>nibil</span> <span class='ocrx_word' id='word_1_460' title='bbox 1235 2599 1287 2657; x_wconf 87' lang='lat' dir='ltr'>bac</span> <span class='ocrx_word' id='word_1_461' title='bbox 1301 2598 1328 2657; x_wconf 89' lang='lat' dir='ltr'>in</span> <span class='ocrx_word' id='word_1_462' title='bbox 1344 2613 1374 2657; x_wconf 90' lang='lat' dir='ltr'>ra</span> <span class='ocrx_word' id='word_1_463' title='bbox 1389 2598 1513 2657; x_wconf 90' lang='lat' dir='ltr'>similiter</span> <span class='ocrx_word' id='word_1_464' title='bbox 1527 2608 1690 2665; x_wconf 89' lang='lat' dir='ltr'>commotus,</span> <span class='ocrx_word' id='word_1_465' title='bbox 1713 2599 1763 2655; x_wconf 89' lang='lat' dir='ltr'>sed</span> 
     </span>
     <span class='ocr_line' id='line_1_62' title="bbox 962 2687 1762 2759; baseline -0.003 -14"><span class='ocrx_word' id='word_1_466' title='bbox 962 2693 994 2745; x_wconf 88' lang='lat' dir='ltr'>ut</span> <span class='ocrx_word' id='word_1_467' title='bbox 1007 2700 1117 2759; x_wconf 84' lang='lat' dir='ltr'>semper</span> <span class='ocrx_word' id='word_1_468' title='bbox 1130 2693 1189 2745; x_wconf 88' lang='lat' dir='ltr'>erat</span> <span class='ocrx_word' id='word_1_469' title='bbox 1202 2694 1292 2747; x_wconf 86' lang='lat' dir='ltr'>manta</span> <span class='ocrx_word' id='word_1_470' title='bbox 1306 2702 1422 2745; x_wconf 87' lang='lat' dir='ltr'>screnus</span> <span class='ocrx_word' id='word_1_471' title='bbox 1435 2702 1468 2745; x_wconf 89' lang='lat' dir='ltr'>ao</span> <span class='ocrx_word' id='word_1_472' title='bbox 1477 2687 1555 2745; x_wconf 89' lang='lat' dir='ltr'>vultu</span> <span class='ocrx_word' id='word_1_473' title='bbox 1569 2687 1674 2754; x_wconf 86' lang='lat' dir='ltr'>hilaris,</span> <span class='ocrx_word' id='word_1_474' title='bbox 1688 2687 1762 2759; x_wconf 90' lang='lat' dir='ltr'>quod</span> 
     </span>
     <span class='ocr_line' id='line_1_63' title="bbox 963 2772 1761 2849; baseline -0.003 -16"><span class='ocrx_word' id='word_1_475' title='bbox 963 2774 1059 2839; x_wconf 88' lang='lat' dir='ltr'>consul</span> <span class='ocrx_word' id='word_1_476' title='bbox 1071 2772 1129 2847; x_wconf 81' lang='lat' dir='ltr'>jam</span> <span class='ocrx_word' id='word_1_477' title='bbox 1144 2774 1290 2848; x_wconf 77' lang='lat' dir='ltr'>repetatur</span> <span class='ocrx_word' id='word_1_478' title='bbox 1303 2774 1436 2835; x_wconf 79' lang='lat' dir='ltr'>offerebat</span> <span class='ocrx_word' id='word_1_479' title='bbox 1458 2792 1513 2835; x_wconf 90' lang='lat' dir='ltr'>nou</span> <span class='ocrx_word' id='word_1_480' title='bbox 1532 2774 1647 2849; x_wconf 85' lang='lat' dir='ltr'>respuit,</span> <span class='ocrx_word' id='word_1_481' title='bbox 1663 2776 1712 2833; x_wconf 87' lang='lat' dir='ltr'>aed</span> <span class='ocrx_word' id='word_1_482' title='bbox 1727 2776 1761 2831; x_wconf 82' lang='lat' dir='ltr'>art</span> 
     </span>
     <span class='ocr_line' id='line_1_64' title="bbox 962 2860 1763 2935; baseline -0.006 -10"><span class='ocrx_word' id='word_1_483' title='bbox 962 2860 1032 2925; x_wconf 81' lang='lat' dir='ltr'>illud</span> <span class='ocrx_word' id='word_1_484' title='bbox 1046 2862 1247 2935; x_wconf 83' lang='lat' dir='ltr'>explorandum</span> <span class='ocrx_word' id='word_1_485' title='bbox 1258 2864 1326 2923; x_wconf 85' lang='lat' dir='ltr'>duos</span> <span class='ocrx_word' id='word_1_486' title='bbox 1337 2863 1364 2919; x_wconf 89' lang='lat' dir='ltr'>iu</span> <span class='ocrx_word' id='word_1_487' title='bbox 1374 2863 1495 2923; x_wconf 87' lang='lat' dir='ltr'>crastino</span> <span class='ocrx_word' id='word_1_488' title='bbox 1508 2862 1662 2935; x_wconf 85' lang='lat' dir='ltr'>discipulos</span> <span class='ocrx_word' id='word_1_489' title='bbox 1677 2872 1763 2921; x_wconf 88' lang='lat' dir='ltr'>trans-</span> 
     </span>
     <span class='ocr_line' id='line_1_65' title="bbox 962 2950 1761 3025; baseline -0.006 -12"><span class='ocrx_word' id='word_1_490' title='bbox 962 2952 1049 3013; x_wconf 79' lang='lat' dir='ltr'>misit.</span> <span class='ocrx_word' id='word_1_491' title='bbox 1067 2950 1123 3021; x_wconf 86' lang='lat' dir='ltr'>Qui</span> <span class='ocrx_word' id='word_1_492' title='bbox 1138 2951 1254 3013; x_wconf 88' lang='lat' dir='ltr'>ductore</span> <span class='ocrx_word' id='word_1_493' title='bbox 1278 2951 1380 3024; x_wconf 83' lang='lat' dir='ltr'>pravis</span> <span class='ocrx_word' id='word_1_494' title='bbox 1404 2952 1439 3011; x_wconf 86' lang='lat' dir='ltr'>ed</span> <span class='ocrx_word' id='word_1_495' title='bbox 1461 2951 1556 3011; x_wconf 86' lang='lat' dir='ltr'>locum</span> <span class='ocrx_word' id='word_1_496' title='bbox 1573 2953 1700 3023; x_wconf 86' lang='lat' dir='ltr'>veniunt,</span> <span class='ocrx_word' id='word_1_497' title='bbox 1714 2953 1761 3025; x_wconf 91' lang='lat' dir='ltr'>qui</span> 
     </span>
     <span class='ocr_line' id='line_1_66' title="bbox 960 3040 1759 3116; baseline -0.006 -13"><span class='ocrx_word' id='word_1_498' title='bbox 960 3040 1077 3103; x_wconf 78' lang='lat' dir='ltr'>Tirenus</span> <span class='ocrx_word' id='word_1_499' title='bbox 1100 3040 1199 3103; x_wconf 85' lang='lat' dir='ltr'>dicitur</span> <span class='ocrx_word' id='word_1_500' title='bbox 1213 3042 1271 3111; x_wconf 78' lang='grc'><strong>(15)</strong></span> <span class='ocrx_word' id='word_1_501' title='bbox 1288 3058 1294 3097; x_wconf 92' lang='lat'><strong>:</strong></span> <span class='ocrx_word' id='word_1_502' title='bbox 1311 3058 1392 3113; x_wconf 88' lang='lat' dir='ltr'>quern</span> <span class='ocrx_word' id='word_1_503' title='bbox 1405 3041 1552 3113; x_wconf 72' lang='lat' dir='ltr'>diiigenter</span> <span class='ocrx_word' id='word_1_504' title='bbox 1572 3040 1759 3116; x_wconf 84' lang='lat' dir='ltr'>inspicientes,</span> 
     </span>
     <span class='ocr_line' id='line_1_67' title="bbox 961 3129 1761 3203; baseline -0.008 -10"><span class='ocrx_word' id='word_1_505' title='bbox 961 3130 1060 3193; x_wconf 83' lang='lat' dir='ltr'>eodem</span> <span class='ocrx_word' id='word_1_506' title='bbox 1074 3129 1119 3191; x_wconf 88' lang='lat' dir='ltr'>die</span> <span class='ocrx_word' id='word_1_507' title='bbox 1133 3130 1168 3187; x_wconf 83' lang='lat' dir='ltr'>ed</span> <span class='ocrx_word' id='word_1_508' title='bbox 1184 3130 1344 3201; x_wconf 71' lang='lat' dir='ltr'>assuisti-um</span> <span class='ocrx_word' id='word_1_509' title='bbox 1368 3131 1570 3203; x_wconf 65' lang='lat' dir='ltr'>regrediuntur,</span> <span class='ocrx_word' id='word_1_510' title='bbox 1588 3130 1761 3203; x_wconf 83' lang='lat' dir='ltr'>relsruntque</span> 
     </span>
     <span class='ocr_line' id='line_1_68' title="bbox 960 3216 1760 3294; baseline -0.005 -15"><span class='ocrx_word' id='word_1_511' title='bbox 960 3219 1026 3294; x_wconf 86' lang='lat' dir='ltr'>quid</span> <span class='ocrx_word' id='word_1_512' title='bbox 1041 3218 1076 3279; x_wconf 85' lang='lat' dir='ltr'>de</span> <span class='ocrx_word' id='word_1_513' title='bbox 1089 3216 1278 3279; x_wconf 83' lang='lat' dir='ltr'>demonstrato</span> <span class='ocrx_word' id='word_1_514' title='bbox 1301 3218 1354 3278; x_wconf 86' lang='lat' dir='ltr'>sibi</span> <span class='ocrx_word' id='word_1_515' title='bbox 1378 3218 1439 3279; x_wconf 88' lang='lat' dir='ltr'>loeo</span> <span class='ocrx_word' id='word_1_516' title='bbox 1460 3219 1612 3277; x_wconf 85' lang='lat' dir='ltr'>videretur.</span> <span class='ocrx_word' id='word_1_517' title='bbox 1637 3218 1760 3279; x_wconf 87' lang='lat' dir='ltr'>t&#39;idimus</span> 
     </span>
     <span class='ocr_line' id='line_1_69' title="bbox 959 3305 1757 3381; baseline -0.006 -10"><span class='ocrx_word' id='word_1_518' title='bbox 959 3308 1044 3377; x_wconf 85' lang='lat' dir='ltr'>anim.</span> <span class='ocrx_word' id='word_1_519' title='bbox 1059 3307 1197 3381; x_wconf 86' lang='lat' dir='ltr'>inquiunt,</span> <span class='ocrx_word' id='word_1_520' title='bbox 1214 3306 1257 3369; x_wconf 89' lang='lat' dir='ltr'>cui</span> <span class='ocrx_word' id='word_1_521' title='bbox 1272 3305 1330 3365; x_wconf 86' lang='lat' dir='ltr'>lere</span> <span class='ocrx_word' id='word_1_522' title='bbox 1345 3307 1554 3369; x_wconf 76' lang='lat' dir='ltr'>cunctantibus</span> <span class='ocrx_word' id='word_1_523' title='bbox 1569 3308 1694 3365; x_wconf 86' lang='lat' dir='ltr'>humanis</span> <span class='ocrx_word' id='word_1_524' title='bbox 1709 3324 1757 3365; x_wconf 87' lang='lat' dir='ltr'>aa·</span> 
     </span>
     <span class='ocr_line' id='line_1_70' title="bbox 958 3395 1756 3471; baseline -0.009 -10"><span class='ocrx_word' id='word_1_525' title='bbox 958 3397 1077 3461; x_wconf 57' lang='lat' dir='ltr'>ursaria</span> <span class='ocrx_word' id='word_1_526' title='bbox 1103 3397 1221 3465; x_wconf 86' lang='lat' dir='ltr'>dcauut;</span> <span class='ocrx_word' id='word_1_527' title='bbox 1249 3395 1368 3471; x_wconf 83' lang='lat' dir='ltr'>dumque</span> <span class='ocrx_word' id='word_1_528' title='bbox 1395 3396 1536 3455; x_wconf 84' lang='lat' dir='ltr'>incassum</span> <span class='ocrx_word' id='word_1_529' title='bbox 1558 3412 1589 3455; x_wconf 85' lang='lat' dir='ltr'>aa</span> <span class='ocrx_word' id='word_1_530' title='bbox 1612 3396 1756 3455; x_wconf 81' lang='lat' dir='ltr'>laborasse</span> 
     </span>
     <span class='ocr_line' id='line_1_71' title="bbox 959 3482 1758 3557; baseline 0.005 -16"><span class='ocrx_word' id='word_1_531' title='bbox 959 3482 1146 3557; x_wconf 88' lang='lat' dir='ltr'>conspiciunt,</span> <span class='ocrx_word' id='word_1_532' title='bbox 1163 3484 1255 3545; x_wconf 87' lang='lat' dir='ltr'>animo</span> <span class='ocrx_word' id='word_1_533' title='bbox 1268 3484 1450 3555; x_wconf 84' lang='lat' dir='ltr'>mustsrmti,</span> <span class='ocrx_word' id='word_1_534' title='bbox 1475 3484 1550 3545; x_wconf 87' lang='lat' dir='ltr'>unda</span> <span class='ocrx_word' id='word_1_535' title='bbox 1573 3492 1706 3545; x_wconf 85' lang='lat' dir='ltr'>venerant</span> <span class='ocrx_word' id='word_1_536' title='bbox 1729 3485 1758 3545; x_wconf 87' lang='lat' dir='ltr'>in</span> 
     </span>
     <span class='ocr_line' id='line_1_72' title="bbox 960 3573 1408 3649; baseline 0.013 -18"><span class='ocrx_word' id='word_1_537' title='bbox 960 3573 1081 3631; x_wconf 85' lang='lat' dir='ltr'>crastino</span> <span class='ocrx_word' id='word_1_538' title='bbox 1096 3573 1232 3631; x_wconf 89' lang='lat' dir='ltr'>redituros</span> <span class='ocrx_word' id='word_1_539' title='bbox 1245 3573 1408 3649; x_wconf 73' lang='lat' dir='ltr'>disponunt·</span> 
     </span>
    </p>
   </div>
   <div class='ocr_carea' id='block_1_13' title="bbox 961 3669 1758 3837">
    <p class='ocr_par' dir='ltr' id='par_1_14' title="bbox 961 3669 1758 3837">
     <span class='ocr_line' id='line_1_73' title="bbox 995 3669 1758 3747; baseline 0.005 -22"><span class='ocrx_word' id='word_1_540' title='bbox 995 3672 1039 3729; x_wconf 82' lang='grc'>65.</span> <span class='ocrx_word' id='word_1_541' title='bbox 1055 3670 1184 3743; x_wconf 86' lang='lat' dir='ltr'>Sequenti</span> <span class='ocrx_word' id='word_1_542' title='bbox 1198 3670 1289 3747; x_wconf 87' lang='lat' dir='ltr'>itaqua</span> <span class='ocrx_word' id='word_1_543' title='bbox 1303 3678 1383 3731; x_wconf 86' lang='lat' dir='ltr'>noete</span> <span class='ocrx_word' id='word_1_544' title='bbox 1397 3685 1479 3745; x_wconf 84' lang='lat' dir='ltr'>super</span> <span class='ocrx_word' id='word_1_545' title='bbox 1495 3669 1661 3731; x_wconf 87' lang='lat' dir='ltr'>territurium</span> <span class='ocrx_word' id='word_1_546' title='bbox 1685 3671 1758 3747; x_wconf 88' lang='lat' dir='ltr'>quad</span> 
     </span>
     <span class='ocr_line' id='line_1_74' title="bbox 961 3758 1372 3837; baseline -0.01 -16"><span class='ocrx_word' id='word_1_547' title='bbox 961 3772 978 3821; x_wconf 90' lang='lat' dir='ltr'>tt</span> <span class='ocrx_word' id='word_1_548' title='bbox 993 3758 1106 3823; x_wconf 75' lang='lat' dir='ltr'>consuo</span> <span class='ocrx_word' id='word_1_549' title='bbox 1121 3767 1288 3837; x_wconf 84' lang='lat' dir='ltr'>accepturus</span> <span class='ocrx_word' id='word_1_550' title='bbox 1301 3766 1372 3832; x_wconf 88' lang='lat' dir='ltr'>erat,</span> 
     </span>
    </p>
   </div>
   <div class='ocr_carea' id='block_1_14' title="bbox 994 3871 1689 4033">
    <p class='ocr_par' dir='ltr' id='par_1_15' title="bbox 994 3871 1689 4033">
     <span class='ocr_line' id='line_1_75' title="bbox 994 3871 1679 3941; baseline -0.006 -8"><span class='ocrx_word' id='word_1_551' title='bbox 994 3871 1124 3933; x_wconf 67' lang='lat' dir='ltr'>roncata</span> <span class='ocrx_word' id='word_1_552' title='bbox 1138 3872 1248 3933; x_wconf 80' lang='lat' dir='ltr'>ricinus</span> <span class='ocrx_word' id='word_1_553' title='bbox 1261 3872 1448 3941; x_wconf 71' lang='lat' dir='ltr'>inflammans</span> <span class='ocrx_word' id='word_1_554' title='bbox 1463 3872 1571 3929; x_wconf 87' lang='lat' dir='ltr'>lumina</span> <span class='ocrx_word' id='word_1_555' title='bbox 1587 3877 1679 3931; x_wconf 70' lang='lat' dir='ltr'>utras</span> 
     </span>
     <span class='ocr_line' id='line_1_76' title="bbox 997 3960 1689 4033; baseline -0.006 -10"><span class='ocrx_word' id='word_1_556' title='bbox 997 3960 1151 4033; x_wconf 76' lang='lat' dir='ltr'>Lampadas,</span> <span class='ocrx_word' id='word_1_557' title='bbox 1167 3961 1310 4021; x_wconf 78' lang='lat' dir='ltr'>chsurdo</span> <span class='ocrx_word' id='word_1_558' title='bbox 1324 3962 1391 4019; x_wconf 83' lang='lat' dir='ltr'>crate</span> <span class='ocrx_word' id='word_1_559' title='bbox 1404 3966 1566 4019; x_wconf 84' lang='lat' dir='ltr'>monstrata</span> <span class='ocrx_word' id='word_1_560' title='bbox 1580 3976 1689 4029; x_wconf 81' lang='lat' dir='ltr'>sarano,</span> 
     </span>
    </p>
   </div>
   <div class='ocr_carea' id='block_1_15' title="bbox 960 4076 1759 4323">
    <p class='ocr_par' dir='ltr' id='par_1_16' title="bbox 960 4076 1759 4323">
     <span class='ocr_line' id='line_1_77' title="bbox 960 4076 1758 4148; baseline 0.003 -15"><span class='ocrx_word' id='word_1_561' title='bbox 960 4082 1035 4134; x_wconf 91' lang='lat' dir='ltr'>tanto</span> <span class='ocrx_word' id='word_1_562' title='bbox 1049 4076 1186 4134; x_wconf 87' lang='lat' dir='ltr'>radiorum</span> <span class='ocrx_word' id='word_1_563' title='bbox 1199 4077 1296 4147; x_wconf 79' lang='lat' dir='ltr'>jubere</span> <span class='ocrx_word' id='word_1_564' title='bbox 1311 4078 1490 4148; x_wconf 86' lang='lat' dir='ltr'>coruscabat,</span> <span class='ocrx_word' id='word_1_565' title='bbox 1506 4086 1538 4134; x_wconf 91' lang='lat' dir='ltr'>ut</span> <span class='ocrx_word' id='word_1_566' title='bbox 1560 4093 1576 4133; x_wconf 89' lang='lat' dir='ltr'>a</span> <span class='ocrx_word' id='word_1_567' title='bbox 1600 4078 1661 4134; x_wconf 89' lang='lat' dir='ltr'>tuce</span> <span class='ocrx_word' id='word_1_568' title='bbox 1684 4078 1758 4135; x_wconf 88' lang='lat' dir='ltr'>itlius</span> 
     </span>
     <span class='ocr_line' id='line_1_78' title="bbox 960 4165 1759 4242; baseline 0.005 -21"><span class='ocrx_word' id='word_1_569' title='bbox 960 4165 1098 4240; x_wconf 81' lang='lat' dir='ltr'>ignicoma</span> <span class='ocrx_word' id='word_1_570' title='bbox 1111 4182 1162 4242; x_wconf 85' lang='lat' dir='ltr'>par</span> <span class='ocrx_word' id='word_1_571' title='bbox 1171 4167 1315 4224; x_wconf 91' lang='lat' dir='ltr'>circuitum</span> <span class='ocrx_word' id='word_1_572' title='bbox 1330 4166 1450 4224; x_wconf 89' lang='lat' dir='ltr'>rutilaret</span> <span class='ocrx_word' id='word_1_573' title='bbox 1461 4175 1516 4225; x_wconf 91' lang='lat' dir='ltr'>tota</span> <span class='ocrx_word' id='word_1_574' title='bbox 1526 4168 1678 4239; x_wconf 87' lang='lat' dir='ltr'>provincia.</span> <span class='ocrx_word' id='word_1_575' title='bbox 1691 4168 1759 4239; x_wconf 87' lang='lat' dir='ltr'>Quae</span> 
     </span>
     <span class='ocr_line' id='line_1_79' title="bbox 960 4254 1314 4323; baseline 0.006 -13"><span class='ocrx_word' id='word_1_576' title='bbox 960 4254 1088 4311; x_wconf 89' lang='lat' dir='ltr'>nlmimm</span> <span class='ocrx_word' id='word_1_577' title='bbox 1103 4254 1152 4311; x_wconf 90' lang='lat' dir='ltr'>tibi</span> <span class='ocrx_word' id='word_1_578' title='bbox 1165 4254 1314 4323; x_wconf 87' lang='lat' dir='ltr'>revelatio,</span> 
     </span>
    </p>
   </div>
   <div class='ocr_carea' id='block_1_16' title="bbox 998 4367 1711 4441">
    <p class='ocr_par' dir='ltr' id='par_1_17' title="bbox 998 4367 1711 4441">
     <span class='ocr_line' id='line_1_80' title="bbox 998 4367 1711 4441; baseline 0.01 -18"><span class='ocrx_word' id='word_1_579' title='bbox 998 4368 1144 4439; x_wconf 78' lang='lat' dir='ltr'>Admonet,</span> <span class='ocrx_word' id='word_1_580' title='bbox 1161 4368 1217 4425; x_wconf 88' lang='lat' dir='ltr'>imo</span> <span class='ocrx_word' id='word_1_581' title='bbox 1226 4368 1308 4439; x_wconf 83' lang='lat' dir='ltr'>jubet</span> <span class='ocrx_word' id='word_1_582' title='bbox 1324 4367 1436 4427; x_wconf 86' lang='lat' dir='ltr'>comitis</span> <span class='ocrx_word' id='word_1_583' title='bbox 1450 4385 1486 4425; x_wconf 85' lang='lat' dir='ltr'>ne</span> <span class='ocrx_word' id='word_1_584' title='bbox 1501 4369 1575 4429; x_wconf 85' lang='lat' dir='ltr'>dono</span> <span class='ocrx_word' id='word_1_585' title='bbox 1589 4372 1711 4441; x_wconf 74' lang='lat' dir='ltr'>refutes.</span> 
     </span>
    </p>
   </div>
   <div class='ocr_carea' id='block_1_17' title="bbox 109 4466 1759 4829">
    <p class='ocr_par' dir='ltr' id='par_1_18' title="bbox 109 4466 1759 4829">
     <span class='ocr_line' id='line_1_81' title="bbox 109 4466 1759 4559; baseline 0.001 -18"><span class='ocrx_word' id='word_1_586' title='bbox 109 4483 291 4557; x_wconf 68' lang='lat' dir='ltr'>alterigento</span> <span class='ocrx_word' id='word_1_587' title='bbox 300 4485 359 4553; x_wconf 78' lang='lat' dir='ltr'>tte)</span> <span class='ocrx_word' id='word_1_588' title='bbox 369 4492 461 4545; x_wconf 85' lang='lat' dir='ltr'>castro</span> <span class='ocrx_word' id='word_1_589' title='bbox 476 4500 526 4546; x_wconf 86' lang='lat' dir='ltr'>auo</span> <span class='ocrx_word' id='word_1_590' title='bbox 539 4499 593 4545; x_wconf 88' lang='lat' dir='ltr'>uno</span> <span class='ocrx_word' id='word_1_591' title='bbox 604 4484 732 4547; x_wconf 87' lang='lat' dir='ltr'>milliario</span> <span class='ocrx_word' id='word_1_592' title='bbox 741 4486 905 4559; x_wconf 83' lang='lat' dir='ltr'>sepositum,</span> <span class='ocrx_word' id='word_1_593' title='bbox 920 4466 947 4527; x_wconf 77' lang='lat' dir='ltr'><strong>D</strong></span> <span class='ocrx_word' id='word_1_594' title='bbox 961 4484 997 4545; x_wconf 82' lang='lat' dir='ltr'>at</span> <span class='ocrx_word' id='word_1_595' title='bbox 1018 4483 1083 4543; x_wconf 84' lang='lat' dir='ltr'>dum</span> <span class='ocrx_word' id='word_1_596' title='bbox 1105 4499 1185 4543; x_wconf 86' lang='lat' dir='ltr'>manc</span> <span class='ocrx_word' id='word_1_597' title='bbox 1209 4482 1280 4543; x_wconf 86' lang='lat' dir='ltr'>tacto</span> <span class='ocrx_word' id='word_1_598' title='bbox 1299 4482 1426 4557; x_wconf 86' lang='lat' dir='ltr'>discipuli</span> <span class='ocrx_word' id='word_1_599' title='bbox 1449 4500 1572 4545; x_wconf 86' lang='lat' dir='ltr'>remeare</span> <span class='ocrx_word' id='word_1_600' title='bbox 1592 4486 1627 4545; x_wconf 90' lang='lat' dir='ltr'>ad</span> <span class='ocrx_word' id='word_1_601' title='bbox 1648 4485 1759 4559; x_wconf 86' lang='lat' dir='ltr'>propris</span> 
     </span>
     <span class='ocr_line' id='line_1_82' title="bbox 109 4570 1759 4646; baseline 0.001 -15"><span class='ocrx_word' id='word_1_602' title='bbox 109 4571 171 4631; x_wconf 87' lang='lat' dir='ltr'>anta</span> <span class='ocrx_word' id='word_1_603' title='bbox 184 4580 267 4631; x_wconf 83' lang='lat' dir='ltr'>terrra</span> <span class='ocrx_word' id='word_1_604' title='bbox 280 4571 443 4640; x_wconf 64' lang='lat' dir='ltr'>incudum,</span> <span class='ocrx_word' id='word_1_605' title='bbox 459 4571 536 4632; x_wconf 85' lang='lat' dir='ltr'>sitris</span> <span class='ocrx_word' id='word_1_606' title='bbox 556 4572 594 4633; x_wconf 85' lang='lat' dir='ltr'>ab</span> <span class='ocrx_word' id='word_1_607' title='bbox 614 4575 688 4636; x_wconf 86' lang='lat' dir='ltr'>omui</span> <span class='ocrx_word' id='word_1_608' title='bbox 708 4574 794 4639; x_wconf 87' lang='lat' dir='ltr'>latere</span> <span class='ocrx_word' id='word_1_609' title='bbox 816 4573 906 4637; x_wconf 87' lang='lat' dir='ltr'>couti-</span> <span class='ocrx_word' id='word_1_610' title='bbox 961 4581 1101 4645; x_wconf 84' lang='lat' dir='ltr'>pararant,</span> <span class='ocrx_word' id='word_1_611' title='bbox 1117 4572 1179 4645; x_wconf 86' lang='lat' dir='ltr'>ipsc</span> <span class='ocrx_word' id='word_1_612' title='bbox 1192 4570 1281 4633; x_wconf 88' lang='lat' dir='ltr'>intulit</span> <span class='ocrx_word' id='word_1_613' title='bbox 1296 4589 1326 4631; x_wconf 86' lang='lat' dir='ltr'>sc</span> <span class='ocrx_word' id='word_1_614' title='bbox 1340 4572 1416 4644; x_wconf 86' lang='lat' dir='ltr'>prius</span> <span class='ocrx_word' id='word_1_615' title='bbox 1429 4573 1523 4635; x_wconf 91' lang='lat' dir='ltr'>locum</span> <span class='ocrx_word' id='word_1_616' title='bbox 1540 4577 1662 4633; x_wconf 87' lang='lat' dir='ltr'>visurum</span> <span class='ocrx_word' id='word_1_617' title='bbox 1678 4590 1759 4646; x_wconf 89' lang='lat' dir='ltr'>quam</span> 
     </span>
     <span class='ocr_line' id='line_1_83' title="bbox 109 4658 1756 4735; baseline 0.002 -21"><span class='ocrx_word' id='word_1_618' title='bbox 109 4676 205 4733; x_wconf 77' lang='lat' dir='ltr'>guum,</span> <span class='ocrx_word' id='word_1_619' title='bbox 222 4658 341 4717; x_wconf 86' lang='lat' dir='ltr'>tontibus</span> <span class='ocrx_word' id='word_1_620' title='bbox 361 4669 387 4717; x_wconf 88' lang='lat' dir='ltr'>et</span> <span class='ocrx_word' id='word_1_621' title='bbox 407 4661 485 4733; x_wconf 86' lang='lat' dir='ltr'>aquis</span> <span class='ocrx_word' id='word_1_622' title='bbox 498 4660 642 4733; x_wconf 76' lang='lat' dir='ltr'>irriguum,</span> <span class='ocrx_word' id='word_1_623' title='bbox 657 4669 797 4733; x_wconf 87' lang='lat' dir='ltr'>pratorum</span> <span class='ocrx_word' id='word_1_624' title='bbox 818 4678 907 4719; x_wconf 74' lang='lat' dir='ltr'>amos·</span> <span class='ocrx_word' id='word_1_625' title='bbox 961 4662 1130 4719; x_wconf 83' lang='lat' dir='ltr'>recederent.</span> <span class='ocrx_word' id='word_1_626' title='bbox 1158 4659 1211 4730; x_wconf 85' lang='lat' dir='ltr'>Qui</span> <span class='ocrx_word' id='word_1_627' title='bbox 1224 4660 1338 4718; x_wconf 87' lang='lat' dir='ltr'>veniens</span> <span class='ocrx_word' id='word_1_628' title='bbox 1353 4662 1388 4717; x_wconf 91' lang='lat' dir='ltr'>ad</span> <span class='ocrx_word' id='word_1_629' title='bbox 1402 4663 1514 4731; x_wconf 88' lang='lat' dir='ltr'>silvam,</span> <span class='ocrx_word' id='word_1_630' title='bbox 1531 4680 1592 4735; x_wconf 81' lang='lat' dir='ltr'>quae</span> <span class='ocrx_word' id='word_1_631' title='bbox 1606 4662 1671 4719; x_wconf 84' lang='lat' dir='ltr'>Tiro</span> <span class='ocrx_word' id='word_1_632' title='bbox 1686 4662 1756 4719; x_wconf 90' lang='lat' dir='ltr'>dici-</span> 
     </span>
     <span class='ocr_line' id='line_1_84' title="bbox 109 4748 1758 4829; baseline 0.002 -25"><span class='ocrx_word' id='word_1_633' title='bbox 109 4748 193 4805; x_wconf 91' lang='lat' dir='ltr'>uitate</span> <span class='ocrx_word' id='word_1_634' title='bbox 207 4748 395 4822; x_wconf 86' lang='lat' dir='ltr'>conspicuum,</span> <span class='ocrx_word' id='word_1_635' title='bbox 411 4751 550 4808; x_wconf 88' lang='lat' dir='ltr'>vinearum</span> <span class='ocrx_word' id='word_1_636' title='bbox 572 4748 687 4808; x_wconf 73' lang='lat' dir='ltr'>culturae</span> <span class='ocrx_word' id='word_1_637' title='bbox 710 4767 742 4807; x_wconf 90' lang='lat' dir='ltr'>ac</span> <span class='ocrx_word' id='word_1_638' title='bbox 762 4751 907 4813; x_wconf 83' lang='lat' dir='ltr'>domenum</span> <span class='ocrx_word' id='word_1_639' title='bbox 961 4757 1014 4819; x_wconf 90' lang='lat' dir='ltr'>tur,</span> <span class='ocrx_word' id='word_1_640' title='bbox 1030 4766 1090 4807; x_wconf 88' lang='lat' dir='ltr'>eam</span> <span class='ocrx_word' id='word_1_641' title='bbox 1105 4750 1257 4806; x_wconf 85' lang='lat' dir='ltr'>studiosius</span> <span class='ocrx_word' id='word_1_642' title='bbox 1271 4766 1420 4829; x_wconf 61' lang='lat' dir='ltr'>peragrare</span> <span class='ocrx_word' id='word_1_643' title='bbox 1436 4751 1541 4809; x_wconf 89' lang='lat' dir='ltr'>curavit</span> <span class='ocrx_word' id='word_1_644' title='bbox 1557 4768 1564 4807; x_wconf 72' lang='grc' dir='ltr'><strong>ι</strong></span> <span class='ocrx_word' id='word_1_645' title='bbox 1581 4758 1608 4807; x_wconf 87' lang='lat' dir='ltr'>et</span> <span class='ocrx_word' id='word_1_646' title='bbox 1623 4750 1675 4811; x_wconf 89' lang='lat' dir='ltr'>sibi</span> <span class='ocrx_word' id='word_1_647' title='bbox 1690 4751 1758 4809; x_wconf 89' lang='lat' dir='ltr'>situs</span> 
     </span>
    </p>
   </div>
   <div class='ocr_carea' id='block_1_18' title="bbox 107 4918 1757 5278">
    <p class='ocr_par' dir='ltr' id='par_1_19' title="bbox 107 4918 1757 5278">
     <span class='ocr_line' id='line_1_85' title="bbox 145 4918 1755 4997; baseline -0.003 -16"><span class='ocrx_word' id='word_1_648' title='bbox 145 4920 203 4992; x_wconf 81' lang='lat' dir='ltr'>(tt)</span> <span class='ocrx_word' id='word_1_649' title='bbox 217 4920 352 4983; x_wconf 89' lang='lat' dir='ltr'>ltotrocus</span> <span class='ocrx_word' id='word_1_650' title='bbox 378 4919 449 4978; x_wconf 88' lang='lat' dir='ltr'>tilius</span> <span class='ocrx_word' id='word_1_651' title='bbox 465 4918 590 4979; x_wconf 86' lang='lat' dir='ltr'>Gautridl</span> <span class='ocrx_word' id='word_1_652' title='bbox 611 4922 636 4976; x_wconf 91' lang='lat' dir='ltr'>lt</span> <span class='ocrx_word' id='word_1_653' title='bbox 670 4920 833 4981; x_wconf 83' lang='lat' dir='ltr'>ttauritanlre</span> <span class='ocrx_word' id='word_1_654' title='bbox 854 4936 905 4981; x_wconf 89' lang='lat' dir='ltr'>co·</span> <span class='ocrx_word' id='word_1_655' title='bbox 996 4922 1052 4995; x_wconf 85' lang='grc'><strong>(13)</strong></span> <span class='ocrx_word' id='word_1_656' title='bbox 1065 4920 1247 4997; x_wconf 79' lang='lat' dir='ltr'>Noviqentum</span> <span class='ocrx_word' id='word_1_657' title='bbox 1262 4920 1374 4981; x_wconf 88' lang='lat' dir='ltr'>ltotroci</span> <span class='ocrx_word' id='word_1_658' title='bbox 1396 4920 1431 4979; x_wconf 89' lang='lat' dir='ltr'>ab</span> <span class='ocrx_word' id='word_1_659' title='bbox 1455 4920 1547 4995; x_wconf 87' lang='lat' dir='ltr'>amplo</span> <span class='ocrx_word' id='word_1_660' title='bbox 1566 4918 1696 4979; x_wconf 87' lang='lat' dir='ltr'>comitatu</span> <span class='ocrx_word' id='word_1_661' title='bbox 1711 4918 1755 4977; x_wconf 82' lang='lat' dir='ltr'>di-</span> 
     </span>
     <span class='ocr_line' id='line_1_86' title="bbox 107 4963 1754 5120; baseline -0.002 -69"><span class='ocrx_word' id='word_1_662' title='bbox 107 4992 183 5053; x_wconf 87' lang='lat' dir='ltr'>mltis</span> <span class='ocrx_word' id='word_1_663' title='bbox 204 5000 231 5053; x_wconf 88' lang='lat' dir='ltr'>et</span> <span class='ocrx_word' id='word_1_664' title='bbox 253 4965 604 5074; x_wconf 33' lang='lat' dir='ltr'>castriduut&#39;vlcecemitis,</span> <span class='ocrx_word' id='word_1_665' title='bbox 620 4963 693 5048; x_wconf 71' lang='lat' dir='ltr'>circa</span> <span class='ocrx_word' id='word_1_666' title='bbox 713 5008 815 5049; x_wconf 87' lang='lat' dir='ltr'>anuum</span> <span class='ocrx_word' id='word_1_667' title='bbox 836 4996 905 5048; x_wconf 84' lang='lat' dir='ltr'>troc</span> <span class='ocrx_word' id='word_1_668' title='bbox 959 5001 1043 5053; x_wconf 88' lang='lat' dir='ltr'>ctum.</span> <span class='ocrx_word' id='word_1_669' title='bbox 1061 4990 1148 5057; x_wconf 89' lang='lat' dir='ltr'>Quam</span> <span class='ocrx_word' id='word_1_670' title='bbox 1168 4992 1380 5120; x_wconf 51' lang='lat' dir='ltr'>appeliationem</span> <span class='ocrx_word' id='word_1_671' title='bbox 1395 4990 1529 5048; x_wconf 85' lang='lat' dir='ltr'>invidisse</span> <span class='ocrx_word' id='word_1_672' title='bbox 1543 4990 1642 5049; x_wconf 84' lang='lat' dir='ltr'>dicitur</span> <span class='ocrx_word' id='word_1_673' title='bbox 1655 4992 1754 5049; x_wconf 83' lang='lat' dir='ltr'>ilenri-</span> 
     </span>
     <span class='ocr_line' id='line_1_87' title="bbox 109 5062 1755 5137; baseline -0.006 -12"><span class='ocrx_word' id='word_1_674' title='bbox 109 5064 220 5127; x_wconf 85' lang='lat' dir='ltr'>mertut.</span> <span class='ocrx_word' id='word_1_675' title='bbox 235 5062 382 5135; x_wconf 77' lang='lat' dir='ltr'>preclaras</span> <span class='ocrx_word' id='word_1_676' title='bbox 395 5071 524 5121; x_wconf 77' lang='lat' dir='ltr'>victorias</span> <span class='ocrx_word' id='word_1_677' title='bbox 538 5064 573 5118; x_wconf 90' lang='lat' dir='ltr'>de</span> <span class='ocrx_word' id='word_1_678' title='bbox 587 5063 732 5122; x_wconf 81' lang='lat' dir='ltr'>Saracems</span> <span class='ocrx_word' id='word_1_679' title='bbox 753 5064 781 5125; x_wconf 88' lang='lat' dir='ltr'>tn</span> <span class='ocrx_word' id='word_1_680' title='bbox 802 5064 905 5137; x_wconf 67' lang='lat' dir='ltr'>stupa.</span> <span class='ocrx_word' id='word_1_681' title='bbox 958 5080 1009 5119; x_wconf 90' lang='lat' dir='ltr'>cus</span> <span class='ocrx_word' id='word_1_682' title='bbox 1023 5064 1172 5119; x_wconf 86' lang='lat' dir='ltr'>borbonius</span> <span class='ocrx_word' id='word_1_683' title='bbox 1216 5063 1339 5130; x_wconf 83' lang='lat' dir='ltr'>ondaeua,</span> <span class='ocrx_word' id='word_1_684' title='bbox 1361 5070 1388 5119; x_wconf 88' lang='lat' dir='ltr'>et</span> <span class='ocrx_word' id='word_1_685' title='bbox 1408 5064 1565 5123; x_wconf 84' lang='lat' dir='ltr'>nominasse</span> <span class='ocrx_word' id='word_1_686' title='bbox 1581 5063 1755 5137; x_wconf 77' lang='lat' dir='ltr'>nugularum</span> 
     </span>
     <span class='ocr_line' id='line_1_88' title="bbox 109 5132 1755 5209; baseline -0.004 -13"><span class='ocrx_word' id='word_1_687' title='bbox 109 5137 156 5196; x_wconf 85' lang='lat' dir='ltr'>tritt</span> <span class='ocrx_word' id='word_1_688' title='bbox 169 5143 197 5194; x_wconf 88' lang='lat' dir='ltr'>et</span> <span class='ocrx_word' id='word_1_689' title='bbox 210 5135 237 5195; x_wconf 88' lang='lat' dir='ltr'>in</span> <span class='ocrx_word' id='word_1_690' title='bbox 251 5142 326 5192; x_wconf 85' lang='lat' dir='ltr'>terra</span> <span class='ocrx_word' id='word_1_691' title='bbox 346 5142 442 5189; x_wconf 86' lang='lat' dir='ltr'>sancta</span> <span class='ocrx_word' id='word_1_692' title='bbox 464 5133 596 5202; x_wconf 86' lang='lat' dir='ltr'>obtinuit,</span> <span class='ocrx_word' id='word_1_693' title='bbox 621 5142 648 5193; x_wconf 90' lang='lat' dir='ltr'>et</span> <span class='ocrx_word' id='word_1_694' title='bbox 670 5135 736 5189; x_wconf 81' lang='lat' dir='ltr'>visit</span> <span class='ocrx_word' id='word_1_695' title='bbox 758 5151 846 5209; x_wconf 90' lang='lat' dir='ltr'>usque</span> <span class='ocrx_word' id='word_1_696' title='bbox 870 5136 906 5195; x_wconf 87' lang='lat' dir='ltr'>ad</span> <span class='ocrx_word' id='word_1_697' title='bbox 960 5135 1107 5201; x_wconf 88' lang='lat' dir='ltr'>Gallicum,</span> <span class='ocrx_word' id='word_1_698' title='bbox 1124 5134 1172 5190; x_wconf 87' lang='lat' dir='ltr'>sed</span> <span class='ocrx_word' id='word_1_699' title='bbox 1187 5134 1329 5206; x_wconf 74' lang='lat' dir='ltr'>prevaluit</span> <span class='ocrx_word' id='word_1_700' title='bbox 1351 5133 1461 5205; x_wconf 85' lang='lat' dir='ltr'>antiqua</span> <span class='ocrx_word' id='word_1_701' title='bbox 1484 5132 1680 5191; x_wconf 86' lang='lat' dir='ltr'>denominatio.</span> <span class='ocrx_word' id='word_1_702' title='bbox 1700 5133 1755 5189; x_wconf 89' lang='lat' dir='ltr'>No·</span> 
     </span>
     <span class='ocr_line' id='line_1_89' title="bbox 109 5202 1757 5278; baseline -0.004 -13"><span class='ocrx_word' id='word_1_703' title='bbox 109 5222 211 5266; x_wconf 88' lang='lat' dir='ltr'>anuum</span> <span class='ocrx_word' id='word_1_704' title='bbox 225 5204 305 5259; x_wconf 84' lang='grc'><strong>1113.</strong></span> <span class='ocrx_word' id='word_1_705' title='bbox 321 5202 438 5261; x_wconf 83' lang='lat' dir='ltr'>Consule</span> <span class='ocrx_word' id='word_1_706' title='bbox 453 5202 616 5260; x_wconf 78' lang='lat' dir='ltr'>ordericum</span> <span class='ocrx_word' id='word_1_707' title='bbox 631 5204 757 5271; x_wconf 77' lang='lat' dir='ltr'>vitalem,</span> <span class='ocrx_word' id='word_1_708' title='bbox 774 5206 822 5261; x_wconf 90' lang='lat' dir='ltr'>lib.</span> <span class='ocrx_word' id='word_1_709' title='bbox 840 5220 904 5273; x_wconf 82' lang='lat' dir='ltr'>xtrr,</span> <span class='ocrx_word' id='word_1_710' title='bbox 958 5214 1076 5278; x_wconf 73' lang='lat' dir='ltr'>gentum</span> <span class='ocrx_word' id='word_1_711' title='bbox 1102 5206 1130 5262; x_wconf 91' lang='lat' dir='ltr'>in</span> <span class='ocrx_word' id='word_1_712' title='bbox 1155 5206 1262 5263; x_wconf 87' lang='lat' dir='ltr'>Perticu</span> <span class='ocrx_word' id='word_1_713' title='bbox 1285 5204 1351 5261; x_wconf 87' lang='lat' dir='ltr'>dixit</span> <span class='ocrx_word' id='word_1_714' title='bbox 1374 5204 1526 5263; x_wconf 87' lang='lat' dir='ltr'>Ordericus</span> <span class='ocrx_word' id='word_1_715' title='bbox 1550 5204 1596 5261; x_wconf 92' lang='lat' dir='ltr'>lib.</span> <span class='ocrx_word' id='word_1_716' title='bbox 1624 5219 1688 5260; x_wconf 88' lang='grc' dir='ltr'><strong>ιιιιι.</strong></span> <span class='ocrx_word' id='word_1_717' title='bbox 1708 5204 1757 5259; x_wconf 83' lang='lat' dir='ltr'>idst</span> 
     </span>
    </p>
   </div>
   <div class='ocr_carea' id='block_1_19' title="bbox 959 5274 1551 5347">
    <p class='ocr_par' dir='ltr' id='par_1_20' title="bbox 959 5274 1551 5347">
     <span class='ocr_line' id='line_1_90' title="bbox 959 5274 1551 5347; baseline -0.01 -10"><span class='ocrx_word' id='word_1_718' title='bbox 959 5278 1107 5337; x_wconf 85' lang='lat' dir='ltr'>etiamnum</span> <span class='ocrx_word' id='word_1_719' title='bbox 1122 5284 1203 5347; x_wconf 87' lang='lat' dir='ltr'>caput</span> <span class='ocrx_word' id='word_1_720' title='bbox 1220 5274 1388 5333; x_wconf 72' lang='lat' dir='ltr'>peronensis</span> <span class='ocrx_word' id='word_1_721' title='bbox 1401 5276 1551 5333; x_wconf 84' lang='lat' dir='ltr'>interioris.</span> 
     </span>
    </p>
   </div>
   <div class='ocr_carea' id='block_1_20' title="bbox 108 5274 906 5758">
    <p class='ocr_par' dir='ltr' id='par_1_21' title="bbox 109 5274 906 5493">
     <span class='ocr_line' id='line_1_91' title="bbox 109 5274 906 5349; baseline -0.001 -17"><span class='ocrx_word' id='word_1_722' title='bbox 109 5278 268 5337; x_wconf 79' lang='lat' dir='ltr'>biattbaeuut</span> <span class='ocrx_word' id='word_1_723' title='bbox 294 5274 426 5333; x_wconf 77' lang='lat' dir='ltr'>Parisinus</span> <span class='ocrx_word' id='word_1_724' title='bbox 449 5274 483 5331; x_wconf 90' lang='lat' dir='ltr'>ad</span> <span class='ocrx_word' id='word_1_725' title='bbox 505 5290 549 5330; x_wconf 90' lang='lat' dir='ltr'>an.</span> <span class='ocrx_word' id='word_1_726' title='bbox 569 5276 648 5343; x_wconf 83' lang='lat' dir='ltr'>tuae,</span> <span class='ocrx_word' id='word_1_727' title='bbox 665 5275 840 5333; x_wconf 89' lang='lat' dir='ltr'>tiuiltelmum</span> <span class='ocrx_word' id='word_1_728' title='bbox 854 5277 906 5349; x_wconf 78' lang='lat' dir='ltr'>&#39;Pv-</span> 
     </span>
     <span class='ocr_line' id='line_1_92' title="bbox 109 5344 904 5419; baseline -0.004 -14"><span class='ocrx_word' id='word_1_729' title='bbox 109 5349 199 5415; x_wconf 82' lang='lat' dir='ltr'>rium,</span> <span class='ocrx_word' id='word_1_730' title='bbox 221 5344 270 5404; x_wconf 86' lang='lat' dir='ltr'>lib.</span> <span class='ocrx_word' id='word_1_731' title='bbox 294 5360 304 5399; x_wconf 92' lang='grc' dir='ltr'><strong>ι</strong></span> <span class='ocrx_word' id='word_1_732' title='bbox 328 5345 397 5404; x_wconf 88' lang='lat' dir='ltr'>iliat.</span> <span class='ocrx_word' id='word_1_733' title='bbox 421 5345 569 5413; x_wconf 74' lang='lat' dir='ltr'>diescant,</span> <span class='ocrx_word' id='word_1_734' title='bbox 594 5361 656 5419; x_wconf 88' lang='lat' dir='ltr'>cap.</span> <span class='ocrx_word' id='word_1_735' title='bbox 675 5348 727 5415; x_wconf 88' lang='lat' dir='ltr'>t&#39;t;</span> <span class='ocrx_word' id='word_1_736' title='bbox 744 5354 771 5401; x_wconf 90' lang='lat' dir='ltr'>et</span> <span class='ocrx_word' id='word_1_737' title='bbox 784 5346 834 5401; x_wconf 94' lang='lat' dir='ltr'>lib.</span> <span class='ocrx_word' id='word_1_738' title='bbox 864 5362 904 5414; x_wconf 82' lang='lat' dir='ltr'>rr,</span> 
     </span>
     <span class='ocr_line' id='line_1_93' title="bbox 110 5413 793 5493; baseline -0.007 -16"><span class='ocrx_word' id='word_1_739' title='bbox 110 5434 171 5493; x_wconf 85' lang='lat' dir='ltr'>cup.</span> <span class='ocrx_word' id='word_1_740' title='bbox 188 5420 232 5478; x_wconf 85' lang='lat' dir='ltr'>tt.</span> <span class='ocrx_word' id='word_1_741' title='bbox 248 5424 275 5471; x_wconf 88' lang='lat' dir='ltr'>et</span> <span class='ocrx_word' id='word_1_742' title='bbox 289 5413 358 5475; x_wconf 66' lang='lat' dir='ltr'>aura</span> <span class='ocrx_word' id='word_1_743' title='bbox 374 5430 381 5470; x_wconf 91' lang='lat'>:</span> <span class='ocrx_word' id='word_1_744' title='bbox 398 5416 432 5473; x_wconf 89' lang='lat' dir='ltr'>dc</span> <span class='ocrx_word' id='word_1_745' title='bbox 447 5430 480 5471; x_wconf 90' lang='lat' dir='ltr'>eo</span> <span class='ocrx_word' id='word_1_746' title='bbox 494 5416 591 5472; x_wconf 90' lang='lat' dir='ltr'>iterum</span> <span class='ocrx_word' id='word_1_747' title='bbox 606 5416 676 5471; x_wconf 88' lang='lat' dir='ltr'>intra</span> <span class='ocrx_word' id='word_1_748' title='bbox 690 5418 793 5492; x_wconf 76' lang='lat' dir='ltr'>agitur.</span> 
     </span>
    </p>

    <p class='ocr_par' dir='ltr' id='par_1_22' title="bbox 108 5485 904 5758">
     <span class='ocr_line' id='line_1_94' title="bbox 146 5485 904 5562; baseline -0.004 -18"><span class='ocrx_word' id='word_1_749' title='bbox 146 5489 202 5558; x_wconf 71' lang='lat' dir='ltr'>tiu)</span> <span class='ocrx_word' id='word_1_750' title='bbox 217 5485 339 5543; x_wconf 88' lang='lat' dir='ltr'>Perttcus</span> <span class='ocrx_word' id='word_1_751' title='bbox 363 5501 412 5542; x_wconf 90' lang='lat' dir='ltr'>seu</span> <span class='ocrx_word' id='word_1_752' title='bbox 434 5487 569 5544; x_wconf 90' lang='lat' dir='ltr'>Pertlcum</span> <span class='ocrx_word' id='word_1_753' title='bbox 587 5496 634 5545; x_wconf 88' lang='lat' dir='ltr'>aut</span> <span class='ocrx_word' id='word_1_754' title='bbox 654 5489 806 5559; x_wconf 87' lang='lat' dir='ltr'>Particum,</span> <span class='ocrx_word' id='word_1_755' title='bbox 820 5487 904 5562; x_wconf 75' lang='lat' dir='ltr'>vulgo</span> 
     </span>
     <span class='ocr_line' id='line_1_95' title="bbox 110 5558 904 5629; baseline 0 -14"><span class='ocrx_word' id='word_1_756' title='bbox 110 5562 136 5615; x_wconf 83' lang='lat' dir='ltr'>lc</span> <span class='ocrx_word' id='word_1_757' title='bbox 150 5558 265 5625; x_wconf 84' lang='lat' dir='ltr'>Pcrcbe,</span> <span class='ocrx_word' id='word_1_758' title='bbox 278 5558 357 5629; x_wconf 85' lang='lat' dir='ltr'>cujus</span> <span class='ocrx_word' id='word_1_759' title='bbox 371 5560 508 5615; x_wconf 83' lang='lat' dir='ltr'>Rotrecus</span> <span class='ocrx_word' id='word_1_760' title='bbox 530 5560 614 5615; x_wconf 88' lang='lat' dir='ltr'>etiam</span> <span class='ocrx_word' id='word_1_761' title='bbox 634 5560 730 5617; x_wconf 88' lang='lat' dir='ltr'>consul</span> <span class='ocrx_word' id='word_1_762' title='bbox 746 5575 796 5615; x_wconf 90' lang='lat' dir='ltr'>scu</span> <span class='ocrx_word' id='word_1_763' title='bbox 811 5574 904 5616; x_wconf 88' lang='lat' dir='ltr'>comes</span> 
     </span>
     <span class='ocr_line' id='line_1_96' title="bbox 108 5628 902 5701; baseline 0.003 -17"><span class='ocrx_word' id='word_1_764' title='bbox 108 5628 218 5689; x_wconf 81' lang='lat' dir='ltr'>dietam.</span> <span class='ocrx_word' id='word_1_765' title='bbox 245 5636 287 5684; x_wconf 89' lang='lat' dir='ltr'>eat</span> <span class='ocrx_word' id='word_1_766' title='bbox 309 5628 478 5701; x_wconf 60' lang='grc'><strong>1111111111</strong></span> <span class='ocrx_word' id='word_1_767' title='bbox 500 5629 695 5701; x_wconf 81' lang='lat' dir='ltr'>carnotenses,</span> <span class='ocrx_word' id='word_1_768' title='bbox 720 5630 902 5699; x_wconf 88' lang='lat' dir='ltr'>Cenomanos,</span> 
     </span>
     <span class='ocr_line' id='line_1_97' title="bbox 108 5698 573 5758; baseline 0.002 -1"><span class='ocrx_word' id='word_1_769' title='bbox 108 5698 325 5757; x_wconf 82' lang='lat' dir='ltr'>vindocinenses</span> <span class='ocrx_word' id='word_1_770' title='bbox 337 5708 367 5756; x_wconf 90' lang='lat' dir='ltr'>ct</span> <span class='ocrx_word' id='word_1_771' title='bbox 380 5700 573 5758; x_wconf 80' lang='lat' dir='ltr'>libroicenaaa.</span> 
     </span>
    </p>
   </div>
   <div class='ocr_carea' id='block_1_21' title="bbox 958 5344 1801 5705">
    <p class='ocr_par' dir='ltr' id='par_1_23' title="bbox 958 5344 1801 5550">
     <span class='ocr_line' id='line_1_98' title="bbox 996 5344 1757 5420; baseline -0.011 -13"><span class='ocrx_word' id='word_1_772' title='bbox 996 5349 1051 5420; x_wconf 81' lang='lat' dir='ltr'>(ii)</span> <span class='ocrx_word' id='word_1_773' title='bbox 1068 5348 1172 5407; x_wconf 82' lang='lat' dir='ltr'>beatrix</span> <span class='ocrx_word' id='word_1_774' title='bbox 1189 5355 1274 5403; x_wconf 81' lang='lat' dir='ltr'>mater</span> <span class='ocrx_word' id='word_1_775' title='bbox 1289 5346 1398 5405; x_wconf 86' lang='lat' dir='ltr'>liutroei</span> <span class='ocrx_word' id='word_1_776' title='bbox 1421 5346 1477 5403; x_wconf 89' lang='lat' dir='ltr'>tilia</span> <span class='ocrx_word' id='word_1_777' title='bbox 1499 5344 1648 5415; x_wconf 85' lang='lat' dir='ltr'>Rupilortis</span> <span class='ocrx_word' id='word_1_778' title='bbox 1673 5344 1757 5399; x_wconf 89' lang='lat' dir='ltr'>comi·</span> 
     </span>
     <span class='ocr_line' id='line_1_99' title="bbox 958 5414 1801 5501; baseline -0.009 -24"><span class='ocrx_word' id='word_1_779' title='bbox 958 5416 1003 5501; x_wconf 72' lang='lat' dir='ltr'>tia,</span> <span class='ocrx_word' id='word_1_780' title='bbox 1021 5418 1156 5500; x_wconf 84' lang='lat' dir='ltr'>Ordarleo</span> <span class='ocrx_word' id='word_1_781' title='bbox 1170 5418 1217 5499; x_wconf 80' lang='lat' dir='ltr'>lib.</span> <span class='ocrx_word' id='word_1_782' title='bbox 1233 5432 1298 5487; x_wconf 86' lang='lat' dir='ltr'>xtu,</span> <span class='ocrx_word' id='word_1_783' title='bbox 1316 5416 1452 5491; x_wconf 84' lang='lat' dir='ltr'>aliquibus</span> <span class='ocrx_word' id='word_1_784' title='bbox 1475 5420 1530 5476; x_wconf 83' lang='lat' dir='ltr'>utta</span> <span class='ocrx_word' id='word_1_785' title='bbox 1547 5414 1668 5474; x_wconf 87' lang='lat' dir='ltr'>Hitduini</span> <span class='ocrx_word' id='word_1_786' title='bbox 1683 5416 1755 5473; x_wconf 82' lang='lat' dir='ltr'>llus-</span> <span class='ocrx_word' id='word_1_787' title='bbox 1794 5451 1801 5465; x_wconf 91' lang='lat'>.</span> 
     </span>
     <span class='ocr_line' id='line_1_100' title="bbox 958 5498 1223 5550; baseline -0.015 -1"><span class='ocrx_word' id='word_1_788' title='bbox 958 5506 1092 5550; x_wconf 85' lang='lat' dir='ltr'>atecauats</span> <span class='ocrx_word' id='word_1_789' title='bbox 1106 5498 1223 5546; x_wconf 75' lang='lat' dir='ltr'>comitts.</span> 
     </span>
    </p>

    <p class='ocr_par' dir='ltr' id='par_1_24' title="bbox 958 5558 1756 5705">
     <span class='ocr_line' id='line_1_101' title="bbox 993 5558 1756 5633; baseline -0.008 -14"><span class='ocrx_word' id='word_1_790' title='bbox 993 5562 1051 5633; x_wconf 79' lang='lat' dir='ltr'>tte)</span> <span class='ocrx_word' id='word_1_791' title='bbox 1063 5560 1130 5619; x_wconf 79' lang='lat' dir='ltr'>tiliis</span> <span class='ocrx_word' id='word_1_792' title='bbox 1145 5559 1267 5619; x_wconf 85' lang='lat' dir='ltr'>sotttudo</span> <span class='ocrx_word' id='word_1_793' title='bbox 1280 5561 1375 5617; x_wconf 83' lang='lat' dir='ltr'>Tironi</span> <span class='ocrx_word' id='word_1_794' title='bbox 1388 5558 1498 5617; x_wconf 84' lang='lat' dir='ltr'>dicittu.</span> <span class='ocrx_word' id='word_1_795' title='bbox 1510 5558 1577 5615; x_wconf 88' lang='lat' dir='ltr'>Erat</span> <span class='ocrx_word' id='word_1_796' title='bbox 1588 5565 1678 5615; x_wconf 87' lang='lat' dir='ltr'>autem</span> <span class='ocrx_word' id='word_1_797' title='bbox 1687 5566 1756 5615; x_wconf 88' lang='lat' dir='ltr'>uter·</span> 
     </span>
     <span class='ocr_line' id='line_1_102' title="bbox 958 5628 1431 5705; baseline -0.011 -13"><span class='ocrx_word' id='word_1_798' title='bbox 958 5646 1012 5703; x_wconf 83' lang='lat' dir='ltr'>que</span> <span class='ocrx_word' id='word_1_799' title='bbox 1027 5632 1104 5691; x_wconf 85' lang='lat' dir='ltr'>locun</span> <span class='ocrx_word' id='word_1_800' title='bbox 1117 5630 1145 5689; x_wconf 90' lang='lat' dir='ltr'>iu</span> <span class='ocrx_word' id='word_1_801' title='bbox 1159 5630 1278 5705; x_wconf 79' lang='lat' dir='ltr'>perrecin</span> <span class='ocrx_word' id='word_1_802' title='bbox 1292 5628 1431 5689; x_wconf 83' lang='lat' dir='ltr'>brrrualta.</span> 
     </span>
    </p>
   </div>
   <div class='ocr_carea' id='block_1_22' title="bbox 0 0 1976 6067">
    <p class='ocr_par' dir='ltr' id='par_1_25' title="bbox 0 0 1976 6067">
     <span class='ocr_line' id='line_1_103' title="bbox 0 0 1976 6067; baseline 0 0"><span class='ocrx_word' id='word_1_803' title='bbox 0 0 1976 6067; x_wconf 95' lang='lat' dir='ltr'> </span> 
     </span>
    </p>
   </div>
  </div>
 </body>
</html>
