3942 6067
189 271 195 282 ,
218 207 270 268 tur

549 205 698 262 llONsllill
718 203 979 290 aucbsrouuu.
1005 201 1086 260 OPP.
1105 203 1195 262 Putas
1220 205 1256 263 ll.
1276 235 1309 244 -
1323 206 1528 262 Exuperius

1815 210 1870 262 tus

189 330 254 408 ‚iao
267 331 411 389 doctrines.
432 329 485 400 Qui
504 328 644 386 assimilati
663 336 725 382 sunt
742 327 919 398 notrisque
938 327 1008 384 sicut
1021 328 1051 388 Α
1065 328 1154 398 posuit
1168 329 1203 383 ad
1221 329 1425 385 distinctionem
1448 329 1520 385 botri
1539 327 1634 401 sylvus,
1658 331 1704 404 qui
1724 339 1766 388 est
1786 347 1866 389 ama—

209 420 283 478 botri
303 419 377 492 pleni
396 427 459 475 sunt
473 419 555 482 vino;
579 417 616 471 ita
639 415 690 489 ipsi
706 416 778 488 pleni
794 423 857 472 sunt
877 407 1004 472 scientia.

187 563 193 574 ,
209 510 245 564 tit
259 508 329 566 sicut
344 507 414 564 butri
442 506 531 577 pressi
560 503 709 565 inebriant3
736 503 774 560 sic
789 503 850 574 ipsi,
868 503 894 557 in
910 499 1010 558 mundo

211 597 310 670 pressi,
327 597 369 652 lac
383 595 512 652 doctrinae
526 594 679 664 propinant.

251 709 404 764 Notandum
420 715 520 772 nutem,
538 705 610 777 quod
625 713 740 776 utraque
750 706 795 760 len
807 706 895 760 trinio
908 720 937 760 se
947 719 1011 762 oon-

190 834 193 844 .
213 800 291 866 tinet,
308 797 415 852 seilicet
427 802 573 865 proecepit,
589 795 723 864 exempta,
741 795 888 865 promissa.
906 795 1010 848 Preco-

211 895 258 956 pis
272 886 374 940 veteris
388 883 458 955 logis
473 891 537 938 sunt
553 901 559 936 r
577 884 637 940 tlon
651 883 767 948 εεεῐιιεε,
785 884 845 938 Nou
860 882 1012 938 morcbcbe-

216 975 258 1028 ris
272 973 372 1042 (duod.
392 987 441 1039 nx,
458 973 502 1037 ib,
519 972 575 1042 tt),
601 977 658 1026 etc.
685 969 819 1042 Exempla
841 977 913 1036 sunt,
937 969 1012 1042 quod

219 1061 305 1116 umis
319 1061 385 1117 suut
398 1060 537 1116 inimicum
552 1060 580 1114 in
596 1058 726 1129 spetunca
749 1073 802 1114 nun
818 1057 927 1124 oceidit,
949 1072 1012 1114 curn

197 1151 287 1204 ..bene
299 1149 402 1219 potuit,
422 1157 449 1204 st
468 1148 570 1217 loseph
594 1147 760 1210 adulterium
784 1161 838 1202 nou
858 1145 932 1212 iecit,
949 1160 1011 1202 curu

216 1254 277 1292 eum
294 1237 404 1292 domina
419 1236 519 1291 blando
534 1235 662 1306 amplexu
683 1235 852 1290 constrinxit.
875 1234 1012 1290 Promissa

187 1367 191 1374 .
214 1341 280 1384 vero
296 1333 358 1382 suut
374 1344 381 1378 :
397 1326 426 1380 st
440 1326 492 1382 hoo
507 1323 635 1390 feceritis,
652 1323 723 1380 dabo
738 1322 817 1380 vobis
832 1323 874 1379 isc
895 1329 922 1380 ει
945 1321 1011 1377 mel.

215 1415 355 1484 Praeecptt
378 1420 468 1468 auiam
492 1427 570 1467 norae
595 1411 665 1484 legis
689 1419 779 1466 sunt:
806 1413 921 1482 Dtliyiis
950 1410 1012 1464 ini-

213 1505 301 1560 micus
330 1505 446 1567 uestros,
476 1505 503 1556 et
532 1503 613 1556 εναιε
634 1517 686 1572 pro
708 1500 940 1574 persequentibus
964 1515 1012 1556 vos

216 1591 329 1656 (dritta.
349 1603 378 1653 v,
396 1589 450 1652 tt).
466 1588 610 1659 Exempla,
626 1589 700 1660 quod
714 1587 837 1643 Christus
861 1587 947 1644 oravit
961 1603 1013 1658 pro

1066 433 1123 471 rus.
1141 408 1231 471 Ubera
1246 410 1394 472 Sunamitis
1410 423 1474 472 sunt
1487 417 1692 490 predicatores,
1704 419 1750 491 qui
1764 411 1808 477 lac
1819 421 1869 475 do-

1065 505 1157 560 ctriuae
1172 506 1293 576 praebent
1313 505 1437 560 rudibus.
1458 506 1543 561 Vinea
1559 506 1600 561 esi
1609 499 1733 563 Ecclesia
1749 526 1756 560 :
1772 508 1870 562 botrus

1065 600 1107 647 est
1121 583 1244 648 Christus
1259 594 1285 648 in
1302 593 1385 664 prseio
1398 592 1488 650 crucis
1514 610 1640 664 pressus,
1664 590 1698 650 de
1713 611 1767 668 quo
1788 591 1870 650 iiuxit

1066 681 1127 735 vitae
1146 690 1235 751 potus.
1260 682 1303 738 Sic
1327 691 1485 753 premuntur
1508 683 1637 739 doctores
1661 677 1816 756 synagogas
1841 683 1872 738 in

1065 761 1222 825 antichristi
1238 771 1486 840 persecutionibus,
1502 778 1529 826 ει
1543 764 1629 826 fluunt
1652 769 1687 827 de
1710 767 1751 827 eis
1770 773 1871 844 pocula

1066 858 1127 913 vitas
1143 858 1282 915 iidelibus.
1300 858 1408 914 Odorss
1420 874 1487 915 vero
1501 850 1651 914 Sodomitis
1672 865 1735 916 sunt
1756 857 1830 916 i'atba
1844 870 1874 916 et

1066 945 1159 1016 opinio
1175 947 1254 1002 bonae
1268 948 1439 1017 operationis
1459 949 1486 1003 ei
1510 948 1723 1019 medicuiouts,
1740 948 1785 1021 qul
1808 958 1875 1004 sont

1066 1031 1137 1091 sicut
1152 1035 1254 1092 odores
1267 1035 1412 1100 maurum,
1429 1035 1532 1092 scilieet
1547 1036 1686 1101 arborum,
1702 1037 1730 1092 id
1743 1041 1785 1093 esi
1798 1037 1872 1092 sieut

1065 1112 1275 1193 praedicationes
1290 1124 1486 1194 apostolorum.
1503 1122 1627 1195 Apostoli
1642 1125 1743 1197 quippe
1755 1125 1867 1180 iudrmt

1067 1211 1137 1266 siout
1151 1211 1223 1277 mcii,
1240 1213 1267 1266 tn
1280 1213 1379 1284 quibus
1394 1221 1438 1268 est
1455 1214 1525 1269 odor
1549 1219 1576 1269 st
1597 1213 1709 1281 motus,
1733 1215 1779 1286 uui
1798 1213 1872 1269 udo-

1067 1307 1126 1355 rsrn
1142 1301 1222 1356 boore
1236 1300 1299 1356 vitas
1311 1309 1481 1373 sparserunt,
1499 1308 1526 1357 et
1540 1301 1613 1359 dulci
1629 1301 1717 1358 iiutiti
1737 1302 1872 1359 doctrinar

1068 1385 1138 1443 aiios
1153 1387 1320 1445 reiecerunt.

1103 1472 1136 1531 itt
1152 1483 1215 1533 nota
1230 1477 1304 1550 quod
1318 1477 1514 1550 praedicatores
1529 1479 1687 1553 synagoga
1699 1477 1809 1536 Christo
1822 1490 1872 1535 as-

1068 1563 1221 1621 simiieniur
1242 1565 1270 1621 in
1294 1567 1432 1638 pressuris
1456 1568 1635 1638 passionum
1660 1567 1872 1639 praedicationes

185 1728 192 1740 ,
212 1678 272 1732 suis
286 1677 501 1742 cruciiiroribus,
518 1685 546 1732 ει
558 1677 712 1748 Stephanus
727 1693 777 1748 pro
792 1677 850 1732 suis
875 1676 1012 1746 lapidato·
1027 1675 1055 1738 B
1070 1662 1139 1710 *effi
1163 1662 1259 1710 ⁰⁰¹i¹m
1286 1652 1528 1727 i‘laedlfflflmllbiss
1563 1656 1770 1727 ⁶i⁰⁸l0¹⁰fflffls
1805 1658 1873 1730 quia

211 1767 299 1821 ribus.
316 1766 453 1822 Promissa
468 1781 550 1822 vero:
573 1765 649 1833 Quod
664 1767 762 1824 oculus
785 1782 841 1822 nois
865 1765 944 1828 uidit,
961 1781 1013 1821 uec

186 1856 292 1931 aottrt's
312 1855 430 1920 audiuit,
455 1869 507 1910 nco
523 1856 553 1909 iu
568 1871 617 1910 eur
642 1852 764 1909 bominis
788 1854 926 1918 escendit,
953 1869 1014 1925 pure

186 2009 193 2025 ,
213 1943 387 2016 preparavit
402 1945 474 1998 Deus
489 1935 675 2012 diiipcoiibus
691 1957 719 1997 se
735 1942 759 2012 (i
775 1938 838 1997 Gor.
859 1958 887 2010 u,
904 1935 945 2012 o).

186 2101 199 2112 ,Α
249 2059 284 2114 isit
297 2058 447 2114 stutendum
462 2057 535 2129 quod
549 2065 663 2128 utraque
677 2057 720 2112 lou
736 2057 763 2112 in
786 2057 849 2130 igne
865 2057 928 2110 duta
951 2063 1012 2120 est;

216 2147 264 2219 qui
279 2147 362 2201 habet
377 2146 445 2200 duas
459 2155 578 2206 naturas.
595 2145 701 2200 ardoris
717 2154 743 2199 et
758 2144 929 2215 splendoris3
951 2144 1014 2215 quia

212 2244 330 2306 utraque
344 2235 568 2314 prmuoriestores
582 2234 653 2304 legis
673 2233 802 2302 incendit,
818 2233 1014 2288 observatores

218 2324 363 2381 illuminat.
380 2323 482 2380 idaust
495 2322 636 2394 utriusque
650 2321 826 2394 legislatoris
838 2316 922 2378 iacies
933 2327 960 2374 ut
972 2321 1014 2376 sul

213 2411 392 2483 resplenduit,
407 2411 471 2483 quir
485 2418 598 2482 uterque
613 2410 684 2466 viam
699 2411 734 2464 ad
744 2411 894 2466 claritatem
905 2417 1014 2464 reternae

216 2502 286 2558 lucis
314 2500 416 2559 decuit.
447 2500 491 2556 Sic
520 2515 637 2572 namque
666 2498 809 2570 splendida
843 2497 891 2554 tuit
930 2492 1014 2554 iacies

213 2589 309 2661 Moysi,
326 2597 354 2644 ut
369 2603 422 2643 uon
438 2594 550 2658 possunt
565 2585 611 2641 iuti
627 2585 711 2642 isreel
726 2587 866 2642 intendere
876 2585 903 2640 in
915 2583 1014 2641 taciem

185 2739 188 2744 ,
214 2678 303 2734 stritus
317 2678 387 2746 eius,
404 2684 515 2748 propter
529 2675 678 2734 claritatem
695 2673 784 2731 vuitus
799 2673 893 2746 ipsius.
911 2672 1015 2731 curisti

213 2783 278 2822 roro
292 2765 386 2822 latoris
401 2781 480 2820 norae
495 2760 566 2838 legis
581 2763 666 2820 iacies
682 2764 750 2820 siout
766 2761 807 2818 sol
823 2760 850 2816 in
865 2765 956 2817 monto
972 2778 1014 2816 re-

213 2853 362 2924 splenduit,
378 2853 489 2924 qusndo
504 2868 566 2908 cum
581 2868 614 2908 eo
629 2852 702 2907 Eiins
718 2859 742 2907 et
758 2849 865 2922 iioyses
881 2849 951 2906 lator
966 2865 1014 2904 ve·

213 2942 278 2998 teris
300 2942 369 3014 logis
397 2941 535 3014 apperuit,
562 2940 639 3008 ctrjus
669 2940 752 2996 etiarn
779 2939 918 3011 promissa
940 2945 1012 3004 suni,

214 3030 285 3100 quod
298 3029 368 3100 justi
384 3029 455 3084 sicut
470 3028 511 3083 sol
527 3027 555 3082 in
570 3044 657 3100 regno
673 3027 762 3084 Patris
784 3025 797 3080 i

215 3119 329 3190 quitur:

251 3234 319 3289 utet
340 3233 493 3290 nscsndom
518 3235 549 3288 iu
579 3235 717 3304 polorum.
746 3236 779 3288 ut
798 3231 1015 3304 opperiendam

215 3325 329 3394 fructos
343 3324 414 3392 cibe.
433 3320 518 3390 Quasi
542 3321 614 3376 dicet
637 3320 779 3388 sunamiti,
807 3320 879 3398 quod
899 3322 1018 3376 stetero

213 3410 491 3480 procreandorum
510 3411 671 3465 assimiletur
694 3413 737 3464 cst
765 3409 878 3480 palme,
913 3407 1018 3463 scilicet

186 3547 189 3552 .
216 3499 339 3556 victorin
355 3511 432 3561 meu.
449 3498 501 3554 lroc
528 3497 591 3552 ideo
614 3505 667 3562 cst,
690 3496 755 3570 quia
777 3511 830 3568 ego
854 3495 967 3551 ascendi
989 3495 1017 3549 in

215 3586 348 3658 palmum,
365 3596 393 3641 et
407 3586 476 3641 trusi
492 3594 518 3642 te
533 3593 595 3656 post
609 3601 653 3642 me
668 3585 702 3641 nd
718 3583 870 3650 victoriam,
891 3583 1019 3640 uidelicet

217 3675 328 3745 quando
343 3675 476 3731 staturus
490 3689 550 3730 sum
565 3674 592 3728 in
607 3689 698 3738 cruce,
717 3671 810 3728 omnis
824 3671 895 3726 traxi
912 3671 947 3727 ad
962 3687 1016 3736 me,

218 3764 357 3836 inquibus
372 3771 398 3820 st
412 3771 448 3818 ιε.

253 3881 321 3936 iiiut
336 3880 419 3947 enirn,
435 3879 461 3933 id
478 3887 522 3934 est
537 3877 651 3933 tirmiter
663 3877 737 3947 apud
753 3877 861 3932 Patrem
885 3885 948 3932 ante
963 3891 1017 3932 εε-

215 3971 274 4026 onia
287 3968 420 4040 disposui,
437 3969 500 4039 quin
528 3967 675 4024 ascendam
690 3967 718 4022 iu
740 3966 868 4036 palmam,
891 3966 942 4020 bue
966 3972 1016 4028 εει,

217 4060 245 4113 in
259 4065 370 4114 ειιιεειιι
385 4057 412 4110 iu
428 4071 482 4127 qus
499 4056 603 4110 viariam
620 4063 773 4125 tyranuum,
790 4061 817 4108 ot
837 4059 901 4109 tuno
916 4067 1018 4124 appre-

216 4142 333 4201 hendant
351 4145 457 4200 tructus
472 4144 539 4212 ejus,
557 4143 650 4198 scilice
664 4155 760 4198 ornnes
776 4140 934 4205 odiendos,
948 4156 1019 4212 quo-

217 4249 277 4287 rum
291 4249 354 4302 pars
371 4238 436 4285 sunt
451 4230 539 4284 ultimi
553 4229 648 4292 ludaei,
667 4237 694 4284 et
707 4229 779 4284 vieto
792 4235 910 4299 tyranno
923 4227 1018 4298 fugiti-

216 4335 268 4375 vos
284 4319 317 4374 sd
334 4331 377 4373 ms
390 4319 506 4374 trabam.
523 4316 677 4372 Similitudo
692 4323 736 4370 est
752 4315 847 4372 abillo
863 4315 909 4387 qui
933 4315 959 4369 in
973 4330 1018 4368 ar-

219 4409 312 4463 borem
330 4406 445 4472 scandit,
461 4414 488 4460 ot
497 4404 645 4475 pendentia
655 4418 737 4474 poma
747 4404 875 4468 uttrabit;
892 4403 1020 4460 sichri·

219 4505 277 4550 stus
292 4495 318 4549 in
334 4495 459 4550 arborem
474 4493 565 4550 erucis
578 4491 710 4560 ascendit,
728 4500 754 4550 et
770 4492 872 4548 eiectos
887 4492 913 4548 in
929 4490 1020 4546 multis

218 4583 360 4638 erroribus
375 4582 517 4651 dispersus
531 4581 567 4637 ed
586 4596 617 4636 se
637 4580 758 4652 collegit.
786 4580 900 4635 Fructus
923 4579 1020 4650 palmas

219 4671 310 4728 crusis
324 4677 387 4726 sunt
401 4669 577 4730 resurrectio.
595 4667 732 4733 ascensio,
749 4667 883 4722 adventus
902 4667 1019 4738 Spiritus

219 4758 315 4820 saneti,
333 4765 360 4812 et
376 4755 450 4812 solus
474 4755 580 4810 muudi.
600 4755 676 4826 Quos
696 4755 799 4810 tructus
824 4754 946 4810 Christus
971 4769 1019 4825 op·

219 4845 375 4918 prehendit,
392 4845 501 4916 quondo
514 4845 663 4900 humanum
679 4860 765 4916 genus
784 4843 811 4896 in
828 4843 918 4897 Adam
943 4857 1019 4896 mor-

218 4947 304 5003 tuum,
320 4934 346 4990 itt
360 4933 452 5004 seipso
468 4933 501 4988 sd
518 4933 601 4988 vitant
618 4931 798 4998 resuscitarit,
816 4939 842 4985 et
864 4929 1018 4984 hominibus

219 5024 361 5080 scientiam
374 5022 495 5078 omniurn
511 5021 668 5092 linguarum
685 5019 878 5092 perspiritum
894 5025 1017 5072 sanetum

218 5113 292 5168 dedit
309 5121 334 5168 ει
349 5125 445 5168 uranos
460 5125 510 5180 por
525 5109 689 5179 baptismum
705 5123 761 5162 suae
775 5105 870 5160 mortis
885 5105 1013 5160 salunt-it.

217 5201 283 5256 ideo
301 5207 390 5256 sutem
405 5213 547 5256 conversae
563 5197 718 5270 Sunagogae
732 5195 851 5266 palmum
875 5193 965 5249 crucis
989 5194 1017 5246 in

1068 1744 1345 1816 tautaepericctionis
1371 1753 1460 1812 erunt,
1487 1747 1561 1817 quod
1584 1744 1667 1801 nuliis
1688 1745 1832 1802 tormentis
1856 1765 1872 1801 a

1068 1821 1178 1886 onusto
1200 1832 1273 1889 necti
1297 1841 1447 1905 emamus.
1468 1835 1651 1904 mposisse
1674 1827 1792 1904 primun
1816 1835 1872 1890 erit

1068 1924 1171 1991 pattrtr
1185 1926 1267 1977 mont
1281 1923 1358 1978 sicud
1372 1925 1473 1977 asum
1486 1919 1640 1994 optimum.¹
1660 1921 1761 1978 Guaur
1777 1923 1872 1979 Soda-

1067 2009 1142 2063 mide
1154 2016 1218 2064 suot
1230 2010 1402 2080 proterentes
1425 2011 1538 2066 verbum
1566 2009 1713 2067 doctrinm.
1742 2011 1777 2066 iii
1805 2018 1872 2066 sent

1067 2097 1139 2153 sicut
1151 2099 1244 2152 vinum
1258 2099 1400 2169 optimum,
1417 2099 1481 2170 quis
1499 2099 1540 2155 sio
1558 2101 1636 2154 susti
1659 2100 1783 2156 doctrina
1808 2099 1870 2155 ine-

1073 2185 1167 2241 briant
1178 2186 1300 2242 sitientes
1313 2188 1460 2255 justitiam
1477 2187 1548 2243 sicut
1557 2188 1690 2260 optimum
1701 2188 1796 2244 maura
1816 2197 1875 2243 uon

1067 2273 1156 2342 littlet,
1172 2275 1221 2332 ssd
1235 2275 1376 2346 restringit
1390 2276 1449 2332 sitis
1463 2275 1602 2346 injurianti

1104 2375 1261 2430 Notandum
1275 2388 1344 2431 sane
1358 2377 1432 2447 paud
1447 2375 1569 2432 iioclesis
1583 2377 1613 2432 in
1627 2377 1779 2449 ttvmgstio
1793 2377 1874 2448 qain-

1069 2476 1124 2534 qua
1138 2464 1291 2536 virginibus
1305 2471 1492 2534 computetur,
1508 2474 1569 2536 quse
1592 2465 1715 2536 quinque
1735 2464 1816 2519 iibtis
1834 2465 1872 2519 sd

1069 2561 1193 2607 amorem
1207 2553 1304 2623 sperui
1317 2553 1447 2618 enitens,
1463 2561 1490 2607 et
1512 2553 1540 2606 in
1560 2554 1612 2608 iios
1631 2551 1746 2608 conduc
1765 2553 1873 2608 amoris

1069 2642 1216 2713 arridentes
1237 2641 1411 2711 puioltriludo
1433 2642 1622 2696 membrorum
1643 2642 1703 2710 ejrrs
1727 2641 1867 2696 laudatur.

1069 2731 1106 2784 Et
1119 2729 1199 2800 quasi
1213 2730 1334 2800 buirtqoo
1348 2729 1481 2786 Ecclesia
1490 2730 1535 2784 bio
1548 2729 1750 2794 describuntur,
1767 2729 1875 2784 scilicet

1068 2819 1206 2889 prinritlva
1223 2816 1360 2885 Ecclesia,
1381 2827 1408 2874 et
1430 2818 1562 2874 iicolesise
1584 2818 1719 2888 gestium,
1744 2817 1873 2875 Ecclesia

1068 2904 1256 2976 perfectorum
1265 2905 1294 2960 is
1302 2905 1496 2975 persecutione
1504 2905 1652 2969 desudans,
1664 2913 1691 2961 et
1701 2904 1873 2975 imperfecto

797 3025 940 3100 „lgebum¹
963 3026 1015 3082 Se,
1031 3023 1056 3088 C
1071 3009 1129 3048 rum
1144 2994 1172 3048 in
1187 3008 1256 3065 pace
1270 2993 1399 3059 militans,
1415 2994 1540 3052 Ecclesia
1554 2993 1711 3065 Syuamm
1731 2993 1766 3050 ed
1787 2993 1873 3048 iidem

1070 3094 1221 3148 converse,
1236 3081 1302 3153 quia
1314 3082 1343 3136 in
1358 3082 1483 3153 quinario
1496 3096 1612 3140 numero
1625 3081 1694 3138 tides
1705 3090 1734 3138 et
1746 3080 1875 3152 operatio

1071 3179 1188 3226 notatur.
1205 3173 1237 3225 in
1251 3170 1364 3226 trinario
1378 3169 1614 3234 immitissimum
1638 3171 1666 3226 io
1680 3170 1788 3226 binario
1800 3179 1874 3240 dpe-

1073 3258 1140 3313 ratio
1154 3259 1272 3330 gemisse
1285 3258 1454 3316 dilectionis.

1110 3363 1197 3418 Prima
1212 3364 1272 3419 iaus
1286 3373 1328 3419 est
1337 3365 1481 3435 primitivo
1491 3365 1632 3428 Ecclesiae,
1645 3364 1771 3422 scribitur
1785 3367 1876 3420 sitire

1074 3458 1107 3507 tu
1128 3452 1250 3524 prrlclrra
1274 3469 1313 3521 es,
1335 3455 1427 3510 ordire
1454 3469 1519 3509 meo
1533 3455 1632 3525 (dont.
1648 3468 1668 3518 r,
1687 3455 1741 3523 it).
1764 3454 1796 3507 in
1817 3467 1875 3524 qua

1072 3540 1122 3594 tris
1136 3540 1259 3596 memttm
1274 3541 1380 3597 scilicet
1392 3552 1482 3612 puae,
1498 3543 1608 3610 cottum,
1627 3549 1653 3598 ei
1667 3541 1741 3598 ocuti
1755 3541 1877 3596 laudan-

1073 3638 1126 3697 tur,
1143 3635 1170 3683 et
1185 3637 1243 3684 tres
1257 3630 1372 3685 ordines
1384 3631 1518 3698 justorum
1532 3631 1560 3685 iti
1571 3646 1615 3696 es,
1639 3629 1767 3687 videlicet
1787 3642 1876 3698 apos-

1074 3717 1133 3783 toli,
1149 3717 1244 3772 muudi
1258 3718 1473 3789 contemplum,
1489 3718 1654 3791 poesiteules
1668 3718 1832 3792 immutor.

1109 3824 1162 3878 Pe‘t
1176 3821 1270 3878 oculos
1284 3823 1386 3894 quippe
1408 3821 1525 3894 aposloli
1549 3825 1607 3894 ejus
1635 3822 1721 3880 duces
1749 3823 1875 3894 expressi

1073 3915 1134 3965 suni
1149 3911 1195 3982 qui
1210 3913 1308 3966 eadem
1327 3911 1362 3966 de
1384 3911 1505 3968 tebebris
1523 3911 1686 3987 ignorabiles
1708 3911 1743 3968 ad
1764 3911 1874 3966 laudem

1074 3999 1194 4054 ueritatis
1210 4000 1404 4070 perduxerunt.

1110 4103 1161 4160 i‘er
1175 4105 1274 4160 coiiom
1291 4103 1414 4177 religiosi
1440 4111 1525 4161 notutt
1551 4114 1622 4174 sont,
1650 4107 1695 4179 qui
1717 4103 1876 4177 contempto

1073 4187 1185 4257 mundo,
1201 4199 1373 4248 communem
1390 4194 1471 4248 uitam
1486 4193 1629 4260 duxerunt,
1644 4193 1689 4267 qui
1704 4191 1875 4266 spiritualem

1073 4279 1163 4335 cibum
1179 4274 1310 4335 doctrinm.
1332 4279 1367 4336 de
1392 4281 1480 4352 capite
1492 4276 1598 4337 Christo
1612 4280 1788 4354 acceperuiii,
1803 4289 1831 4337 et
1847 4283 1876 4337 in

1033 4375 1059 4436 Ι)
1076 4383 1176 4439 corpus
1191 4362 1324 4424 Ecclesiae
1339 4370 1456 4424 virendo
1472 4377 1499 4425 et
1513 4370 1639 4426 docendo
1654 4367 1834 4440 traiecerunt.

1112 4476 1163 4528 i‘er
1177 4488 1265 4546 genas
1279 4474 1448 4544 poeniteutss
1460 4475 1610 4530 denuntiati
1624 4477 1696 4544 suni,
1709 4476 1753 4548 qui
1769 4492 1800 4531 se
1809 4493 1876 4545 pec-

1075 4576 1155 4618 casse
1171 4562 1347 4629 erubuerunt,
1364 4558 1422 4619 lraec
1437 4563 1497 4618 laus
1508 4563 1630 4620 ternario
1640 4563 1700 4619 ideo
1711 4563 1873 4627 continetur,

1074 4651 1135 4721 qtria
1149 4649 1272 4704 Trinitas
1286 4650 1348 4705 huic
1363 4649 1494 4706 Ecclesiae
1510 4650 1636 4721 primitus
1655 4646 1818 4708 notificatur.

1110 4755 1237 4809 Secunde
1252 4753 1312 4809 iaus
1322 4764 1362 4810 est
1373 4754 1505 4810 Ecclesia
1517 4757 1650 4828 gentium,
1663 4755 1708 4812 ubi
1723 4744 1852 4814 scribittir
1865 4770 1872 4809 :

1075 4841 1164 4908 Qortm
1178 4838 1301 4912 pttlcltro
1314 4860 1352 4906 es,
1371 4845 1464 4898 otniro
1481 4843 1562 4900 roeo!
1570 4844 1667 4914 (Cotti.
1680 4850 1718 4911 ιι,
1729 4849 1738 4900 l
1748 4847 1766 4916 .)
1777 4842 1807 4899 in
1818 4858 1874 4919 qua

1074 4939 1179 5002 septem
1194 4930 1319 4985 membra
1329 4931 1482 4995 laudentur,
1495 4933 1559 5004 quia
1568 4943 1672 5004 septeni
1684 4933 1767 4987 rebus
1776 4933 1872 5003 mysti-

1073 5017 1113 5071 cis
1132 5022 1354 5088 conspersiones
1368 5020 1396 5073 in
1412 5021 1541 5074 membris
1555 5022 1669 5076 ordines
1680 5016 1821 5085 acclesiae,
1839 5022 1867 5074 in

1073 5103 1156 5160 rebus
1170 5105 1284 5160 virtutes
1298 5120 1393 5162 eorum
1408 5106 1612 5182 intelliguntur;
1635 5110 1681 5181 qui
1696 5107 1806 5164 ordines
1821 5126 1872 5181 per

1073 5194 1259 5264 septilormem
1276 5194 1405 5266 Spiritum
1420 5197 1616 5251 distribuuntur
1630 5196 1693 5252 dum
1708 5195 1755 5251 alii
1774 5196 1871 5270 spiritu

216 5288 376 5344 memorium
393 5287 509 5347 reducit.
526 5295 552 5340 ut
569 5293 701 5340 memoret
717 5299 746 5338 so
762 5299 810 5354 per
833 5297 942 5337 crucem
969 5297 1015 5335 re·
1071 5282 1221 5354 sapientire,
1238 5283 1283 5338 alii
1295 5282 1592 5358 spirituinteiiigontim¹
1605 5285 1650 5339 aiii
1668 5286 1763 5358 spiritu
1775 5287 1869 5342 consi·

217 5378 410 5446 sumptumst
432 5374 530 5446 diligat
557 5373 777 5443 Redempiurem.
808 5364 842 5426 iu
868 5385 918 5440 per
946 5367 1017 5424 itanc
1070 5369 1108 5436 iii,
1125 5370 1170 5426 alii
1186 5371 1282 5443 spiritu
1297 5368 1472 5439 iortitudinis,
1490 5371 1537 5427 olii
1552 5372 1649 5443 spiritu
1673 5373 1806 5440 scientiar,
1823 5375 1867 5430 aiii

220 5463 350 5536 palmam,
360 5467 447 5520 eraut
459 5463 545 5518 obern
558 5466 607 5516 tuo
618 5461 692 5516 sicui
703 5461 798 5514 soum
810 5460 907 5522 viriste,
917 5456 944 5513 ei
955 5458 1016 5512 odo·
1069 5460 1166 5530 spiritu
1182 5460 1299 5532 pictatis,
1311 5461 1356 5516 ulii
1372 5461 1467 5532 spiritu
1478 5462 1583 5517 timoris
1596 5461 1703 5517 iiomini
1714 5461 1785 5532 pieni
1796 5463 1869 5518 reie-

218 5565 263 5608 νει
275 5553 319 5608 tot
329 5553 403 5608 reat
413 5552 565 5608 stolorum.
577 5538 686 5605 Botrum
699 5547 795 5614 vineae,
807 5547 853 5620 qui
865 5546 905 5602 esi
915 5534 1013 5614 duleis,
1068 5554 1174 5604 runtur.
1192 5547 1227 5604 Et
1240 5565 1292 5620 por
1305 5546 1490 5620 septenarium
1504 5558 1603 5605 aeterna
1612 5551 1723 5624 requies
1736 5551 1869 5624 accipitur
