3942 6067
145 190 197 245 801

837 176 1174 241 SACMAMENTARIUM.

1752 184 1804 238 802

147 315 234 370 nibus
249 317 360 385 propter
374 324 460 367 nouos
475 312 579 366 tructus
595 328 601 364 ε
615 314 643 366 ει
657 317 685 366 ut
701 326 733 366 eo
749 316 880 379 tempore,
895 323 949 379 quo
965 306 992 366 A
1008 304 1060 360 cim
1076 300 1197 358 cnrrdolm
1211 299 1338 355 ardentes
1353 298 1499 358 duodecim
1513 302 1699 373 apostolorum
1714 304 1805 376 sigui·

145 403 237 472 major
254 399 423 457 abundantia
438 415 526 454 rerum
541 416 602 455 esse
617 398 696 467 solet,
713 415 763 454 nos
786 395 950 469 quandoque

145 487 231 542 etiam
248 485 276 541 in
300 491 374 540 tenta
399 499 492 539 rerum
522 484 690 539 abundantia
718 483 865 538 morituros
890 494 952 535 esse

146 576 317 641 recolamus,
334 581 361 629 et
384 570 555 629 infirmitates
571 573 702 644 terrrporis
716 571 789 627 illius
817 570 952 641 patienter

146 660 307 725 toleremus,
320 665 453 714 canuntur
463 658 639 729 responsoria
654 657 689 713 de
703 657 754 713 Job
769 663 796 712 et
809 657 844 711 de
854 654 949 721 lobia,

147 749 197 821 qui
206 746 408 829 ambedolores
422 746 607 820 pertulerunt.
624 747 657 801 lli
667 762 721 802 non
732 745 841 801 luerunt
856 760 949 817 reges,

144 837 213 895 ideo
227 854 282 893 non
298 836 397 892 habent
413 835 536 908 singulos
551 851 671 901 menses,
684 836 732 891 sed
750 835 777 889 in
792 846 950 890 unomense

144 926 284 998 leguntur,
301 940 349 998 per
364 925 437 999 quod
451 940 569 999 regnum
584 924 759 997 Assyriorum
772 921 946 995 intelligitur.

147 1014 310 1085 Dominicm,
331 1014 474 1087 inquibus
503 1013 675 1085 responsoria
686 1012 721 1068 de
749 1012 872 1067 historiis
899 1010 950 1065 Ju-

145 1104 216 1172 airh,
228 1104 360 1160 Esdram
376 1102 475 1157 Esther
485 1108 635 1169 canrrutur,
653 1112 678 1157 et
693 1102 760 1173 ipsae
776 1100 895 1156 historiae
907 1099 949 1155 le·

146 1201 259 1267 guntur,
276 1208 390 1266 regnum
404 1193 544 1248 Persarum
568 1199 594 1247 et
605 1191 744 1247 Medorum
772 1189 944 1263 designatur.

146 1282 330 1339 Liberiobiae
344 1289 371 1337 et
385 1279 477 1337 Judith
491 1296 546 1337 non
563 1288 628 1337 sunt
644 1280 670 1335 iu
685 1296 790 1336 canone
806 1278 877 1351 apud
893 1278 951 1333 lle-

145 1371 250 1439 braeos‚
268 1372 317 1427 sed
332 1371 395 1443 quia
410 1386 458 1426 eos
473 1369 500 1425 in
516 1384 630 1426 numero
645 1368 837 1441 agiographiae
857 1366 945 1441 [hort.

146 1460 344 1535 Agiographia‚
358 1476 408 1516 reu
431 1456 649 1533 hagiographia]
664 1457 778 1531 recepit,
808 1464 950 1513 cantamus

146 1557 176 1605 et
189 1548 305 1623 legimus
320 1566 356 1606 ert
367 1548 420 1609 eis·

1006 394 1090 449 licam
1105 390 1314 463 praedicationes
1329 406 1336 442 :
1352 389 1480 460 baptismi
1491 399 1582 446 autern
1603 402 1805 449 sacramentum

1006 491 1033 538 ει
1043 497 1144 552 corpus
1158 478 1367 534 abluitertterius
1377 486 1404 533 et
1415 479 1539 550 spiritum
1546 480 1675 551 purificat
1681 482 1805 538 interius.

1006 571 1162 643 Episcopus
1174 568 1265 639 itaque
1279 567 1415 624 circuiens
1425 569 1570 625 ecclesiam
1586 570 1664 643 qussi
1678 571 1805 627 subtrine

1005 660 1143 716 mersione
1156 672 1227 731 aque
1251 657 1412 729 simpliciter
1426 658 1569 715 benedicta
1584 659 1670 714 abluit
1681 676 1739 715 eam
1755 675 1806 715 ex·

1005 749 1098 817 terius,
1115 755 1142 803 et
1156 746 1306 815 majoribus
1334 747 1510 805 sacramentis
1524 747 1601 803 illam
1616 757 1713 820 postea
1733 750 1803 807 inte·

1005 838 1062 893 rius
1077 835 1215 910 purificat.

1041 962 1096 1018 Sed
1111 960 1158 1035 qui
1170 959 1308 1033 signilloet
1322 958 1548 1018 ostiumclausum
1562 961 1577 1016 ‘l
1591 969 1618 1018 et
1632 961 1695 1035 quid
1711 978 1808 1036 super-

1005 1051 1133 1109 liminare
1144 1059 1184 1105 ter
1198 1050 1277 1121 virga
1287 1049 1433 1121 impulsum
1448 1050 1543 1119 iQuid
1558 1050 1642 1107 etiarn
1656 1052 1717 1123 ipsa
1727 1052 1806 1127 virga

1004 1140 1142 1212 pontilicis
1155 1140 1169 1194 i
1183 1140 1248 1195 Erue
1258 1146 1348 1194 autem
1362 1139 1454 1194 omnia
1471 1155 1521 1210 pro
1537 1147 1615 1198 certo
1638 1141 1809 1213 accipiuntur

1005 1231 1056 1286 sub
1071 1230 1174 1302 ligura.
1194 1228 1308 1300 Figurat
1331 1228 1432 1283 etenim
1461 1228 1564 1284 ostium
1579 1229 1712 1298 clausum,
1732 1230 1807 1304 quod

1004 1318 1053 1375 ille
1068 1326 1200 1389 tyrannus
1222 1316 1326 1373 sortiter
1349 1316 1484 1373 custodiet
1504 1335 1581 1373 suum
1601 1320 1721 1375 atrium:
1737 1328 1764 1376 et
1778 1320 1807 1375 in

1005 1408 1117 1464 homine
1130 1422 1184 1463 non
1195 1405 1332 1478 baptisato
1340 1423 1420 1463 seras
1430 1407 1522 1463 llrmut
1535 1417 1674 1480 portarum
1683 1424 1805 1465 suerum.

1005 1495 1219 1569 Superliminere
1229 1504 1320 1552 sutem
1332 1496 1476 1570 signifieat
1489 1504 1607 1553 mentem
1621 1498 1807 1555 hominisnul-

1004 1581 1038 1636 lis
1052 1582 1142 1639 adbuc
1154 1580 1288 1636 initiatam
1303 1580 1497 1647 sacrementis,
1518 1581 1568 1636 sed
1582 1581 1707 1653 pluribus
1721 1597 1807 1641 occu·

185 1666 333 1737 Cambyses
348 1665 405 1723 llex
422 1666 569 1721 Persarum
584 1672 695 1722 vocatus
710 1671 752 1721 est
767 1664 803 1719 ab
825 1662 950 1720 Halitoeis
964 1664 991 1725 Β
1005 1679 1099 1743 petam
1109 1668 1265 1726 daemoniis.
1289 1670 1367 1727 Unde
1380 1670 1416 1726 ad
1432 1686 1464 1725 ea
1492 1669 1639 1741 episcopus
1652 1671 1718 1728 dicit
1740 1685 1808 1728 voce

147 1754 287 1813 secundus
300 1754 566 1823 Nabuchodonosor,
583 1754 633 1810 sub
648 1768 702 1826 quo
730 1752 845 1809 historie
859 1752 950 1807 iudith

146 1842 346 1901 conscribitur.
364 1842 672 1899 Assuerusabllebraeis
683 1840 856 1914 septuaginta
864 1843 950 1897 Inter·

145 1932 270 2003 pactibus
284 1934 451 1989 Artaxerxes
466 1940 590 2003 uocatur,
602 1932 716 2005 subque
725 1930 840 1987 historia
850 1930 950 1987 Esther

144 2021 340 2079 conscribitur.

183 2138 369 2211 Responsoria
385 2138 419 2195 de
435 2136 774 2195 historisMsehebaeorum
788 2142 950 2207 temporaet

146 2242 235 2301 regne
263 2228 420 2284 Graecorum
450 2235 615 2283 memorant.
645 2228 675 2281 In
685 2226 756 2283 iulio
772 2234 798 2282 et
827 2228 949 2297 Augusto

146 2332 246 2373 mensa
259 2333 309 2388 per
332 2324 439 2373 cantum
455 2327 480 2372 et
495 2317 595 2373 lectum
624 2316 754 2373 recolitur
771 2315 896 2371 fortitudo
924 2322 951 2370 et

147 2405 235 2463 deror
260 2414 287 2461 et
312 2404 445 2477 snpientia
469 2405 547 2477 regni
562 2404 700 2477 inpopulo
730 2404 814 2459 lsrael
830 2420 837 2457 :
854 2402 881 2457 in
897 2404 949 2459 Se·

146 2494 266 2567 ptembri
279 2510 394 2567 regnum
423 2492 598 2566 Assyriorum
615 2511 622 2557 ς
639 2493 665 2549 in
682 2492 794 2549 Octobri
810 2492 838 2547 in
863 2491 950 2563 gestis

147 2584 250 2641 Esther·
265 2592 291 2640 et
304 2583 396 2639 Judith
412 2583 490 2639 nobis
507 2590 841 2655 repraesentaturregnum
854 2582 950 2637 Persa-

148 2689 211 2729 rum
226 2680 254 2729 et
267 2672 410 2729 Medorum
428 2690 435 2740 ;
452 2680 478 2729 et
491 2672 518 2729 in
535 2672 630 2729 eodem
638 2686 789 2741 menseper
804 2675 883 2743 gesta
894 2671 949 2725 Me-

147 2761 324 2819 cbabseorum
339 2762 419 2819 etiam
433 2777 549 2835 regnum
564 2761 721 2817 Graeeorum
747 2774 948 2816 commemora-

148 2858 208 2908 tur.
220 2849 290 2921 Quis
300 2850 414 2908 minoris
434 2851 578 2925 potestatis
593 2858 652 2907 erat
666 2865 783 2924 regnum
808 2848 948 2905 Medorum

148 2948 177 2997 et
192 2940 349 2998 Graecorum
375 2957 457 3013 quam
481 2939 658 3012 Assyriorum
672 2938 716 2995 vel
740 2938 947 3004 Romanorum,¹

146 3040 200 3097 per
212 3042 338 3085 mensem
360 3025 543 3083 Nouembrem
558 3040 671 3097 regnum
700 3023 886 3079 homanorum

147 3116 306 3189 guihomar,
322 3131 371 3187 per
385 3113 458 3187 quod
473 3113 555 3171 finem
569 3113 692 3171 lecerunt
706 3112 796 3185 priora
810 3127 905 3185 regna.

185 3232 238 3287 Per
252 3240 366 3305 quatuor
380 3231 451 3287 enim
466 3230 661 3302 portesmundi
674 3236 751 3285 erant
760 3235 876 3302 quatuor
903 3244 948 3284 re·

147 3318 652 3392 gnorumprincipatus.Bnbylonicum
667 3318 823 3391 regnumsb
833 3317 947 3383 oriente,

148 3410 223 3481 qnod
237 3418 279 3466 est
292 3410 504 3482 Assyriorum‚a
519 3409 632 3465 meridie
647 3408 798 3473 Medorum,
810 3422 826 3463 a
836 3414 945 3478 septen-

150 3499 239 3556 trione
262 3500 480 3566 Macedonioum,
495 3499 529 3553 ab
547 3498 690 3556 occidente
714 3500 879 3555 homanum.
899 3496 950 3553 lte·

148 3604 232 3661 gnum
262 3589 435 3661 Assyriorum
450 3588 590 3661 quoddam
612 3587 662 3643 luit
676 3586 843 3659 praessgium
870 3584 949 3655 regni

150 3676 309 3735 Christtiani
320 3677 414 3749 populi
427 3677 512 3733 :inter
521 3676 717 3748 babylonicum
733 3690 849 3748 reguum
861 3681 888 3729 et
896 3672 949 3729 llo-

147 3782 260 3823 msnurn
289 3766 369 3839 quasi
394 3767 511 3823 inPatre
535 3781 601 3823 sene
626 3773 654 3821 et
679 3764 833 3836 lilioparvo
856 3762 949 3819 Medo·

149 3872 213 3913 rum
241 3870 274 3911 ac
296 3856 476 3913 Macedonum
500 3856 596 3912 brevia
625 3861 650 3911 et
672 3853 762 3909 media
785 3851 862 3926 quasi
878 3859 950 3908 tutor

150 3952 316 4018 curatorque
343 3953 475 4002 venerunt
503 3951 635 4015 potestate
658 3941 787 4014 temporis
816 3956 870 3997 non
888 3939 950 4013 jure

150 4034 287 4089 admissa.
310 4033 498 4091 lnNovembri
512 4032 640 4106 leguntur
652 4031 802 4103 propbetas,
818 4028 879 4102 ipso
898 4029 947 4084 ad-

149 4131 278 4179 ventante
292 4122 339 4196 qui
356 4124 551 4196 prophetarum
579 4120 713 4178 vaticiniis
722 4118 873 4191 promissus
899 4126 950 4173 est.

150 4211 301 4285 Prophetes
310 4212 513 4269 seminaverunt
526 4208 697 4283 temporibus
712 4223 861 4280 regnorum
868 4209 952 4279 Assy·

150 4302 265 4367 riorum,
280 4302 421 4359 Medorum
435 4309 463 4357 et
477 4300 647 4369 Graecorum,
657 4298 729 4373 quod
745 4294 953 4354 Christianicol-

1005 1759 1189 1831 prophetice:
1209 1760 1309 1815 Tollite
1323 1760 1431 1831 portur,
1444 1760 1602 1833 principes,
1623 1764 1741 1817 vestrae.
1759 1760 1808 1817 llla

1004 1866 1071 1905 aero
1086 1848 1232 1919 pastoralis
1238 1849 1318 1921 virge
1333 1854 1375 1903 est
1385 1855 1555 1919 superestis,
1570 1848 1665 1921 deque
1674 1849 1807 1907 Dominus
1909 1919 1911 1922 Ι

1005 1939 1042 1993 ait
1051 1938 1265 1995 :Ectceatmilri
1277 1938 1369 1993 omnis
1378 1939 1542 2009 prestaria
1552 1938 1695 1995 celestia
1706 1943 1784 1997 terra
1799 1956 1807 2004 ;

1005 2044 1088 2102 quam
1103 2036 1130 2083 et
1145 2026 1286 2099 ipsededit
1300 2026 1518 2097 discipulissuis‚
1536 2026 1648 2083 dicens:
1661 2028 1809 2096 Quodcun-

1004 2134 1057 2191 qao
1064 2117 1222 2191 ligaveritis
1230 2120 1441 2189 superterram,
1456 2116 1577 2187 ligatam
1587 2119 1644 2173 cra't
1657 2117 1805 2175 etincoelo.

1005 2206 1034 2262 ln
1050 2222 1104 2279 que
1126 2205 1340 2275 subjiciebantur
1353 2205 1393 2260 eis
1421 2205 1556 2260 daemonia
1575 2214 1601 2261 et
1613 2215 1698 2276 portas
1725 2206 1806 2262 interi

1004 2314 1060 2353 non
1075 2295 1263 2368 praevalebunt
1277 2294 1410 2350 aduersus
1425 2310 1499 2349 eam.
1520 2294 1584 2350 Maec
1595 2302 1637 2349 est
1651 2296 1806 2368 virga‚quae

1005 2402 1021 2442 a
1037 2385 1153 2441 Dotnino
1169 2384 1299 2439 euntibus
1323 2382 1465 2454 discipulis
1476 2391 1517 2438 est
1527 2399 1661 2439 concessa
1684 2384 1719 2438 ed
1734 2400 1806 2455 prae·

1005 2474 1178 2530 dicationem.
1195 2473 1284 2545 liujus
1294 2488 1360 2546 ergo
1374 2472 1477 2543 potenti
1492 2471 1591 2527 uirtute
1601 2480 1644 2528 ter
1656 2472 1807 2545 percutitur

1005 2563 1223 2635 superliminare,
1240 2572 1268 2617 ut
1282 2562 1317 2617 ad
1332 2561 1532 2619 confessionem
1548 2569 1651 2619 senctae
1668 2561 1806 2617 Trinitatis

1004 2669 1082 2709 meus
1110 2659 1137 2707 et
1159 2652 1239 2708 locus
1254 2660 1401 2709 evacuetur
1416 2666 1433 2707 c
1447 2650 1590 2706 daemoniis
1606 2669 1613 2715 ;
1632 2649 1686 2717 νει,
1706 2658 1735 2705 ut
1757 2649 1806 2706 alii

1003 2742 1106 2809 dicunt,
1145 2749 1186 2797 ter
1213 2740 1377 2815 percutitur¹
1420 2748 1449 2795 ut
1476 2747 1598 2811 potestas
1626 2739 1708 2809 trine,
1740 2739 1807 2796 coeli

1003 2832 1151 2900 videlieet,
1181 2838 1282 2896 terrra,
1321 2839 1348 2887 et
1386 2826 1488 2886 inlerni
1526 2828 1662 2884 tribuatur
1699 2827 1799 2885 Eccle-

1003 2938 1064 2977 star.

911 3019 988 3093 Μ·
1039 3054 1116 3113 Ostio
1130 3055 1223 3128 itaque
1251 3057 1357 3125 aperto,
1373 3059 1400 3107 ει
1409 3050 1511 3108 infelici
1534 3050 1647 3109 domino
1676 3051 1800 3123 expulso,

1000 3146 1055 3215 jam
1071 3144 1232 3217 ingrediens
1258 3142 1500 3215 episcopussub
1519 3141 1585 3198 hair
1608 3141 1705 3197 domui
1725 3140 1800 3210 dicit,

1003 3241 1032 3289 ut
1047 3232 1180 3291 Dominus
1194 3232 1315 3305 precipit
1333 3230 1807 3304 :Christoquoquepernativilatem

1003 3322 1155 3380 intranteiu
1171 3322 1301 3376 mundum
1317 3337 1369 3393 pax
1386 3320 1510 3376 nuntiata
1533 3327 1573 3376 est
1588 3320 1743 3376 bominibus
1756 3335 1809 3391 per

1003 3414 1141 3487 angelum.
1160 3410 1281 3467 Pontilex
1310 3419 1338 3465 ut
1353 3410 1436 3483 digne
1451 3416 1566 3482 peragat
1595 3409 1732 3481 inceptum
1749 3406 1810 3464 offi-

1004 3502 1087 3571 cinm,
1104 3500 1241 3573 inprimis
1267 3498 1398 3571 Spiritum
1410 3507 1533 3554 sanctum
1549 3498 1657 3555 invocat
1684 3498 1782 3555 dicens
1800 3516 1806 3552 ε

1008 3592 1085 3659 Veni,
1101 3594 1199 3647 coacte
1215 3588 1355 3661 Spiritus.
1374 3589 1470 3644 Postea
1486 3588 1809 3658 prosternenssesdora·

1005 3681 1106 3737 tionem
1122 3679 1157 3735 ed
1170 3677 1332 3747 postulanda
1347 3685 1504 3733 sanctorum
1520 3675 1653 3750 suffragia
1664 3676 1808 3746 jubetcan·

1005 3772 1056 3826 tari
1070 3767 1202 3824 litaniam.
1219 3766 1277 3836 Qua
1294 3765 1370 3820 srnita
1386 3765 1497 3820 elevans
1512 3781 1541 3820 se
1559 3764 1625 3821 dicit
1640 3766 1806 3834 orationem,

1005 3876 1059 3915 non
1075 3867 1164 3914 tamen
1179 3855 1321 3911 salutando
1330 3853 1461 3926 populum
1475 3861 1567 3925 utpote
1592 3861 1686 3925 typum
1714 3854 1809 3925 populi

1006 3948 1080 4004 rudis
1096 3954 1245 4003 tenentem.
1263 3944 1318 4001 Sed
1332 3942 1411 3999 valde
1429 3941 1527 3999 mirum
1537 3949 1578 3998 est
1594 3942 1807 4015 qundsequitur.

1006 4039 1048 4095 Ad
1063 4037 1126 4110 quid
1141 4034 1213 4092 enim
1240 4033 1348 4091 cineres
1358 4032 1396 4087 ibi
1417 4033 1433 4086 ‘l
1451 4030 1487 4088 sd
1502 4032 1566 4104 quid
1581 4032 1643 4088 duae
1670 4030 1750 4088 lineae
1765 4030 1808 4088 ci·

1006 4126 1079 4183 neris
1094 4125 1129 4181 ab
1143 4122 1241 4198 angulo
1256 4122 1291 4178 ad
1305 4122 1422 4196 angulos
1437 4119 1580 4193 dispersit
1594 4128 1620 4177 et
1635 4136 1684 4177 cur
1709 4120 1809 4177 nonin

1006 4224 1120 4282 rectum,
1146 4214 1194 4269 sed
1209 4212 1380 4269 deducuntur
1400 4210 1428 4267 in
1447 4210 1587 4283 obliquum
1612 4210 1627 4263 i
1649 4225 1699 4266 cur
1725 4216 1753 4266 et
1779 4209 1808 4266 in

1007 4304 1099 4362 cinere
1113 4302 1269 4360 scribuntur
1279 4299 1398 4356 litterari
1414 4298 1513 4357 Omnis
1540 4300 1600 4356 brec
1611 4299 1722 4355 inuenta
1745 4307 1810 4355 sunt

149 4390 239 4467 lifftmi
255 4399 378 4464 lempflre
393 4389 508 4447 R0ffl⁸¹1i
536 4388 655 4461 impelii·
676 4386 755 4457 QUO‘i
770 4386 898 4443 1⁸000li¹⁰¹⁸
925 4385 954 4440 5¹¹
967 4390 995 4453 D
1010 4410 1026 4450 a
1040 4392 1141 4450 sanctis
1155 4390 1278 4447 Patribus
1292 4406 1328 4445 ex
1344 4389 1461 4456 ratione,
1478 4403 1528 4444 nos
1538 4396 1630 4445 sutem
1644 4402 1810 4444 veneramur

150 4480 204 4537 isto
219 4496 325 4550 mense,
350 4481 377 4535 iu
393 4496 448 4555 quc
462 4479 658 4552 praenuntiatur
682 4478 817 4533 adventus
840 4473 951 4531 Christi.

152 4570 277 4643 Quicum
292 4570 420 4643 produxit
434 4569 567 4625 sationem
583 4568 788 4641 prophetarum,
803 4564 883 4621 etiam
898 4579 952 4620 no·-

152 4658 195 4715 bis
210 4660 285 4716 dedit
297 4666 460 4733 potestatem
476 4674 507 4715 ea
522 4656 681 4731 colligendi.
702 4655 780 4711 Unde
808 4662 952 4711 cantantur

151 4764 225 4808 nunc
239 4748 424 4821 Responsoria
434 4749 641 4821 prophetarum,
660 4746 706 4819 qui
721 4744 800 4801 nobis
813 4742 953 4801 laborave-

151 4846 224 4909 runt,
241 4838 268 4895 in
280 4854 348 4912 quos
362 4836 432 4895 lines
446 4838 607 4896 saeculorum
617 4836 799 4895 devenerunt.

253 5042 320 5101 Cas.
336 5041 396 5099 GM.
412 5072 447 5085 -
461 5040 504 5099 Dc
518 5040 697 5099 Dedicotionc
711 5040 846 5099 ascierim.

186 5216 253 5279 Cum
269 5219 387 5277 ecclesia
413 5218 565 5288 dedicatur,
581 5218 725 5277 duodecim
741 5217 863 5275 candela
887 5225 951 5274 sunt

148 5312 270 5371 incensae
284 5306 406 5367 interius.
428 5309 555 5366 Ecclesia
568 5309 639 5367 enim
655 5308 805 5364 dedicanda
821 5316 893 5364 tenet
909 5316 951 5381 ty·

148 5418 214 5475 pum
228 5398 322 5475 populi
342 5398 386 5457 vel
397 5399 541 5469 cujuslibet
555 5399 589 5455 ad
604 5398 770 5470 baptismum
797 5397 945 5455 uenientis.

150 5490 204 5561 Qui
217 5492 284 5547 dum
297 5489 477 5563 baptizantur,
489 5490 545 5560 y'srn
558 5504 592 5545 ex
607 5488 672 5544 fidei
687 5486 951 5559 pradicationeapo-

149 5578 249 5638 stolics
271 5579 394 5637 doctrine
420 5579 495 5636 lucet
512 5577 541 5634 in
569 5592 663 5636 eornm
677 5574 823 5647 mentibus,
849 5583 899 5633 tut
921 5574 950 5632 in

147 5668 264 5743 patrinis
277 5684 426 5743 puerorum
441 5668 594 5743 symbolum
613 5666 817 5727 confitentibus.
836 5665 949 5725 Duodc·

1007 4500 1039 4540 ex
1055 4481 1225 4538 auctoritate.
1243 4478 1357 4535 Cineres
1381 4485 1444 4533 sunt
1457 4475 1578 4533 humiles
1589 4483 1616 4532 et
1640 4474 1807 4548 poenitentes

1006 4571 1110 4645 populi,
1135 4569 1277 4627 venientes
1297 4568 1331 4623 ad
1345 4566 1586 4641 regenerationem
1607 4565 1683 4632 fidei,
1700 4581 1717 4622 c
1736 4581 1807 4639 qua·

1006 4672 1069 4718 tuor
1083 4659 1201 4730 angulis,
1217 4658 1296 4713 idest
1310 4673 1327 4712 a
1341 4664 1456 4729 quatuor
1466 4655 1593 4729 partibus
1609 4654 1703 4712 muudi
1715 4670 1722 4711 ε
1735 4654 1808 4727 qnod

1006 4750 1163 4825 significant
1177 4747 1215 4804 illi
1230 4754 1347 4821 quatuor
1360 4744 1466 4819 anguli,
1482 4746 1552 4802 sicut
1566 4762 1618 4816 per
1645 4745 1809 4817 prophetam

1006 4840 1124 4898 dicitur:
1139 4840 1175 4895 st
1182 4834 1342 4895 venientud
1350 4851 1413 4891 eom
1423 4850 1520 4892 omnes
1528 4835 1807 4906 pentsalluaeautem

1005 4930 1085 4987 lineae
1098 4936 1160 4985 sunt
1179 4926 1352 4984 circumcisio
1381 4930 1408 4978 et
1422 4922 1592 4995 praeputium‚
1609 4935 1669 4994 quas
1688 4923 1723 4978 ab
1738 4921 1811 4979 inri-

1006 5037 1066 5080 cem
1081 5019 1196 5075 multum
1210 5022 1321 5072 remotae
1348 5012 1458 5068 tandem
1487 5011 1653 5066 conveniunt
1662 5010 1690 5066 in
1704 5018 1808 5069 sanctas

1005 5110 1095 5167 crucis
1110 5105 1349 5181 propagationem.
1360 5101 1437 5157 Mane
1452 5098 1525 5154 enim
1540 5113 1650 5153 crucem
1677 5098 1731 5155 illae
1744 5099 1807 5157 duae

1005 5199 1083 5257 linem
1097 5198 1224 5255 videntur
1239 5192 1435 5252 convenienter
1448 5188 1559 5253 lacere;
1576 5187 1637 5243 duae
1650 5186 1760 5259 quidem
1770 5185 1808 5243 li—

1004 5307 1074 5357 nere,
1091 5289 1160 5345 sicut
1174 5286 1277 5342 dictum
1292 5291 1342 5352 est,
1360 5298 1415 5337 non
1429 5279 1565 5335 ducuntur
1579 5276 1607 5332 in
1622 5283 1738 5343 rectum,
1754 5277 1808 5333 sed

1003 5380 1094 5455 potius
1120 5375 1323 5448 inobliquam,
1351 5368 1417 5444 quis
1443 5366 1613 5426 circumcisio
1640 5373 1667 5422 ει
1698 5380 1808 5438 praepu-

1005 5472 1071 5528 tium
1084 5470 1151 5526 dum
1165 5468 1225 5524 vias
1248 5480 1312 5521 suas
1327 5464 1524 5535 permanenter
1537 5464 1693 5522 tenuerunt,
1719 5454 1807 5512 altera

1003 5561 1033 5617 in
1045 5559 1216 5624 infidelitate,
1244 5555 1331 5612 altera
1348 5551 1377 5609 in
1403 5564 1505 5618 errore¹
1520 5562 1577 5604 non
1603 5552 1751 5620 potuerunt
1770 5544 1809 5603 ed

1005 5660 1122 5717 salutem
1131 5653 1285 5731 pertenire,
1316 5652 1365 5711 sed
1379 5648 1476 5709 relicta
1495 5645 1676 5722 peruersitate
1703 5644 1806 5704 riarum
