3942 6067
157 300 159 305 ·
250 264 302 323 stt

586 258 737 317 uonoatt
754 238 1004 318 auuusrobnm
1025 258 1106 318 OPP.
1129 259 1217 317 PARS
1237 260 1284 319 111.
1304 290 1339 303 —
1357 260 1557 320 umectat.
1850 265 1906 321 ets

251 387 372 446 scientim
392 385 537 459 attingunt,
564 386 599 443 de
622 386 713 442 futura
731 386 788 442 vitu
801 386 903 457 populo
927 385 1045 457 plurimu
1060 388 1151 452 Atat,
1167 386 1232 443 dum
1246 387 1304 444 haec
1318 402 1369 443 nos
1377 387 1534 458 specialiter
1544 386 1698 461 intelligorc
1708 390 1796 446 docet.
1808 388 1906 461 Spon-

251 478 410 551 praediuunt,
428 483 455 532 ct
469 476 511 532 his
525 483 617 532 tumen
632 491 681 546 per
688 474 837 546 reprobum
845 474 927 531 vitam
936 482 1049 532 contra·
1103 492 1150 531 sus
1163 492 1280 547 namque
1295 484 1337 531 est
1352 475 1491 547 Christus;
1508 493 1619 548 sponsa,
1636 477 1778 542 Ecclesia3
1803 478 1906 533 eonvi-

252 567 355 623 dicunt.
373 566 450 623 Unde
461 582 511 637 per
524 565 684 637 prophetam
700 563 816 620 dicitur:
834 564 892 621 Vidi
906 566 938 621 tn
951 568 1049 621 monte
1102 581 1154 632 rae,
1174 580 1272 620 omnes
1285 565 1321 619 ad
1334 566 1416 619 vitam
1431 566 1538 630 vocati;
1554 582 1602 621 sex
1625 565 1719 639 ydriae,
1735 582 1784 621 sex
1805 572 1906 622 aetams

251 652 1049 729 puudoedificiumciuitctir,ciccccterrcuccebdetrupcr
1101 653 1215 718 mandi;
1229 668 1298 724 aqua
1313 652 1342 707 in
1356 653 1448 707 viuum
1463 669 1606 720 conversa,
1622 670 1708 725 opera
1732 655 1857 725 priorum
1872 654 1905 709 ir.

250 744 515 819 fenestruafflceclt.
535 748 594 813 xa).
621 740 722 799 Civitas
741 742 770 796 in
797 746 890 797 monte
913 740 1048 797 aedilicata
1102 740 1189 815 figura
1210 741 1390 813 spiritualium
1422 750 1514 814 gesta.
1550 744 1580 799 ln
1606 745 1696 815 prima
1722 754 1803 801 atate
1831 744 1906 800 atet

250 842 291 891 est
307 832 431 889 Ecclesia
445 830 472 887 in
487 832 596 887 Christo
609 830 703 889 locata.
719 831 882 887 Sacerdotes
895 846 962 886 vero
984 838 1048 885 sunt
1100 847 1202 902 agnum
1217 830 1338 886 Domino
1353 831 1452 887 obtuit.
1472 830 1559 901 Quem
1576 831 1733 889 traversum
1747 833 1905 890 Cainocci·

250 922 376 978 ienestrae
406 936 454 992 per
483 935 553 992 quas
581 919 672 977 lumen
696 919 795 975 divinae
819 918 928 976 noticiae
952 919 1047 974 debuit
1100 920 1149 985 dit,
1165 929 1190 976 et
1207 928 1268 992 post
1283 922 1341 977 haec
1355 921 1488 978 Dominus
1502 923 1598 979 Enoch
1610 924 1638 977 iu
1658 923 1757 979 coelum
1778 930 1904 978 transtu-

247 1010 377 1081 s'ubJectis
392 1009 595 1081 splendescere.
612 1007 666 1065 Sed
690 1006 757 1064 heul
775 1014 849 1063 terra
867 1022 951 1078 super
966 1006 1042 1063 lene·
1099 1009 1129 1064 lit
1141 1009 1223 1081 (Gen.
1238 1011 1293 1079 ιν).
1312 1010 1355 1065 De
1368 1011 1420 1067 hac
1426 1010 1501 1083 ydria
1512 1026 1590 1083 aquae
1604 1012 1718 1068 verbum
1733 1012 1784 1067 Dei
1807 1012 1904 1067 scicn-

247 1109 318 1156 stras
333 1098 419 1156 crevit
433 1106 459 1155 el
473 1098 564 1156 lumen
579 1098 739 1155 intraranon
755 1098 829 1164 sinit,
845 1096 908 1169 quia
936 1096 1044 1168 cupidi·
1098 1097 1172 1153 tibus
1195 1098 1290 1154 vinum
1317 1098 1442 1155 hauritur
1465 1098 1530 1154 dum
1553 1100 1606 1157 hoc
1628 1101 1745 1172 mystice
1759 1101 1899 1172 aperitur.

245 1196 288 1245 tas
309 1197 479 1245 terrenarum
512 1203 604 1244 rerum
639 1187 726 1243 visum
757 1186 850 1242 multis
872 1185 1043 1242 sacerdotum
1097 1186 1170 1242 Abel
1198 1187 1246 1259 qui
1267 1202 1369 1261 agnum
1394 1186 1556 1245 sacrificium
1576 1188 1642 1262 [leg.
1661 1187 1836 1259 sacdlicavit]
1859 1198 1905 1245 est

244 1286 371 1341 ercaecat,
387 1282 415 1334 et
428 1276 490 1332 ideo
504 1275 595 1332 lumen
609 1275 708 1333 divinae
722 1274 843 1333 scientiar
857 1291 907 1347 per
921 1290 969 1331 eos
988 1274 1042 1329 mi-
1097 1270 1234 1339 Christus,
1258 1272 1304 1343 qui
1331 1286 1431 1343 eorpus
1459 1289 1539 1329 sunm
1566 1288 1618 1344 pro
1639 1273 1721 1329 nobis
1743 1274 1803 1329 Deo
1825 1274 1904 1330 Patri

245 1369 318 1423 nime
342 1367 368 1421 in
380 1364 534 1423 Ecclesiam
549 1364 645 1421 radiet.
660 1364 745 1422 Stella
760 1363 866 1436 quaede
886 1363 971 1419 racab
983 1372 1042 1419 orta
1094 1358 1256 1416 immolavit.
1273 1360 1372 1416 abela
1395 1360 1481 1417 fratre
1504 1361 1650 1429 occiditur,
1676 1371 1704 1419 ct
1726 1362 1857 1419 Christus
1884 1379 1904 1418 a

244 1456 319 1513 fulsit
333 1463 376 1512 est
396 1452 520 1511 Christus
535 1453 581 1526 qui
596 1453 743 1525 degenere
757 1450 844 1509 lsrael
858 1451 960 1508 mundo
975 1452 1040 1508 illu·
1093 1444 1210 1505 ludaico
1226 1450 1327 1522 populo
1340 1450 1515 1506 interimitur.
1534 1452 1630 1507 Enoch
1640 1451 1675 1507 de
1690 1456 1762 1508 terra
1782 1452 1901 1523 rapitur,

241 1546 290 1614 ait,
306 1544 384 1613 cuijus
407 1543 493 1599 virtus
517 1551 546 1597 ut
566 1542 705 1599 unicornis
722 1540 789 1607 luit;
806 1541 853 1613 qui
867 1540 961 1596 omniu
985 1541 1040 1595 oh·
1092 1543 1120 1591 el
1134 1538 1259 1593 Christus
1280 1546 1343 1608 post
1367 1539 1526 1609 passionem
1548 1539 1574 1595 in
1598 1540 1699 1596 coelnm
1721 1540 1897 1596 transfertur.

241 1633 340 1689 stantia
354 1648 439 1687 cornu
459 1630 614 1702 supprimit,
639 1630 704 1705 quia
725 1630 847 1687 Christus
871 1630 1038 1701 principatus
1092 1626 1122 1680 ln
1136 1626 1257 1682 secunda
1271 1634 1352 1682 aelate
1364 1628 1424 1683 Noc
1439 1628 1564 1699 plantans
1578 1629 1684 1685 vineam
1698 1630 1761 1685 vino
1773 1630 1900 1684 inebria-

240 1730 266 1778 et
280 1728 429 1794 potestates
441 1721 535 1776 mundi
557 1720 685 1777 cornibus
707 1723 798 1777 crucls
819 1718 983 1790 perdomuit,
1008 1722 1143 1811 etBtur,
1173 1716 1314 1771 dormiens
1348 1715 1508 1784 denudatur,
1534 1733 1552 1773 a
1576 1716 1633 1773 lilio
1659 1717 1852 1784 subsannatur,
1881 1734 1901 1773 a

235 1811 292 1881 jam
321 1812 423 1867 dudum
449 1818 548 1867 cuncta
575 1826 663 1883 regna
691 1824 741 1864 suu
769 1808 883 1880 imperio
906 1807 1035 1863 subdidit.
1093 1804 1202 1859 duobus
1216 1813 1291 1860 veste
1307 1804 1423 1860 velatur.
1437 1806 1578 1879 Evigilans
1593 1823 1660 1863 vero
1676 1806 1813 1863 irrisorem
1836 1823 1898 1863 ser·

239 1900 338 1957 Puellae
363 1906 465 1955 ornatae
490 1914 551 1956 cum
577 1900 675 1971 quihus
698 1898 814 1969 populus
835 1895 985 1953 fornicatur
1014 1903 1041 1953 et
1094 1893 1175 1962 (vicio
1199 1892 1233 1964 (lo
1252 1894 1297 1964 tt)
1312 1893 1422 1960 addicit,
1439 1895 1561 1966 reliquos
1577 1896 1613 1951 ad
1628 1896 1741 1966 gloriam
1756 1896 1899 1952 benedicit

238 1989 274 2045 ad
300 1988 463 2062 ydolatriam
490 1988 643 2054 inclinatur,
662 1995 723 2042 srrnt
738 2002 845 2059 pompae
861 1995 887 2041 et
902 1985 1039 2042 illecebrae
1095 1982 1227 2050 deman).
1247 1984 1311 2038 llaec
1332 1983 1411 2054 ydria
1437 1999 1517 2055 aquea
1544 1987 1714 2041 convertitur
1741 2000 1802 2040 cum
1833 1986 1896 2040 lalit

235 2079 330 2135 mundi
352 2078 449 2151 quibus
472 2077 591 2149 populus
617 2077 738 2133 irretitur
755 2084 782 2131 et
796 2074 932 2131 diabolico
955 2074 1039 2131 cultui
1093 2070 1175 2126 modo
1200 2070 1371 2143 intelligitur.
1390 2073 1460 2137 Noe,
1484 2072 1531 2142 qui
1554 2072 1663 2128 vinem
1684 2073 1824 2144 plantavit,
1850 2080 1896 2129 est

233 2168 390 2241 subjicitur.
409 2167 518 2223 Balaam
542 2166 635 2222 interit
656 2166 759 2239 gladio,
774 2164 838 2237 huia
858 2163 1038 2221 sacerdotalis
1092 2158 1222 2215 Christus
1236 2160 1282 2231 qui
1296 2160 1447 2216 Ecclesiam
1463 2161 1594 2228 laudarit,
1610 2162 1657 2233 qui
1671 2162 1768 2233 poculo
1790 2178 1894 2217 amarae

231 2258 311 2325 ordo,
328 2257 382 2313 dux
397 2273 485 2315 caecus
499 2272 644 2321 cecorum,
662 2256 731 2326 perit
745 2254 838 2311 divino
848 2253 961 2324 judicio.
978 2253 1036 2309 De·
1092 2247 1230 2317 passionis
1243 2248 1393 2303 inebriatus
1407 2257 1434 2304 et
1448 2265 1464 2303 a
1477 2248 1584 2320 perfido
1594 2250 1696 2321 populo
1719 2249 1816 2305 irrisus
1840 2252 1893 2305 de-

230 2363 304 2403 munt
314 2362 361 2403 rex
371 2362 431 2401 cum
447 2346 547 2418 populo
562 2344 767 2409 exterminatur,
784 2346 811 2397 et
826 2342 903 2415 regio
918 2358 1035 2399 concre—
1091 2344 1231 2407 turpatur;
1248 2336 1328 2392 seda
1347 2337 1453 2393 duobus
1476 2339 1600 2406 relatur,
1616 2339 1644 2394 id
1658 2348 1700 2393 est
1714 2340 1749 2393 ab
1765 2340 1893 2394 Hebraeis

230 2444 327 2501 matur,
354 2434 417 2507 quia
443 2434 478 2489 ad
500 2434 625 2489 ultimum
655 2432 781 2489 diabolus
817 2446 880 2489 curn
907 2431 1036 2487 omnibus
1089 2424 1259 2497 algentibus
1282 2424 1411 2481 fidelibus
1433 2428 1892 2498 turpitudopassiouisejusvene·

228 2524 362 2583 membris
383 2524 440 2579 suis
463 2522 637 2579 damnabitur
653 2541 660 2589 ;
684 2522 718 2589 (l⁰
733 2522 778 2591 ll)
795 2524 822 2576 et
844 2520 887 2577 hic
912 2520 1034 2575 mundus
1089 2522 1173 2569 ratur.
1189 2514 1261 2577 Quia
1283 2530 1411 2571 asomno
1424 2517 1520 2572 mortis
1534 2516 1670 2589 evigilans
1684 2517 1822 2573 irrisorem
1842 2533 1894 2587 po-

229 2629 311 2687 quem
328 2630 379 2685 pro
394 2612 481 2686 patria
496 2612 649 2669 dilexerant
663 2627 678 2665 a
693 2609 803 2665 [lamma
818 2609 967 2667 rorabitur.
1087 2602 1181 2674 pulum
1195 2603 1337 2660 tuduinum
1351 2604 1471 2674 damnat,
1496 2622 1527 2661 se
1554 2608 1723 2663 honorantes
1742 2607 1776 2661 ad
1805 2606 1892 2662 vitam

263 2721 351 2777 Hodie
363 2720 453 2784 egam,
480 2718 663 2785 dilectissimi,
690 2717 813 2774 empus
828 2733 843 2772 a
855 2717 983 2773 Johmm,
1000 2715 1029 2771 j„
1086 2692 1198 2747 exultat.
1216 2693 1244 2746 tn
1259 2694 1340 2748 tertia
1352 2702 1432 2749 etate
1453 2694 1559 2765 loseph
1582 2697 1617 2749 oh
1631 2693 1893 2750 invidiamairatri·

228 2808 348 2865 Jordane
363 2817 424 2880 post
438 2807 546 2880 triginta
560 2822 646 2863 annos
661 2806 824 2878 baptizatur,
850 2809 878 2861 ct
893 2805 992 2862 coelum
1004 2804 1032 2861 ei
1087 2779 1139 2835 ¹¹⁰⁸
1153 2782 1291 2837 lemnus·
1310 2785 1333 2838 Α
1347 2782 1458 2838 (ῘΟῘΠῙΜ
1480 2800 1533 2839 ⁵¹¹²
1547 2784 1583 2839 οῗ)
1597 2784 1749 2839 ⁰⁸³¹5l³¹e¹¹¹
1762 2783 1890 2839 imiimi·

227 2905 372 2962 ,emmn
395 2904 420 2951 e,
449 2895 568 2967 gpiffius
592 2900 704 2951 sanem,
719 2894 746 2949 in
760 2894 893 2951 ,olumbae
909 2893 1030 2961 speciem
1084 2879 1175 2939 natur,
1198 2870 1225 2924 in
1241 2885 1381 2927 carcerem
1403 2872 1562 2939 retruditur,
1578 2872 1613 2929 de
1629 2888 1742 2929 carcere
1770 2873 1890 2927 eductus

226 3001 310 3057 super
334 3002 396 3041 cum
413 2982 591 3041 descendisse
605 2992 780 3051 memoratur,
799 2987 827 3039 et
841 2988 957 3054 palerna
977 2998 1028 3039 vox
1084 2958 1133 3015 ²⁰¹1
1146 2959 1262 3031 AEgypto
1277 2961 1445 3032 Ptaellffllitltt
1458 2962 1543 3035 (Geth
1559 2964 1749 3032 mvn-211)-

229 3074 362 3130 dilectum
387 3073 483 3129 Filium
509 3076 675 3144 protestatur
700 3072 798 3143 (Mart.
815 3070 1065 3170 ur).l)ominus,C
1118 3058 1184 3113 flaess
1208 3057 1287 3129 idria
1304 3073 1384 3130 ²th
1406 3060 1500 3115 ⁸¹t⁸ti⁵
1523 3058 1611 3116 tefitlt
1635 3074 1686 3115 ¹¹⁰⁵
1705 3074 1804 3130 81ΨΟΓΘ
1830 3058 1888 3114 ⁹5⁰5

225 3162 372 3229 karissimi,
390 3178 444 3217 non
459 3176 519 3229 sua,
535 3160 584 3217 scd
597 3167 691 3217 nostra
704 3160 819 3217 crimina
839 3161 912 3225 lavit,
929 3164 956 3216 et
971 3175 1024 3216 no·
1079 3146 1224 3203 dulssiffl'lt·
1250 3146 1354 3219 J⁰⁸⁶³llh
1378 3148 1425 3220 qui
1444 3164 1460 3202 ³
1489 3146 1620 3204 frutribus
1642 3149 1814 3215 distrahitur,
1841 3157 1885 3204 est

224 3252 267 3307 his
278 3251 411 3323 baptisma
431 3266 482 3307 suo
505 3250 633 3322 ingressu
659 3250 842 3307 consecravit.
864 3250 969 3306 Coelum
1000 3249 1026 3305 ei
1080 3236 1201 3293 Christus
1215 3238 1263 3309 qui
1277 3254 1293 3291 ἰι
1307 3236 1441 3309 discipulo
1455 3237 1557 3293 Judaeis
1571 3238 1699 3293 truditur·
1719 3236 1772 3307 Qut
1793 3253 1809 3292 a
1833 3238 1886 3308 Sy·

225 3348 300 3412 patet
318 3344 345 3395 el
360 3339 488 3412 Spiritus,
505 3338 676 3395 descendeus
693 3338 719 3393 in
735 3354 768 3394 eo
781 3343 883 3405 manet,
900 3338 964 3411 quia
979 3338 1026 3411 qui
1079 3341 1189 3399 ⁰⁸80ss
1202 3334 1231 3381 ¹¹¹
1246 3326 1291 3383 ³¹¹0
1307 3342 1324 3382 Ε
1339 3328 1452 3383 d⁰¹¹¹5⁰³
1467 3344 1533 3384 “³¹¹⁸
1546 3336 1701 3396 accusatus·
1717 3326 1779 3381 ⁰0⁰1
1801 3326 1885 3379 dam-

225 3429 253 3485 in
269 3430 328 3499 ejus
343 3428 452 3485 nomine
465 3426 599 3500 baptisma
624 3435 816 3495 consecuntur,
838 3426 938 3497 spiritu
963 3442 1027 3482 san.
1078 3414 1312 3486 natussepulchro
1325 3416 1470 3472 clauditur.
1483 3418 1521 3473 [le
1532 3417 1643 3473 baratro
1650 3416 1758 3472 rediens
1769 3414 1884 3471 univer-

224 3525 268 3575 ctu
292 3516 471 3589 replebuntur
488 3532 495 3582 ;
521 3520 546 3572 et
563 3516 586 3571 si
601 3516 734 3572 colambae
749 3515 947 3587 simplicitatem
968 3514 1027 3569 imi-
1078 3517 1111 3559 ⁸0
1124 3502 1186 3557 orbi
1207 3502 1383 3574 principatu*
1395 3504 1426 3557 1⁰
1441 3513 1537 3575 ‘luam
1549 3514 1638 3567 &lateo
1661 3503 1746 3560 David
1770 3502 1882 3558 GOliflm

223 3613 325 3675 untur,
344 3607 373 3662 in
394 3604 493 3663 coelrrrn
516 3620 578 3663 cum
603 3605 710 3661 Christo
734 3604 898 3661 exaltantur.
913 3604 966 3660 Per
981 3604 1025 3660 be
1077 3606 1202 3664 puffflffl
1218 3599 1328 3663 sulem
1342 3592 1531 3665 (ffltdfflb
1547 3602 1574 3650 θῑ
1594 3593 1723 3652 Stl⁰¹¹¹0¹1
1746 3591 1880 3663 templum

222 3696 289 3753 stiae
299 3694 569 3753 etiaminlorrnamur
585 3702 614 3751 ut
630 3702 749 3753 veterem
762 3694 845 3753 vitam
853 3694 1024 3765 deponentes
1076 3678 1274 3753 ffi⁰s⁰⁵0¹tm¹⁸
1287 3697 1324 3736 0¹
1338 3697 1406 3737 ³⁰¹0
1421 3691 1447 3737 0²
1460 3682 1579 3754 gamus
1599 3680 1715 3738 ffidififflt
1737 3682 1788 3753 tm
1805 3684 1877 3752 ¹³⁶9·

221 3802 294 3845 popa
305 3784 463 3843 induamur,
1078 3769 1132 3840 va).
1151 3769 1281 3838 Dehujus
1298 3770 1382 3842 ydriae
1396 3786 1467 3842 aqua
1481 3771 1561 3828 dulce
1577 3770 1668 3827 vinum
1683 3771 1797 3836 bibitur,
1811 3768 1879 3823 dum

258 3906 355 3961 gestu,
370 3901 442 3975 quod
458 3916 567 3969 cervus,
583 3909 645 3973 pos,
654 3900 723 3977 μεθ’
737 3896 895 3974 poslquam]
906 3915 1023 3972 serpen·
1076 3856 1122 3913 tali
1135 3859 1371 3930 modoaccipitur.
1386 3859 1507 3915 Goliasa
1521 3861 1613 3916 David
1627 3860 1766 3927 sternitur,
1777 3866 1804 3911 et
1814 3857 1879 3912 dia-

220 4003 276 4051 lem
290 3992 474 4067 deglutiverit,
498 3992 533 4047 ad
556 4006 656 4063 aquam
670 3998 772 4058 currat,
786 3998 816 4044 ut
831 4006 881 4061 per
894 3989 1023 4045 haustum

220 4098 299 4156 aqum
325 4097 464 4138 venenum
489 4079 596 4149 ejiciam
621 4088 647 4136 et
672 4087 736 4135 tunc
756 4092 887 4135 cornuam
909 4078 969 4149 (sic)
995 4082 1023 4134 et
1091 4123 1096 4136 .

220 4172 291 4245 pilos
315 4171 431 4227 excutiat
451 4178 476 4225 et
504 4170 546 4225 sic
574 4168 666 4223 denuo
681 4183 751 4223 nova
766 4164 888 4237 recipiat.
906 4167 947 4221 lta
970 4181 1022 4221 nus

127 4326 136 4339 ι
220 4260 368 4328 karissimi,
383 4262 446 4331 post
460 4266 612 4330 peccatum,
629 4256 761 4313 debemus
776 4255 810 4311 ad
820 4254 920 4311 iontem
931 4253 1021 4327 lacry-

221 4364 326 4404 marum
350 4362 461 4404 currere
489 4355 516 4403 ct
543 4362 679 4403 venenum
703 4352 874 4416 peccatorum
899 4360 915 4399 a
938 4342 1019 4399 nobis

220 4434 366 4509 expellere,
388 4444 415 4493 et
434 4450 537 4493 cornus
560 4433 697 4508 superbie
719 4448 753 4489 ac
775 4432 846 4505 pilos
869 4432 1060 4526 mundaum„

220 4524 415 4598 superfluitatis
436 4527 584 4597 deponere,
609 4530 636 4580 et
652 4536 755 4581 cornua
770 4520 936 4578 tortitudinis
947 4534 1017 4577 con·

218 4619 261 4673 tra
276 4614 344 4673 vicia
355 4614 482 4671 virtutum
497 4628 646 4671 resumere.

254 4722 374 4794 Serpens
403 4736 513 4796 quoque
531 4721 588 4791 jam
611 4734 696 4776 senex
719 4732 769 4791 pcr
793 4721 940 4792 augrrmum
964 4734 1016 4792 pe-

217 4818 267 4871 tra
291 4810 411 4867 toramen
444 4826 476 4866 se
500 4817 684 4881 contorquens
710 4808 827 4865 vetustis
855 4808 962 4864 exuitur
989 4815 1017 4865 et

217 4900 297 4958 novis
319 4916 413 4956 rursus
432 4897 560 4954 induitur.
586 4898 641 4953 Per
654 4903 811 4968 serpentem
824 4897 937 4968 quilibet
952 4912 1018 4968 pec·

216 4997 302 5059 catur,
326 4988 487 5061 designatur
501 4984 546 5058 qui
561 4984 589 5041 in
602 4984 694 5041 multis
708 4984 822 5057 llagiciis
836 4984 1015 5042 inveteratur.

216 5078 268 5135 llic
290 5085 396 5149 oportet
423 5082 452 5131 ut
466 5073 500 5131 ad
515 5083 619 5147 petram
634 5073 773 5129 Christum
790 5072 953 5145 quantocius
968 5090 1016 5131 ve-

215 5166 280 5231 niat.
295 5172 440 5237 angustam
456 5162 526 5218 riam
540 5180 600 5236 quae
613 5162 687 5219 ducit
711 5162 746 5217 ad
764 5162 846 5218 vitam
875 5162 1015 5235 accipiat,

212 5253 300 5312 veteri
314 5254 404 5311 tunica
418 5252 552 5309 victorum
567 5250 726 5323 expolietur,
742 5265 814 5307 nova
837 5259 912 5307 veste
926 5252 1015 5308 virtu-

213 5346 271 5399 tum
286 5342 483 5399 circumdetur.

248 5458 335 5515 llodie
363 5458 455 5523 etiam,
486 5456 667 5522 dilectissimi,
683 5455 815 5513 Dominus
835 5455 963 5513 inritatus
977 5457 1014 5514 ad

211 5546 319 5617 nuptias
333 5552 395 5618 post
408 5561 508 5602 annum
524 5545 651 5615 baptismi
665 5544 717 5611 sui,
733 5542 863 5601 convivas
877 5542 1013 5603 exhilara·

211 5634 249 5691 vit
263 5634 482 5691 dumdelicieute
497 5634 561 5691 vino
583 5651 630 5690 sex
654 5634 745 5706 ydrias
767 5648 845 5707 aquae
868 5632 896 5690 in
919 5634 1012 5692 vinum

211 5722 385 5783 commutarit
400 5722 495 5793 (loun.
514 5720 559 5795 ιι).
577 5722 619 5779 De
631 5723 684 5780 hoc
698 5721 761 5780 rino
775 5736 827 5780 nos
841 5738 948 5800 quoque
957 5736 1012 5799 po·

1076 3946 1155 4003 bolus
1169 3946 1197 4002 in
1212 3962 1293 4005 cruce
1307 3947 1437 4004 vincitur.
1453 3948 1595 4020 Templum
1617 3949 1646 4005 in
1664 3946 1880 4005 Hierosolimaa
1970 4006 1971 4009 Ἴ

1076 4034 1225 4094 Salomone
1239 4051 1308 4093 auro
1322 4045 1350 4092 et
1364 4035 1482 4109 gemmis
1496 4039 1679 4106 construitur,
1694 4036 1757 4110 qula
1775 4035 1878 4091 Eccle-

1075 4140 1126 4191 sia,
1151 4141 1211 4197 quae
1231 4134 1273 4180 est
1297 4126 1428 4197 templum
1458 4128 1518 4194 Dei,
1545 4128 1686 4184 aChristo
1701 4133 1729 4189 ia
1748 4129 1826 4187 emtis
1842 4140 1880 4181 cx

1073 4212 1204 4284 perfectis
1216 4214 1364 4287 colligitur.
1380 4215 1410 4269 ln
1424 4216 1518 4287 quinta
1538 4226 1618 4275 aetate
1637 4219 1716 4276 Jesus
1742 4228 1880 4286 sacerdos

1074 4317 1137 4357 cum
1160 4302 1274 4374 captivis
1290 4303 1324 4358 de
1339 4302 1479 4376 babylone
1493 4315 1597 4361 remeat
1611 4316 1638 4363 et
1653 4308 1757 4366 ruinam
1777 4321 1880 4390 templi

1072 4391 1100 4445 in
1115 4391 1302 4448 Hierosolimis
1316 4390 1460 4449 reedificat
1474 4394 1553 4467 (App.
1570 4400 1609 4461 ιι).
1626 4396 1689 4454 llaec
1704 4400 1783 4471 ydria
1792 4420 1878 4477 aquae

1073 4496 1124 4537 nos
1138 4479 1201 4537 vino
1216 4480 1343 4551 inebriat,
1358 4482 1422 4537 dum
1437 4482 1496 4539 haro
1510 4482 1688 4555 spiritualiter
1710 4499 1786 4561 gesta
1808 4493 1879 4551 insi·

1068 4577 1144 4626 nunt.
1169 4570 1258 4639 lesus,
1277 4571 1353 4644 quia
1379 4571 1515 4644 Babylone
1535 4588 1597 4629 curn
1624 4576 1739 4647 captivis
1756 4586 1876 4640 reverti-

1070 4664 1125 4727 tur,
1142 4666 1182 4715 est
1195 4658 1276 4715 lesus
1290 4658 1424 4727 Christus,
1442 4676 1524 4717 verus
1539 4662 1680 4732 sacerdos,
1700 4667 1747 4738 qui
1767 4670 1802 4725 ab
1824 4671 1875 4728 in·

1070 4742 1150 4800 terno
1173 4744 1309 4799 reducens
1333 4743 1525 4815 captivitatem,
1542 4745 1578 4801 ad
1591 4746 1690 4805 coelum
1705 4754 1872 4825 regreditur.

1070 4833 1164 4889 linium
1177 4832 1271 4904 templi
1285 4832 1319 4888 ab
1330 4832 1395 4889 lesu
1410 4832 1437 4887 in
1453 4832 1642 4891 hierosolimis
1662 4849 1816 4912 reparatur,
1844 4855 1873 4902 el

1069 4922 1145 4977 ruina
1159 4922 1290 4995 angelica
1305 4921 1388 4978 curiae
1401 4937 1451 4993 per
1464 4921 1558 4978 Jesum
1579 4923 1714 4983 Christum
1735 4938 1875 4990 restaura·

1069 5018 1126 5066 tur.
1146 5012 1176 5065 ln
1191 5010 1305 5082 septima
1319 5018 1400 5067 aeratc
1424 5010 1514 5065 omnis
1527 5014 1648 5083 populus
1661 5016 1695 5071 ad
1716 5016 1872 5079 iohannem

1070 5098 1152 5165 venit,
1169 5107 1196 5155 ct
1211 5100 1269 5170 ipse
1283 5114 1332 5155 eos
1346 5113 1420 5171 aqua
1433 5099 1548 5155 abluens
1564 5099 1661 5158 fideles
1668 5104 1703 5159 ab
1710 5104 1872 5169 infidelibus

1069 5186 1187 5243 secernit
1201 5188 1311 5259 (llatlh.
1327 5188 1380 5258 ur).
1395 5189 1480 5257 llujrrs
1494 5187 1576 5245 etiarn
1592 5190 1676 5261 ydrioe
1689 5208 1767 5267 aqum
1786 5214 1869 5268 capo.

1068 5291 1127 5333 rem
1142 5277 1224 5333 vertit
1238 5277 1318 5333 nobis
1332 5277 1456 5333 Christus
1470 5277 1499 5332 in
1513 5276 1569 5333 viui
1593 5279 1746 5339 dulcorem.
1774 5286 1871 5342 tlulti-

1068 5365 1133 5423 tudo
1157 5366 1250 5438 popnli
1276 5366 1312 5421 ad
1338 5367 1490 5422 iohannem
1514 5368 1588 5423 venit
1602 5377 1630 5425 et
1644 5386 1692 5427 eos
1706 5372 1734 5427 in
1756 5372 1869 5435 flumine

1066 5464 1183 5526 separat,
1199 5454 1262 5527 quia
1281 5454 1370 5511 omnis
1394 5455 1509 5527 populus
1529 5456 1564 5513 ad
1592 5458 1730 5517 Christum
1743 5462 1772 5517 in
1801 5464 1872 5521 ulli--

1066 5544 1118 5600 mis
1132 5552 1319 5618 congregatur
1332 5553 1359 5600 et
1372 5544 1409 5600 ab
1423 5560 1457 5601 eo
1467 5561 1518 5615 per
1527 5546 1640 5619 igneum
1654 5548 1765 5607 tluvium
1776 5550 1867 5611 tidelis

1064 5634 1100 5689 ab
1126 5633 1232 5691 infideli
1253 5641 1425 5708 segregatur.
1447 5634 1539 5704 llunc,
1562 5636 1865 5707 accuratissimus

1066 5720 1181 5798 diligere
1197 5730 1252 5783 toto
1267 5718 1365 5781 affectu
1380 5721 1483 5783 mentis
1507 5724 1554 5799 qui
1575 5734 1682 5784 vesum
1696 5728 1803 5787 mimas
1815 5746 1862 5789 rc-
