3942 6067
210 253 279 307 ll83
392 272 395 281 ·
459 249 608 312 llONOIill
628 247 876 311 tucbsrouuu.
896 244 977 305 Ol'l'·
998 243 1091 303 Plus
1111 248 1156 304 tv.
1193 280 1229 294 --
1247 250 1405 351 boousr.
1425 252 1470 311 ΕΤ
1488 252 1611 315 tscttt.
1801 260 1876 319 ttst

207 374 297 433 tinent
311 374 347 434 sd
364 375 449 437 ritem
462 384 491 435 et
503 394 627 447 sensnm,
642 376 754 450 spiritns
774 375 812 432 nd
831 372 966 431 rodonem
983 379 1012 431 et
1025 367 1054 432 A
1070 386 1126 429 non
1140 384 1295 446 reponatur,
1317 378 1367 438 ssd
1381 395 1432 452 pro
1446 379 1540 453 scipso
1552 380 1582 437 in
1594 380 1706 454 coelum,
1721 381 1751 441 id
1770 391 1823 453 est,
1843 384 1876 442 in

172 509 176 516 -
212 466 381 526 bollenum
394 486 402 535 ς
417 484 486 544 ergo
499 484 552 527 nec
564 467 619 541 ipsi
631 467 747 527 iormem
760 466 874 524 lrnbcnt.
896 464 939 523 lte
961 478 1014 523 tu·
1067 458 1265 526 boetitudinem
1279 475 1449 527 resumetur.
1469 469 1524 527 Sed
1539 470 1604 543 quit
1621 472 1675 531 hoc
1696 471 1792 531 durius
1806 474 1876 549 qni·

214 565 271 617 tem
287 566 330 616 est
343 558 553 634 intelligendum
565 558 602 617 de
616 558 766 631 spiritibus,
781 552 1015 615 sicotderirtuti·
1068 550 1183 611 bmdsn
1209 554 1313 615 dictum
1333 557 1444 617 videtur
1470 567 1526 617 tots
1554 560 1695 634 Scriptus-s
1719 562 1872 633 chmsnm

216 648 279 716 bus,
297 648 402 707 scilicet
414 648 450 705 dc
461 649 577 719 jnstitie,
592 647 627 705 de
641 646 785 720 sepientis,
800 654 853 703 etc.
1069 657 1202 702 numerus
1214 647 1380 721 ungulorum
1393 647 1489 707 electis
1507 649 1666 709 bominibus
1679 652 1873 726 redinmgrnn-

215 738 280 796 (Συ.
297 739 337 794 X.
360 739 480 810 Qsoertic
495 739 629 796 decimo.-
646 738 722 809 Quod
741 736 901 811 corporatio
921 749 1016 808 corpo-
1069 730 1130 802 dus,
1146 734 1314 795 enucleatius
1328 736 1433 795 rstione
1458 738 1530 797 duce
1550 738 1714 800 elucidetur.
1731 742 1761 799 Si
1774 758 1873 803 ornnes

251 843 300 885 reo
313 828 386 896 oisc,
400 826 542 901 imcpioec
554 828 670 903 rpirttc,
686 828 850 885 voluntates
861 824 1017 882 intellecto
1067 819 1097 879 is
1113 824 1216 881 mundo
1231 840 1286 883 uno
1300 832 1424 899 ternpore
1437 826 1520 885 simul
1528 829 1601 887 bunc
1615 830 1701 887 solem
1715 831 1874 905 rspicerent
1966 844 1967 885 t

248 916 461 986 dicernuntur,
477 925 531 975 etc.
1069 910 1171 985 duculi
1198 929 1294 971 eorum
1322 923 1407 975 toturn
1429 916 1507 975 illum
1521 917 1654 987 riderent,
1668 935 1722 979 nec
1735 922 1872 997 ᾳιὼᾳιιω
1966 946 1967 963 ¹

251 1006 306 1066 Sed
320 1006 388 1065 cicc
402 1006 503 1080 aliquis
518 1022 526 1063 c
543 1005 688 1078 Quomodo
703 1004 820 1078 Spiritus
832 1004 1016 1078 personaliter
1070 1000 1134 1059 inde
1150 1004 1185 1060 de
1199 1002 1302 1063 lumine
1316 1004 1374 1076 eius
1386 1004 1502 1074 uideret,
1527 1007 1590 1083 quis
1614 1016 1686 1067 totns
1699 1024 1763 1068 curn
1778 1011 1872 1085 respi-

212 1096 395 1170 eccipioutor,
406 1097 430 1154 si
440 1097 516 1154 nulls
526 1096 614 1155 lorms
623 1095 911 1155 circumscribuntur?
923 1094 1016 1153 scien·
1054 1097 1156 1149 'reret
1175 1092 1205 1151 Si
1219 1093 1280 1167 quis
1295 1110 1362 1153 vero
1374 1096 1470 1153 oculos
1483 1094 1635 1165 clauderet,
1646 1101 1693 1157 ret
1700 1099 1793 1174 abono
1805 1117 1873 1159 cern

214 1185 282 1244 dum
294 1194 337 1244 est
352 1186 426 1261 quod
439 1187 528 1243 tribus
541 1187 629 1243 modis
643 1185 779 1254 videmus,
794 1185 855 1243 risu
878 1184 1016 1257 corporali
1070 1181 1165 1241 oculos
1179 1182 1326 1253 emitteret,
1341 1184 1401 1258 ipse
1414 1185 1484 1244 solis
1497 1203 1528 1245 se
1541 1196 1656 1261 aspectu
1667 1188 1812 1262 prirsret;
1827 1191 1876 1249 clii

214 1290 342 1350 corpore,
358 1275 457 1349 spiritu
484 1275 631 1351 imagines,
645 1283 737 1331 mente
764 1274 946 1349 cogitationes
971 1272 1017 1330 vel
1070 1286 1136 1329 roro
1150 1286 1205 1329 non
1219 1274 1308 1347 cuspis
1323 1288 1375 1335 nec
1387 1276 1481 1333 minus
1507 1275 1644 1347 riderent,
1674 1294 1758 1352 quem
1781 1280 1805 1337 si
1828 1280 1875 1337 ille

108 1370 111 1376 '
214 1366 369 1423 voluntates
383 1372 504 1423 nostros.
519 1366 577 1423 lloc
591 1364 671 1422 tertio
686 1364 769 1421 modo
789 1365 913 1422 videmus
927 1365 1017 1421 Deum
1069 1375 1136 1419 cunr
1151 1360 1270 1420 rideret.
1287 1362 1368 1435 Quod
1394 1365 1418 1421 si
1445 1365 1542 1424 ridens
1555 1366 1591 1425 de
1604 1383 1640 1425 eo
1653 1367 1698 1426 rel
1711 1368 1747 1427 de
1761 1368 1817 1427 elio
1828 1386 1875 1427 nn·

217 1462 243 1511 ct
270 1455 398 1529 spiritus.
416 1456 451 1513 Et
469 1454 540 1513 sicut
554 1454 614 1511 visu
628 1454 765 1527 corporis,
781 1470 882 1527 corpus
897 1452 1016 1511 bominis
1071 1458 1205 1522 sectetur,
1219 1468 1274 1509 non
1292 1469 1343 1527 pro
1357 1454 1415 1524 illo,
1429 1456 1545 1529 scdprn
1567 1455 1660 1531 seipso
1678 1458 1707 1515 in
1735 1458 1875 1517 universi-
1966 1460 1967 1473 ¹

215 1559 363 1617 scor-pore
377 1544 441 1619 equi
455 1543 635 1613 secernimus,
651 1551 679 1601 ct
694 1544 763 1601 dent
774 1544 869 1617 spiritu
883 1541 1018 1618 imagine·
1069 1546 1126 1599 tste
1139 1550 1289 1613 poneretur
1305 1562 1312 1600 :
1328 1551 1357 1601 ct
1377 1544 1470 1603 lumen
1498 1546 1568 1604 solis
1590 1562 1647 1605 non
1658 1562 1711 1619 pro
1724 1564 1808 1619 ceco,
1824 1550 1878 1607 ssd

214 1634 317 1692 tionem
331 1635 384 1692 viri
396 1633 639 1708 nbimsginstioue
660 1633 783 1692 mulieris
797 1641 1014 1708 sequestremus,
1071 1644 1121 1701 pro
1134 1630 1227 1703 seipso
1242 1631 1358 1702 rideret,
1374 1634 1447 1707 quod
1461 1634 1639 1695 nibilominus
1651 1636 1807 1706 inceremi
1828 1638 1878 1697 ille
1966 1690 1967 1699 ,

214 1724 324 1783 etaient
338 1732 430 1783 mente
444 1722 587 1783 scientium
602 1722 789 1798 prsmmnticae
800 1739 817 1780 o
829 1722 944 1782 scientie
957 1721 1016 1779 dis·
1029 1736 1058 1807 B
1071 1732 1163 1777 cecus
1176 1736 1233 1780 non
1246 1720 1355 1781 inisset.
1375 1724 1461 1783 Porro
1475 1725 1500 1783 si
1523 1726 1570 1783 ille
1584 1727 1724 1785 secunde
1737 1727 1875 1787 mironi-

212 1812 317 1871 lscticae
330 1830 493 1886 separemus
508 1831 516 1870 :
532 1813 573 1871 sie
586 1828 721 1887 personas
735 1813 878 1887 spirituum
904 1810 1016 1871 intelle-
1071 1816 1127 1867 tete
1142 1810 1283 1869 tolleretur
1297 1812 1348 1881 its,
1361 1820 1390 1871 ut
1403 1812 1432 1871 in
1446 1813 1563 1873 nibilum
1576 1816 1769 1891 redigerotnn
1783 1817 1877 1893 sliqns

214 1904 470 1963 etudiscernimus.
1070 1912 1283 1973 norspersons,
1301 1916 1357 1961 uon
1372 1902 1668 1979 debumrnopensre,
1683 1920 1876 1979 proeocrer-
1966 1902 1967 1909 ’

215 1992 286 2051 Ger.
300 1993 351 2051 xl.
367 1993 649 2065 Qsmtiocodccimc
664 2013 673 2051 :
691 1993 1015 2068 rodoopelioetbcrcc,
1070 1994 1155 2057 retur,
1171 1990 1231 2049 bec
1253 1988 1377 2049 forsitsrn
1402 2008 1454 2065 pro
1476 2009 1510 2051 so
1530 1994 1594 2065 iure
1617 1994 1707 2068 posits
1721 1994 1873 2055 diceretur.

251 2084 391 2143 demoror
405 2100 499 2155 mcc,
511 2084 639 2143 dominer
652 2082 1015 2158 umeccorporobnbecct,
1071 2076 1127 2135 Sed
1140 2094 1202 2137 eum
1217 2094 1309 2139 cecus
1333 2096 1413 2139 suum
1435 2082 1527 2141 locrun
1548 2083 1576 2141 in
1599 2084 1784 2155 universitate,
1804 2086 1878 2144 sicut

247 2178 301 2231 etc.
1070 2167 1169 2226 videus
1182 2186 1273 2241 suum,
1298 2170 1452 2243 possident,
1466 2171 1644 2231 msuiiestum
1657 2182 1711 2243 est,
1735 2174 1810 2248 quod
1830 2174 1876 2233 ri·

250 2262 357 2337 Angeli
371 2278 483 2337 quoqm
497 2263 723 2339 bubontcorpors
732 2262 862 2335 etima,
875 2260 1017 2320 &mones
1070 2257 1140 2315 dens
1151 2274 1202 2331 pro
1217 2257 1359 2318 colosum
1375 2276 1431 2319 non
1455 2269 1556 2329 mucel,
1572 2263 1623 2321 ssd
1638 2262 1692 2321 iste
1703 2262 1732 2319 in
1744 2262 1817 2332 loeo,
1845 2264 1874 2321 id

216 2367 312 2421 teres,
340 2353 467 2411 homines
493 2361 583 2411 terres
597 2372 607 2411 s
621 2361 649 2411 et
662 2354 735 2412 sicut
754 2352 882 2411 homines
898 2353 1017 2425 possunt
1069 2347 1151 2405 estin
1167 2364 1282 2407 numero
1311 2364 1367 2408 oon
1395 2349 1560 2411 videnuon.
1593 2352 1639 2413 Sic
1654 2360 1682 2411 et
1698 2352 1734 2410 de
1748 2352 1807 2411 vics
1821 2353 1877 2411 dici

213 2457 265 2500 sus
291 2458 411 2517 corpore
437 2442 611 2512 decolorare,
627 2442 757 2501 videlicet
770 2442 911 2513 deslbsre,
925 2449 953 2497 et
965 2441 1016 2499 de·
1068 2444 1169 2511 potest.
1186 2436 1290 2496 Omnes
1302 2439 1405 2514 quippe
1418 2440 1543 2499 homines
1557 2441 1700 2517 moriter
1711 2442 1769 2500 rite
1782 2441 1876 2501 imun-

212 2531 327 2609 uigrcre
340 2541 390 2591 eut
402 2530 495 2606 sliqos
505 2542 584 2592 reste
591 2541 740 2608 contegere
755 2551 763 2589 ε
778 2531 818 2589 its
831 2538 945 2605 possunt
958 2529 1016 2587 dm-
1070 2533 1125 2597 tnr,
1140 2534 1168 2584 et
1182 2527 1275 2585 nullus
1287 2543 1339 2602 pro
1352 2528 1409 2587 clio
1423 2530 1499 2599 sirit,
1515 2530 1579 2590 licet
1592 2531 1665 2589 clius
1691 2532 1728 2589 sit
1746 2532 1804 2590 elio
1826 2550 1875 2590 ss-

209 2718 258 2769 eut
273 2710 464 2785 splendidssd
478 2711 680 2786 decipiendum,
696 2720 744 2769 sut
757 2719 825 2770 tetre
846 2710 884 2767 sd
906 2717 1016 2767 terren-
1069 2704 1115 2778 qui
1129 2706 1258 2775 nescitur,
1291 2722 1345 2765 non
1373 2724 1423 2781 pro
1450 2710 1634 2779 mortno,sed
1647 2726 1697 2781 prs
1711 2710 1804 2785 scipso
1815 2712 1875 2770 vite

211 2800 277 2859 dum
300 2802 501 2869 demonstrare,
518 2801 653 2874 Apostolo
667 2801 778 2859 dicente
794 2818 801 2857 :
815 2801 876 2875 lpse
892 2801 1016 2861 Sciam
1069 2791 1176 2853 iruitur.
1190 2796 1252 2853 Non
1266 2796 1340 2853 enirn
1354 2806 1477 2855 mortuus
1498 2798 1534 2856 de
1561 2798 1739 2858 uniuersitstc
1756 2800 1873 2873 tollitur,

80 2932 84 2939 .
211 2890 399 2963 tremiscent
412 2907 443 2949 rc
456 2892 489 2948 isc
502 2891 905 2966 cscclcmtueirllltlomr).
925 2889 962 2945 Et
987 2893 1016 2947 ut
1069 2882 1162 2941 sedin
1178 2884 1240 2943 loco
1255 2886 1356 2943 sivein
1371 2902 1490 2945 numero
1517 2888 1665 2947 virentium
1681 2904 1736 2947 non
1748 2888 1872 2963 ponitur.

210 2995 263 3037 nos
277 2994 329 3052 pro
342 2980 482 3037 voluntate
495 2988 587 3037 restes
600 2980 636 3037 de
649 2980 705 3036 illis
717 2978 761 3037 vel
780 2978 891 3037 deictis
905 2978 1014 3036 enime-
1069 2972 1098 3029 ln
1114 2974 1188 3031 bunc
1200 2974 1313 3033 modom
1328 2984 1371 3033 est
1384 2977 1419 3033 de
1434 2978 1494 3035 Deo
1508 2984 1535 3035 et
1549 2978 1658 3054 nnpclis
1686 2978 1874 3036 rendendum.

212 3068 278 3125 lium
293 3068 446 3127 velleribus
458 3068 598 3126 induimus
614 3088 621 3138 ;
637 3070 677 3127 sic
691 3069 833 3126 demones
856 3083 929 3125 nunc
949 3064 1012 3123 ills-
1069 3062 1213 3137 Scriptura
1226 3063 1327 3122 etenim
1341 3073 1455 3123 testsnto
1471 3084 1479 3122 :
1495 3068 1570 3126 Beer
1586 3068 1639 3125 istc
1656 3072 1710 3137 ert,
1733 3072 1763 3125 et
1786 3069 1819 3125 irc
1842 3084 1874 3127 ec

210 3174 273 3215 rum
288 3158 335 3215 vel
348 3156 457 3214 illorum
472 3158 622 3216 bestiarum
639 3159 742 3216 formes
768 3157 894 3227 induunt,
909 3155 1016 3214 scilicet
1072 3154 1262 3213 tenebroenort
1276 3159 1347 3213 scot
1356 3156 1426 3215 slloe
1435 3158 1462 3229 (l
1472 3159 1552 3216 locs.
1569 3162 1600 3224 ι).
1614 3158 1649 3215 llt
1662 3158 1763 3215 itermn
1774 3158 1874 3215 scribi·

210 3248 258 3304 rel
271 3248 360 3305 leonis
374 3246 419 3305 rel
432 3247 561 3305 droconis
576 3248 618 3305 rel
631 3248 764 3313 sltcrius;
781 3247 854 3305 unde
865 3245 1014 3305 scribitur:
1070 3249 1123 3311 tur,
1139 3244 1213 3317 quod
1227 3243 1262 3301 sit
1276 3246 1319 3303 sol
1327 3246 1454 3319 justitio
1463 3246 1577 3318 (Unice.
1597 3246 1648 3319 rr),
1664 3246 1692 3303 in
1707 3262 1789 3316 ouem
1798 3248 1874 3305 desi·

211 3336 251 3395 lic
260 3334 1015 3409 traducbestitcccimcscoctitcntcstibttlsctnrxrrt),
1069 3332 1169 3389 demut
1192 3333 1284 3408 rugeli
1298 3336 1469 3408 prospicere.
1486 3335 1537 3394 llic
1549 3343 1595 3393 est
1607 3334 1738 3411 goudium
1753 3335 1873 3411 regelo-

210 3425 379 3499 Angclorum
392 3441 513 3498 corpore
526 3434 590 3483 sunt
604 3425 747 3500 simplicis,
763 3426 892 3484 uidelicet
903 3443 936 3483 ex
946 3442 1016 3499 puro
1070 3436 1141 3492 rom,
1155 3430 1185 3479 ut
1208 3422 1259 3480 ists
1282 3422 1329 3481 lux
1350 3430 1392 3482 esi
1411 3424 1546 3500 modium
1561 3424 1728 3484 oculorum:
1744 3427 1817 3485 bunc
1832 3434 1875 3483 ts-

211 3515 312 3572 setberc
326 3513 412 3572 iectu.
433 3514 525 3573 AEtber
539 3520 583 3574 est
596 3514 679 3591 ignis,
695 3514 801 3573 scilicet
814 3522 940 3589 quartum
954 3514 1014 3571 ele·
1068 3509 1123 3567 lem
1138 3528 1235 3569 ornnes
1247 3512 1339 3587 rugeli
1353 3522 1529 3587 sspexcrnnt,
1544 3521 1572 3572 et
1585 3514 1687 3591 singtdi
1712 3530 1766 3589 pro
1789 3516 1873 3573 modo

212 3612 346 3673 mentum,
361 3620 416 3662 non
430 3605 533 3674 colore,
557 3607 606 3663 sed
634 3612 763 3679 perpetus
785 3605 847 3663 loce
865 3620 1015 3673 serenum
1069 3616 1121 3658 suc
1144 3616 1205 3661 eum
1234 3610 1320 3659 totum
1348 3602 1497 3671 viderunt:
1523 3603 1633 3678 quidem
1658 3612 1748 3663 mrem
1776 3603 1875 3663 oculos

212 3694 287 3752 unde
315 3694 350 3751 de
378 3694 519 3753 erectione
533 3695 700 3769 angelorum
714 3694 865 3753 scribitur:
881 3694 1016 3753 Ftcttoe
1069 3690 1169 3749 mentis
1182 3690 1348 3761 clauserunt,
1364 3692 1428 3749 durn
1456 3708 1487 3751 se
1509 3693 1609 3753 sluce
1622 3692 1749 3752 rcritrtis
1763 3702 1875 3751 crene-

212 3783 302 3857 (θαι.
323 3785 356 3856 ι).
376 3786 406 3839 ln
422 3784 465 3840 his
477 3784 639 3857 corporibus
652 3785 733 3843 nobis
747 3792 878 3859 sppcrent
893 3800 901 3844 :
915 3792 942 3842 et
955 3785 1016 3843 bec
1069 3789 1144 3849 runt,
1160 3787 1235 3839 etse
1252 3780 1301 3839 illo
1329 3780 1432 3840 lumine
1454 3783 1643 3856 prirtrerunt.
1668 3784 1705 3842 Se
1731 3798 1800 3843 vcro
1823 3783 1875 3841 illo

209 3890 261 3947 pro
285 3874 379 3942 rebus,
395 3890 466 3949 ques
493 3874 707 3931 administraturi
720 3882 793 3943 sunt,
808 3881 926 3931 mutent.
945 3872 1016 3933 iiiuc
1068 3870 1873 3947 prndioprivasse,luitsconscrtiosngelcrumcorruisse:

210 3971 262 4032 est,
279 3964 354 4037 qood
367 3964 483 4022 llicbnel
497 3972 619 4021 ornetur
633 3963 718 4021 losue
732 3966 870 4038 apperuit,
884 3978 947 4021 cnm
960 3964 1014 4037 po'·
1068 3960 1140 4019 risio
1153 3959 1228 4017 onim
1240 3961 1293 4018 Dei
1306 3966 1349 4018 est
1362 3960 1493 4035 gaudium
1508 3962 1666 4021 beetorurs.
1681 3965 1767 4022 Porro
1791 3962 1875 4022 electi
1966 3978 1967 4001 ¹

208 4053 275 4126 pulo
299 4053 349 4111 Dei
375 4053 403 4109 in
427 4053 595 4124 sdjutorium
621 4054 708 4111 venit.
727 4052 840 4111 Gabriel
854 4069 963 4127 quoque
985 4054 1015 4110 in
1068 4048 1207 4118 homines,
1237 4048 1283 4124 qni
1307 4050 1397 4123 ipsum
1425 4051 1559 4124 pendium
1586 4052 1743 4125 percepturi
1756 4061 1829 4122 snut,
1846 4052 1875 4110 id
1966 4106 1967 4113 ,

211 4139 299 4198 iorms
313 4142 477 4216 cbrysclitbi
491 4143 598 4201 Danieli
613 4142 750 4216 tppsruit,
766 4158 829 4200 cnm
843 4142 945 4200 Christi
967 4158 1015 4200 rs-
1069 4146 1111 4196 est
1137 4138 1184 4214 qui
1206 4138 1275 4197 illud
1301 4139 1396 4195 lumen
1423 4140 1508 4198 visuri
1525 4148 1598 4208 suut,
1613 4157 1669 4215 quo
1694 4142 1746 4215 ipsl
1769 4142 1876 4215 privsti

214 4246 300 4305 gnum
313 4232 518 4304 prenunciavit.
542 4232 666 4305 llspbsel
689 4234 774 4289 etiem
787 4232 881 4290 Tobire
894 4232 1014 4305 precin-
1068 4231 1142 4294 suni,
1157 4239 1213 4283 non
1227 4240 1278 4299 pro
1292 4224 1426 4297 spectetis
1434 4224 1554 4300 sepelis,
1570 4227 1620 4284 ssd
1631 4242 1683 4301 pro
1696 4226 1875 4300 seipsisillud

212 4326 273 4376 ctus
285 4321 422 4391 sppnrnit,
438 4336 502 4379 cum
516 4321 634 4378 &rems
647 4321 795 4388 demonio,
812 4328 915 4395 petrem
929 4338 947 4379 o
959 4336 1014 4380 ese·
1068 4314 1204 4371 videbunt
1221 4329 1228 4370 :
1244 4314 1384 4387 quomodo
1398 4314 1592 4375 misericordes
1619 4314 1672 4390 ipsi
1696 4317 1784 4375 licum
1796 4316 1876 4374 ride-

209 4407 295 4467 citste
308 4408 449 4468 liberarit.
466 4411 604 4469 Nascente
612 4410 730 4469 Domino
739 4427 802 4469 cum
815 4412 918 4469 lumine
929 4427 1013 4485 apps-
1068 4414 1146 4485 bunt,
1162 4430 1244 4487 quem
1267 4413 1442 4474 nibilominus
1455 4415 1541 4474 visuri
1553 4422 1655 4487 essem,
1669 4416 1693 4474 si
1707 4416 1746 4473 ttti
1758 4416 1875 4475 visionis

211 4506 337 4569 ruerunt,
362 4507 391 4555 et
417 4515 452 4559 eo
478 4502 698 4576 resurgentem!
717 4502 885 4560 mccndcme
898 4501 927 4559 in
940 4501 1013 4559 cibis
1067 4511 1121 4571 Dei
1136 4511 1237 4586 prirsti
1251 4528 1308 4571 nou
1322 4512 1518 4573 luissent.Non
1531 4498 1767 4589 sntm'protcstste
1779 4512 1876 4592 angeli

210 4588 359 4646 fulserunt.
378 4588 471 4647 mcc
485 4590 636 4665 illuseris
649 4592 916 4667 rppsmssngeus,
929 4590 1015 4651 sco-
1068 4611 1103 4669 ne
1126 4610 1306 4671 urvo-cue
1328 4611 1437 4685 penus
1451 4612 1592 4683 suuntur,
1608 4614 1658 4672 scu
1672 4612 1701 4671 u
1715 4613 1777 4673 roeo
1799 4631 1874 4691 pu-
1966 4652 1967 4657 Ν

208 4677 342 4825 {12:31¹ss
345 4677 689 4839 'imllffimw
704 4771 781 4843 Μ
790 4772 941 4830 mmm
955 4788 1014 4829 m
1068 4711 1202 4781 dentium,
1219 4712 1304 4773 relin
1318 4712 1399 4783 cmlo,
1414 4713 1470 4771 lton
1483 4720 1535 4787 oct,
1558 4715 1646 4774 benur
1668 4722 1801 4775 retorem
1826 4716 1874 4774 lu-

244 4860 423 4931 persecutis
434 4860 664 4934 formosorpnn'c
680 4860 871 4933 clementes
880 4860 954 4937 qood
963 4860 1016 4919 lto·

248 4948 346 5006 mices
368 4952 432 5021 port
452 4949 696 5008 rescmcticceor
715 4966 799 5009 rcum
816 4966 1016 5025 :cumcorpos
1090 5006 1097 5021 ,
1201 5006 1208 5020 ,
1578 5009 1586 5024 ι
1636 5009 1644 5024 ⁴
1817 5011 1824 5023 ἱ

245 5040 332 5111 prm
346 5037 446 5109 vorm,
455 5037 631 5097 ,3125pr
646 5041 836 5099 flamm,
848 5041 1017 5113 mmm
1070 5006 1125 5077 dno,
1141 5006 1185 5065 rel
1200 5006 1247 5063 rlls
1259 5006 1323 5064 luce
1336 5004 1469 5079 fruuntur,
1481 5025 1534 5081 qun
1548 5008 1588 5067 lllr
1601 5016 1755 5083 parentur.
1766 5010 1875 5071 ldcrreo

1069 4826 1131 4871 cern
1144 4810 1456 4870 ridentiumridcrenon
1468 4820 1626 4871 censentur.
1637 4812 1806 4873 ldeosutsm
1817 4814 1875 4873 ele·
1966 4802 1967 4815 ²

1070 4906 1107 4965 cti
1120 4906 1246 4965 homines
1267 4920 1317 4979 pro
1340 4905 1383 4964 cis
1397 4906 1492 4981 reponi
1505 4906 1645 4977 dicuntm,
1659 4908 1786 4983 quirillo
1799 4924 1875 4986 guu-
1966 4944 1967 4953 κ

246 5126 382 5184 adversm
398 5124 491 5183 dicto.
1071 5104 1138 5163 dixit
1152 5104 1288 5164 Dominus
1301 5104 1405 5161 bomini
1422 5123 1430 5162 τ
1445 5106 1527 5165 intro
1544 5108 1577 5165 irc
1603 5108 1739 5183 pendium
1756 5108 1877 5168 Domini
1966 5150 1967 5183 3

246 5215 343 5273 Sedet
357 5215 501 5273 cnimcbus
516 5229 637 5289 corpore
665 5216 757 5274 exutis
780 5217 871 5275 forma
892 5217 1017 5291 eorporis
1071 5206 1117 5263 toi
1131 5206 1239 5277 (licitis.
1255 5206 1346 5277 xxv);
1362 5204 1426 5279 quis
1452 5204 1584 5281 goudium
1610 5206 1731 5277 Domini,
1754 5206 1877 5266 subnudi

211 5305 342 5374 sdbserct,
357 5304 389 5362 in
403 5320 460 5378 qus
473 5304 563 5363 uideri
577 5306 680 5364 solent.
711 5307 749 5365 Et
774 5307 829 5365 boc
855 5307 1016 5376 nolendum,
1061 5297 1182 5376 Christi,
1213 5312 1255 5361 est
1278 5304 1349 5363 visio
1375 5304 1463 5363 Petris
1478 5304 1529 5363 Dei
1544 5323 1552 5363 ι
1567 5307 1596 5363 in
1610 5322 1773 5381 queomncs
1800 5306 1876 5365 besti

212 5394 288 5468 quod
315 5393 449 5452 boninus
477 5395 559 5452 etiem
586 5402 650 5469 post
678 5395 912 5456 resurrectionem
938 5411 1018 5475 susm
1071 5403 1241 5477 gaudebunt,
1260 5404 1370 5476 quondo
1384 5402 1514 5477 pendium
1528 5403 1687 5463 etlaetitism
1710 5404 1876 5465 obtinebunt

212 5498 315 5556 eorpus
342 5501 423 5541 suurn
450 5484 688 5544 transformaverit
700 5494 783 5559 prout
796 5487 906 5557 voluit;
923 5486 1018 5545 ideos
1071 5508 1099 5559 οι
1115 5499 1204 5577 fugiet
1217 5499 1298 5561 5010,-
1311 5505 1339 5561 ος
1353 5500 1486 5575 gemtem,
1966 5488 1967 5493 ’

212 5571 356 5646 discipulis
382 5575 516 5649 cognosci
537 5591 593 5633 non
612 5576 708 5649 potuit,
723 5576 855 5651 equibus
869 5577 1017 5653 oquudo

213 5658 305 5717 subito
330 5662 451 5720 erenuit.
474 5665 540 5721 liceo
554 5665 590 5723 de
604 5665 745 5737 spiritibus
760 5667 908 5727 sufficient.
926 5669 1017 5742 Supe-
1108 5663 1162 5723 Sed
1175 5660 1248 5721 dicct
1260 5660 1359 5737 siquis
1375 5678 1383 5717 ι
1399 5660 1475 5739 licre
1488 5677 1507 5720 ι
1519 5678 1606 5739 rem
1621 5670 1728 5723 remoto
1749 5663 1795 5723 rel
1822 5664 1876 5723 de·

213 5744 272 5802 rius
294 5746 396 5803 dictum
419 5753 473 5819 est,
502 5752 576 5825 quod
599 5754 682 5811 borno
696 5771 748 5827 pro
768 5765 896 5831 cpostste
916 5756 1017 5832 noreio
1073 5762 1175 5831 iuncto,
1205 5761 1275 5819 slius
1301 5776 1352 5835 pro
1376 5776 1411 5820 eo
1438 5760 1610 5821 constituitur
1624 5782 1632 5831 ς
1647 5762 1689 5821 sic
1703 5762 1805 5838 rupelo
1827 5780 1876 5823 cc-
