3942 6067
196 342 260 425 uo
467 357 617 419 nououu
634 354 885 416 eucosroouu.
904 353 981 411 oro.
1000 352 1091 409 otus
1109 349 1333 410 1.-1)10Isc.
1353 352 1400 411 er
1417 348 1559 409 maroa.

198 494 268 550 Cre.
282 486 474 548 LXXXVIII.
492 486 531 543 Ite
550 482 797 543 cortcurrentiirus.
1006 477 1179 544 APrimnm
1193 476 1299 534 tretium
1310 476 1403 535 eicite.

199 562 265 621 Cae.
280 558 440 619 LXXXIX.
458 558 494 615 De
507 554 684 626 reputariias
699 557 727 609 et
741 551 858 627 epactis.
1048 550 1176 621 Reonum
1189 547 1363 605 Idumorum.

200 636 267 693 Cse.
282 633 347 691 XC.
367 632 439 699 Quot
453 628 528 687 nom
544 628 613 684 tuna
628 626 732 683 licceat.
1083 622 1262 677 Arnanonum

199 707 268 765 cir.
282 703 356 761 XCI.
367 702 450 759 Inna
462 701 530 773 quat
539 696 669 771 partibus
682 712 700 751 a
714 696 772 752 sote
786 692 884 750 distet.
1088 690 1292 761 Troianorum.

199 777 266 833 ctu.
281 775 369 833 XCII.
384 774 416 828 In
431 786 483 845 qao
497 770 576 839 sipno
592 768 660 823 tuna
674 766 723 823 sit.
1088 761 1295 818 Thebanorum.

200 848 267 903 (Ite.
284 842 381 903 XCIII.
398 840 536 899 Deannis
549 836 673 895 Domini.
1086 832 1277 889 Cretensium.

200 918 271 975 Cae.
288 914 383 979 XCIV,
399 914 437 970 De
451 908 611 969 indictione
623 907 810 965 invenienda.
1086 902 1281 975 ducenorum.

155 984 158 991 ’
199 989 266 1045 cae.
281 986 367 1043 XCV.
386 984 424 1039 De
437 982 544 1053 epactis
558 978 745 1036 inveniendis.
1086 974 1234 1041 Italorum,
1250 975 1301 1029 sui
1316 972 1419 1044 ttoyse.

200 1060 267 1115 Ceo.
279 1054 378 1113 XCVI.
392 1053 502 1111 Soteris
516 1065 612 1107 onnus
626 1053 660 1106 ut
673 1048 851 1107 Inveniatur.
1051 1044 1159 1113 Qrscrta
1170 1048 1239 1099 uetus
1253 1042 1366 1100 mundi.

199 1129 267 1187 Cae.
283 1125 391 1185 XCVII.
409 1125 616 1183 concurrentes
630 1120 765 1193 quomedo
777 1120 974 1178 inveniantur.
1050 1118 1177 1186 Iiepnum
1191 1115 1364 1171 Hierusalem
1379 1113 1423 1170 aet
1436 1108 1521 1168 tuda.

199 1200 267 1257 Cae.
283 1194 413 1255 XCVIII.
431 1190 649 1251 Deinoeniendo
663 1190 800 1247 inrecto
1053 1188 1177 1257 Vennum
1192 1185 1292 1242 Isroet.

200 1270 268 1327 Cee.
285 1267 377 1325 XCIX
392 1270 429 1323 Ite
442 1262 611 1321 inveniente
626 1262 702 1333 cyclo
718 1262 805 1318 tuna.
1053 1256 1234 1313 Xacedonum
1247 1256 1297 1313 susi
1313 1255 1390 1312 Onia.

201 1342 269 1399 cto.
285 1341 315 1395 C.
327 1340 365 1395 De
379 1337 465 1393 annis
480 1339 510 1391 et
524 1333 620 1407 cyclis.
1051 1326 1236 1383 titanorum.

201 1413 269 1469 Cae.
285 1409 332 1467 CI.
351 1410 390 1464 Ite
403 1406 528 1463 etnoiim
551 1404 740 1461 terrninorum
762 1402 960 1459 Inueniuntur.
1051 1398 1224 1455 Alienorum
1237 1398 1288 1454 sui
1302 1398 1446 1455 Sanuone.

200 1483 268 1539 Cur.
285 1478 343 1536 CII.
359 1480 398 1534 Ite
413 1477 536 1534 termino
551 1474 693 1531 Pascnati.
1052 1470 1252 1525 uenenorum.

200 1553 268 1609 Cae.
288 1548 358 1607 CIII.
375 1550 413 1606 De
427 1544 792 1629 terminoseptuuqesimce.
1053 1538 1161 1609 Quirite
1173 1542 1255 1595 atas.

202 1622 274 1679 Car.
293 1620 365 1677 CIV.
384 1620 423 1675 De
438 1615 693 1701 Quadrupesimate.
1052 1611 1074 1667 a
1107 1625 1179 1665 num
1194 1609 1422 1683 BaipIoniorum.

201 1692 269 1749 Cae.
285 1690 340 1747 CV.
356 1692 394 1747 De
410 1685 621 1759 impotionatus.
1112 1694 1253 1737 arsurum.

202 1762 269 1819 Ceo.
286 1760 354 1817 CVI.
370 1760 409 1817 Ite
422 1759 599 1815 Pentecoste.
1087 1750 1281 1809 Alexandria.

202 1832 269 1889 cm.
284 1829 367 1889 CVII.
383 1832 422 1886 Ite
435 1828 575 1884 Adventu.
800 1880 804 1889 ,
1088 1820 1185 1893 syrte.

201 1903 269 1959 Cur.
285 1900 380 1958 CVIII.
397 1901 435 1955 tte
449 1897 622 1956 embolismo.
1012 1882 1040 1943 B
1055 1892 1188 1949 amentes
1204 1895 1232 1948 et
1245 1890 1405 1948 metatores
1419 1892 1521 1957 arne,
1533 1886 1584 1945 sat
1600 1883 1740 1956 contuse.

201 1972 268 2030 Ceo.
283 1972 355 2030 CIX.
373 1970 410 2029 De
424 1968 520 2027 dietus
534 1966 717 2041 AEpypttacis.
1053 1964 1093 2020 tte
1104 1962 1307 2019 sacerdocium.

481 2072 584 2132 LIBER
601 2072 750 2131 TERTIUS
1054 2033 1456 2175 {acxiauffrstffisnrincdgsartius
1470 2106 1550 2161 tione.
1569 2113 1656 2173 usque
1670 2095 1707 2154 ad
1719 2094 1852 2152 Foedere·

463 2195 514 2237 seu
533 2192 730 2236 oeconomum
1093 2190 1159 2231 eum
1171 2174 1194 2230 t.
1213 2174 1441 2233 cnrnttauorun
1452 2172 1623 2247 persecutio.

414 2286 782 2347 circumstances..
1055 2242 1368 2387 &mmmm-

201 2392 301 2451 Prima
314 2391 394 2447 murt.
1119 2388 1351 2456 rtapersecutto.

201 2462 333 2521 &cunda
347 2462 439 2542 atas..
1080 2455 1164 2511 uinta
1177 2457 1346 2526 persecutio.

202 2537 330 2607 Itepnum
344 2532 536 2601 Assyriorum.
1058 2526 1333 2597 Sectupersecutic.

239 2602 443 2677 AEpppttcrum.
1050 2594 1178 2669 Septinm
1191 2598 1351 2668 persecutio

238 2672 392 2731 Arcadum.
1059 2665 1348 2737 Octampersecutia.

208 2746 302 2803 Tertia
317 2746 401 2799 atus.
456 2774 460 2782 ·
1058 2737 1138 2793 Nona
1147 2738 1316 2808 persecutio.

206 2818 339 2888 Tempora
354 2813 498 2871 Indicum.
1057 2806 1171 2864 Decimo
1186 2810 1354 2881 persecutio.

282 3068 485 3132 EPISTOLA
506 3067 739 3131 CHRISTIANI
759 3068 814 3129 AD
834 3065 1056 3133 HONORIUM
1077 3064 1326 3128 SOLI'I’ARIUM
1346 3063 1401 3124 DE
1428 3060 1603 3125 IMAGINE
1624 3058 1769 3122 MUNDI.

239 3203 407 3277 Septisormi
424 3202 535 3276 Spiritu
547 3204 581 3258 in
595 3202 676 3259 trina
687 3200 742 3271 fide
755 3200 914 3269 ittustrutm
929 3214 964 3255 ac
978 3200 1106 3271 septenis
1120 3197 1192 3270 ripis
1206 3194 1522 3269 trifarioepnitosopktce
1536 3196 1685 3264 mundato,
1697 3194 1849 3250 Canteriu-

202 3316 267 3368 uua,
282 3304 347 3375 post
365 3300 557 3373 septimanam
573 3296 657 3370 hujucs
672 3297 740 3355 uita
754 3300 861 3371 septem
875 3296 1100 3354 beatitudinibus
1121 3295 1249 3353 taurensi
1270 3299 1299 3351 et
1322 3295 1354 3350 in
1379 3298 1478 3351 octaua
1503 3294 1673 3350 Trinitatem
1693 3294 1726 3351 in
1739 3290 1856 3348 unitate

206 3398 403 3471 contempturi.

244 3496 314 3567 fficio
327 3496 464 3567 inaurant
477 3508 543 3549 curn
556 3491 766 3565 iunoruntttus,
782 3492 953 3565 mmrnntioe
968 3490 1092 3547 tenebris
1104 3490 1241 3558 inootuor,
1255 3487 1361 3545 idcireo
1372 3492 1507 3544 mattam
1531 3486 1734 3559 iuquirempue
1752 3488 1853 3555 uitem,

209 3595 242 3651 ut
256 3604 345 3648 cacus
360 3590 461 3646 ducere
475 3588 582 3645 amem.
603 3586 694 3656 Quare
707 3590 774 3660 quia
788 3590 816 3644 te
830 3590 972 3645 immensa
985 3587 1136 3662 snpientia·
1151 3588 1213 3644 tuce
1226 3588 1432 3657 circumfusum
1447 3600 1591 3659 cuonone,
1600 3600 1666 3640 cum
1675 3582 1856 3641 muttisatiis

206 3688 321 3760 deposco
334 3688 474 3758 quatenus
488 3683 616 3755 utiquam
630 3682 822 3740 scintittutam
837 3686 895 3739 tuce
908 3683 1107 3753 flammicomae
1119 3683 1259 3753 scientiae,
1270 3699 1337 3741 cum
1351 3683 1404 3739 titi
1417 3699 1477 3739 non
1489 3679 1733 3746 minuaturnciIs
1746 3681 1857 3755 imper·

206 3787 262 3841 tias
276 3784 504 3856 :expositionem
518 3780 589 3837 ortis
604 3780 685 3854 quasi
698 3782 730 3837 in
746 3780 850 3838 tatetta
864 3780 943 3839 notis
957 3781 1107 3839 describas.
1125 3780 1257 3837 Itiserum
1270 3781 1349 3837 enim
1370 3781 1486 3837 uidetur
1508 3795 1553 3836 res
1575 3782 1693 3853 propter
1710 3793 1762 3834 nos
1773 3780 1857 3850 fucta

204 3884 327 3959 quotidie
341 3883 477 3956 spectare,
494 3884 600 3937 etcum
613 3880 752 3948 iumentis
764 3880 971 3953 insipientibus
984 3878 1054 3953 quid
1067 3879 1139 3944 stne,
1155 3879 1271 3951 penitus
1286 3878 1429 3950 ipnornre.

496 4026 697 4096 EPISTOLA
717 4026 891 4093 HONORII
912 4030 970 4093 AD
991 4029 1285 4110 CHRISTIANUM,
1309 4032 1364 4095 DE
1385 4032 1547 4096 EODEM.

239 4162 385 4235 &mentia
399 4161 509 4217 alumno
522 4160 613 4217 abdita
627 4158 933 4232 dignosceremini,
949 4160 977 4215 in
991 4158 1107 4217 scientia
1122 4160 1269 4232 profundo,
1287 4162 1379 4235 aitque
1401 4160 1521 4219 hominis
1546 4158 1636 4216 salute
1660 4174 1735 4216 nunc
1747 4157 1855 4229 uiuere.

205 4264 306 4329 etpost
319 4256 347 4312 iu
362 4256 427 4314 Sion
441 4254 608 4322 Dominium.
625 4255 654 4312 in
668 4268 722 4326 quo
735 4268 832 4310 omnes
846 4254 966 4311 mesauri
980 4256 1124 4328 supientia
1138 4264 1166 4313 et
1178 4257 1301 4314 scientia
1315 4265 1378 4314 sunt
1400 4256 1556 4315 absconditi
1576 4255 1657 4313 oculo
1683 4254 1719 4311 ad
1742 4253 1853 4311 oculum

209 4354 318 4411 uidere.

242 4450 310 4506 Cum
322 4450 427 4523 jugiter
437 4448 549 4507 lectioni
563 4448 701 4505 studiosus
714 4448 867 4517 incumbas,
881 4464 913 4507 ac
927 4450 1010 4507 totius
1026 4450 1174 4525 Scriptura
1186 4452 1335 4509 medullam
1350 4450 1505 4509 dtibuodus
1517 4466 1648 4525 exsugas,
1662 4448 1757 4522 poscis
1777 4464 1856 4507 aune

204 4546 381 4617 amicissime,
394 4553 432 4615 ut,
444 4545 674 4618 quemadmodum
689 4546 772 4619 uulgo
785 4546 895 4615 dicitur,
909 4547 985 4618 Quot
998 4550 1057 4605 ocis
1070 4567 1088 4605 a
1102 4566 1191 4623 capra
1202 4551 1321 4624 petierit
1332 4551 1439 4617 tanam,
1455 4548 1539 4607 totius
1551 4548 1628 4605 orbis
1642 4547 1692 4603 tibi
1705 4546 1857 4620 depingam

87 4714 93 4723 ¹
205 4644 360 4713 formulam,
375 4642 403 4699 iu
420 4660 472 4717 qna
485 4644 527 4703 sio
536 4644 644 4701 oculum
658 4644 779 4719 corporis
794 4646 886 4703 valeas
901 4644 1024 4714 reticere,
1039 4645 1112 4705 sieut
1126 4647 1214 4702 risum
1227 4648 1320 4705 cordis
1333 4647 1407 4704 soles
1422 4647 1450 4703 in
1465 4646 1590 4705 machina
1605 4643 1856 4703 universitatum-

202 4756 328 4813 paacere.
349 4739 429 4825 Quod
439 4740 581 4812 segonum
595 4740 697 4801 sudore
709 4740 823 4814 plenum
837 4742 897 4815 ipae
911 4742 1010 4799 melius
1019 4742 1104 4810 nostI,
1117 4759 1202 4814 quam
1211 4743 1247 4799 sit
1255 4742 1436 4812 laboriosum,
1445 4758 1584 4816 quemque
1592 4740 1794 4813 periculosum.
1802 4740 1857 4797 La·

201 4837 342 4895 bonosum
358 4838 467 4911 quidam
482 4837 547 4893 mihi
563 4838 589 4895 io
603 4837 664 4895 aliis
676 4846 810 4912 occupato
823 4858 831 4905 ;
846 4840 1031 4913 peneulosum
1046 4850 1136 4898 autem
1159 4849 1274 4913 propter
1294 4839 1414 4907 invidos,
1439 4839 1486 4911 qui
1506 4847 1603 4895 cuncte
1629 4854 1691 4911 quae
1713 4846 1856 4910 nequeunt

201 4932 311 5001 imitari,
327 4949 382 4990 uon
396 4942 506 4993 cessam
519 4934 689 5003 calumniari,
705 4944 732 4993 et
745 4953 806 5010 quse
820 4936 930 5010 assequi
945 4951 1001 4994 non
1014 4945 1129 5007 possum
1142 4953 1282 4995 venenoso
1297 4938 1388 5005 dente,
1404 4940 1435 4991 ut
1445 4936 1654 5008 setiperhircus
1668 4936 1857 4993 Ieeemeeuan

203 5033 339 5101 omittunt,
356 5040 386 5089 et
399 5048 432 5089 ea
447 5048 508 5106 qun
522 5033 632 5106 publice
646 5041 776 5108 arguunt,
793 5034 892 5091 Iustius
906 5034 1010 5091 intente
1018 5034 1124 5108 tegunt,
1134 5043 1216 5108 atque
1227 5036 1263 5092 de
1274 5036 1369 5093 tubere
1378 5042 1476 5091 nostro
1486 5034 1538 5091 sibi
1549 5035 1689 5092 mieutim
1699 5042 1854 5107 usurpant:

203 5147 296 5205 quem,
310 5138 340 5187 ut
355 5146 419 5188 sues
433 5130 605 5204 margaritae,
622 5132 739 5205 pedibus
754 5132 923 5205 proculcant.
939 5132 1050 5189 Etenim
1065 5148 1132 5190 vero
1144 5148 1207 5190 eum
1224 5148 1278 5189 non
1292 5132 1383 5189 solum
1396 5132 1524 5189 laborem
1537 5147 1639 5200 meum.
1664 5131 1713 5189 scd
1739 5140 1767 5189 et
1788 5146 1852 5187 nue-

200 5226 290 5299 ipsum
304 5228 353 5285 tibi
367 5226 481 5285 debeam
496 5228 663 5300 (prasertim
675 5245 738 5286 eum
753 5246 797 5288 ma
811 5244 867 5285 non
881 5228 946 5285 mihi
961 5228 1024 5298 soii,
1039 5230 1090 5285 sed
1105 5231 1156 5287 toti
1168 5230 1272 5288 muodo
1284 5228 1410 5305 genitum
1422 5228 1588 5303 intelligam)
1601 5229 1729 5285 omittens
1742 5225 1853 5285 inuidos

200 5324 384 5392 tabescentes,
401 5342 455 5383 non
470 5342 526 5394 me,
540 5324 590 5383 sed
604 5326 711 5397 seipsos
726 5326 809 5383 livido
823 5326 908 5385 corde
935 5326 1124 5395 corrodentes,
1141 5328 1227 5384 ardua
1239 5326 1392 5401 aggredior
1405 5325 1559 5383 molimine.
1579 5324 1651 5397 Quia
1664 5325 1853 5399 improbasti·

202 5420 266 5487 bor,
282 5421 337 5478 imo
350 5424 472 5480 charitas
485 5424 570 5481 viueIt
582 5424 683 5495 omnia,
698 5424 735 5481 nd
749 5426 957 5482 instructionem
973 5424 1065 5497 itaque
1078 5426 1235 5497 multorum,
1249 5426 1348 5499 quibua
1361 5425 1440 5483 deest
1453 5424 1533 5497 copia
1547 5425 1691 5494 librorum,
1707 5424 1752 5481 hic
1768 5401 1853 5479 tibet-

202 5516 246 5573 Ius
258 5516 364 5585 matur,
380 5534 535 5593 nomenque
549 5520 574 5577 ei
588 5520 681 5593 Imapo
695 5522 795 5579 mundi
809 5522 929 5589 iactetur,
945 5538 978 5579 aa
993 5522 1068 5595 quod
1090 5524 1234 5597 dispositio
1258 5524 1342 5581 totius
1365 5523 1443 5579 orbis
1463 5522 1493 5578 in
1516 5538 1560 5593 eo,
1584 5522 1663 5596 quasi
1688 5521 1717 5578 in
1738 5520 1851 5593 speculo

200 5613 405 5686 conspiciatur:
421 5615 449 5672 iu
462 5632 518 5690 quo
547 5618 630 5675 ctiam
645 5626 746 5675 nostrae
759 5618 884 5676 amicitia
898 5618 1000 5693 piffuus
1014 5620 1133 5693 posteris
1147 5620 1327 5701 relinquatur.
1347 5618 1398 5681 uie
1412 5618 1479 5675 nihii
1493 5627 1584 5682 autem
1597 5618 1627 5676 in
1639 5634 1673 5676 eo
1687 5634 1773 5697 pono,
1791 5616 1845 5679 nisi

197 5710 271 5786 quod
287 5710 422 5805 maiorum
436 5716 610 5775 commendat
625 5714 746 5775 traditio.
