3942 6067
222 240 252 294 71
525 238 675 296 HONORll
694 238 943 299 AUGUSTODUN.
964 240 1046 298 ΟΡΡ.
1064 245 1151 303 PARS
1173 250 1194 304 l.
1211 250 1349 308 nlnnsc.
1365 251 1410 307 ET
1424 239 1563 308 disson.
1831 254 1868 311 72

215 375 248 417 eo
264 361 318 417 sint
332 361 392 418 dies
407 370 433 418 et
456 369 560 419 noctes.
577 363 655 419 Hnrrc
668 364 696 417 in
713 372 830 435 quatuor
850 365 956 437 physici
971 366 1015 421 di·
1028 370 1051 425 d
1065 368 1093 425 in
1108 373 1201 428 medio
1215 374 1328 441 zodiaci,
1346 375 1392 448 qui
1406 378 1483 433 locus
1498 372 1640 447 eclipticus
1660 372 1768 431 dicitur.
1785 375 1865 431 Luna

213 450 345 519 viserunt,
360 466 377 507 a
391 468 446 508 nou
464 461 558 524 aparte
572 451 669 520 noctis,
685 466 771 525 usque
787 452 821 507 ad
833 454 938 509 tertiam
953 454 1018 510 diei'

214 540 328 609 usualis,
345 541 463 597 calidum
479 549 505 597 et
519 539 658 596 humidum
673 557 735 596 esse
749 542 881 609 dicentes,
898 559 914 599 a
930 545 1011 600 tertia

213 630 268 686 diei
283 630 385 686 usualis
400 646 485 703 usque
499 644 600 685 nonam
613 628 731 685 calidum
746 637 773 685 ει
789 630 901 698 siccum,
914 647 930 687 a
941 648 1012 689 nona

214 720 340 787 ejusdem
354 735 440 791 usque
454 719 487 773 ad
502 718 610 773 tertiam
626 718 723 783 noctis,
743 717 872 789 frigidum
884 728 910 776 ει
924 721 1014 777 hurni-

213 804 288 859 dnm.
306 804 371 859 lnde
385 802 528 875 contingit,
545 802 618 874 quod
641 804 765 874 quaedam
787 804 959 862 infirmitates
983 807 1011 861 in

213 891 329 950 diversis
344 891 464 963 partibus
475 892 607 959 ejusdem,
621 892 697 962 pejus
713 899 739 947 ει
755 892 850 948 melius
861 894 1012 951 secundom

213 982 371 1054 praedictam
383 980 517 1036 rationem
525 982 564 1036 'de
575 980 746 1052 temporibus
760 981 887 1039 babeant.
902 983 1012 1041 Usualis

211 1085 276 1127 vero
290 1068 349 1125 dies
363 1076 404 1125 est
418 1068 544 1141 spatium,
561 1084 613 1141 qno
628 1067 670 1125 sol
685 1070 720 1125 ab
735 1078 797 1126 ortu
821 1072 856 1127 ad
879 1087 1010 1129 occasum

210 1158 338 1214 refertur.
359 1160 436 1215 Hunc
449 1164 478 1215 ut
493 1157 652 1225 naturalem,
670 1166 785 1230 quatuor
799 1160 889 1216 modis
904 1160 1009 1218 divise-

210 1255 285 1303 runt.
315 1247 405 1303 Prima
426 1246 499 1302 enim
519 1254 598 1318 parte
621 1247 704 1314 illiue,
731 1247 773 1303 sol
797 1249 885 1315 rubet,
909 1251 1010 1307 deinde

209 1337 343 1407 splendet,
365 1345 460 1407 postea
485 1336 565 1402 colel,
596 1336 631 1391 ad
658 1336 784 1392 ultimum
809 1338 953 1394 descendit
982 1346 1010 1395 et

209 1427 296 1491 tepet.
317 1420 382 1474 lnde
398 1428 438 1474 est
453 1419 525 1491 quod
539 1419 567 1473 in
580 1418 681 1475 fabulis
697 1431 813 1492 quatuor
823 1423 887 1495 equi
903 1423 1008 1479 Pboebo

209 1508 409 1575 attribuuntur,
426 1508 536 1563 nomina
559 1508 700 1580 praedictis
728 1510 879 1567 rationibus
903 1526 1009 1569 conre-

207 1598 310 1653 nientia
324 1597 490 1653 obtinentes.
511 1598 618 1652 Primus
642 1614 742 1670 nempe
764 1599 865 1657 dicitur
884 1609 1006 1670 exactus,

207 1684 300 1753 idest,
319 1686 429 1753 rubeus,
447 1690 584 1742 secundus
599 1686 712 1755 lacteus,
729 1688 758 1743 id
780 1696 829 1757 est,
848 1689 1007 1761 splendens,
1030 1724 1050 1779 B

1067 476 1133 517 vero
1146 462 1196 517 sub
1211 463 1309 519 eodem
1325 464 1365 521 sic
1380 464 1467 535 posita
1482 472 1534 530 est,
1550 464 1635 535 quod,
1658 464 1682 519 si
1703 464 1776 520 linea
1798 464 1863 521 diri·

1066 559 1189 622 geretur,
1203 551 1255 608 iret
1268 569 1319 625 per
1334 553 1453 609 medium
1467 552 1565 609 solaris
1580 560 1607 608 ει
1624 552 1696 609 lunae
1713 561 1741 609 et
1759 554 1864 611 terreni

1066 640 1188 710 corporis
1216 641 1266 698 sic.
1296 644 1371 700 'lunc
1399 644 1464 699 luna
1490 642 1556 699 iacit
1581 642 1656 699 radis
1683 659 1750 699 suos
1779 643 1864 709 elidi,

1066 742 1117 785 nec
1131 730 1165 784 ad
1181 738 1283 787 terram
1306 732 1413 788 obtectu
1434 730 1540 787 lunaris
1562 729 1688 802 corporis
1709 732 1799 804 possit
1812 732 1864 788 de-

1065 818 1212 890 scendere.
1233 820 1299 876 lude
1313 829 1356 877 est
1370 821 1443 893 quod
1458 836 1606 893 numquam
1628 819 1681 876 nisi
1702 820 1729 876 in
1749 820 1865 894 triginta

1063 904 1128 963 luna
1142 909 1292 982 contingat,
1309 910 1374 982 quia
1388 909 1443 967 alio
1458 908 1514 976 die,
1536 926 1592 966 non
1615 917 1658 965 εει
1678 917 1755 967 recto
1779 909 1864 965 modo
1958 975 1959 978 Ἴ

1064 992 1204 1063 supposita
1220 994 1281 1050 soli.
1297 994 1358 1050 Non
1374 1002 1464 1050 tamen
1478 994 1556 1051 omni
1569 992 1709 1050 tricesima
1728 994 1794 1051 luna
1809 996 1863 1051 boc

1064 1082 1211 1155 contingit.
1230 1082 1285 1139 Sed
1299 1082 1515 1156 quotiescunque
1529 1082 1671 1157 contingit,
1687 1082 1716 1137 iu
1740 1099 1772 1141 ea
1792 1098 1863 1139 con-

1065 1168 1157 1242 tingit.
1175 1170 1203 1225 Si
1218 1171 1290 1227 cuim
1305 1172 1333 1227 in
1348 1173 1487 1229 tricesima
1512 1172 1556 1228 die
1576 1171 1652 1240 luna,
1677 1172 1715 1229 ita
1737 1172 1865 1245 opposita

1065 1258 1125 1325 soli,
1143 1260 1216 1331 quod
1229 1260 1268 1316 sit
1279 1260 1448 1334 aliquantum
1468 1276 1565 1317 versus
1587 1276 1728 1327 cancrum,
1745 1262 1864 1317 alierum

1064 1363 1164 1403 versus
1182 1349 1382 1421 capricornum,
1408 1367 1463 1407 non
1482 1357 1573 1422 potest
1590 1349 1655 1405 luna
1678 1349 1748 1406 Solis
1770 1350 1864 1405 risum

1063 1438 1091 1489 et
1105 1433 1269 1490 descensum
1283 1436 1423 1492 radiorum
1439 1436 1518 1491 nobis
1532 1434 1652 1491 auferre.
1669 1435 1732 1503 Sed,
1749 1435 1813 1508 quia
1827 1433 1864 1491 de

1064 1521 1124 1577 sole
1137 1539 1186 1594 pro
1200 1540 1282 1595 posse
1296 1531 1389 1582 nostro
1410 1524 1601 1593 disseruimus,
1621 1523 1719 1581 deinde
1741 1524 1776 1580 de
1798 1522 1863 1579 luna

1064 1609 1242 1670 disseramus.

208 1774 304 1831 tertius
318 1775 435 1847 lampas,
451 1776 479 1831 id
494 1784 546 1843 est,
569 1776 680 1843 ardens,
707 1785 822 1849 quartus
846 1778 1003 1851 Philogens,
1060 1797 1126 1855 epp·
1144 1798 1248 1856 χχχι,
1260 1830 1294 1840 ,,
1306 1798 1397 1867 Qum
1413 1800 1482 1856 pm„
1497 1816 1555 1857 πω,
1566 1799 1667 1857 hamt
1679 1800 1861 1873 ,ppempm-,m

207 1862 301 1931 idest,
318 1873 542 1921 amansterram.
569 1866 599 1919 ln
624 1866 683 1920 istis
707 1866 848 1921 usualibus
873 1868 954 1923 tertio
976 1868 1006 1922 in

206 1965 277 2005 anno
305 1949 468 2023 contingunt
494 1950 683 2017 diversitates,
714 1951 859 2024 aliquando
886 1969 1005 2025 numque

99 2080 106 2095 .
207 2048 270 2095 sunt
284 2039 401 2110 aequales
425 2040 560 2107 noctibus,
584 2038 734 2113 aliquando
753 2041 925 2113 prolixiores,
951 2041 1004 2097 ali-

207 2122 318 2201 quando
332 2128 484 2185 breviores.

1113 1890 1141 1943 ei
1157 1889 1280 1946 colorem
1295 1909 1304 1944 .·
1320 1892 1350 1944 al
1364 1889 1397 1945 de
1412 1891 1558 1947 novilunio
1573 1893 1602 1947 et
1615 1888 1796 1963 plenilunio.

1094 2050 1173 2105 Luna
1185 2050 1271 2122 igitur
1284 2067 1318 2107 ex
1331 2052 1531 2124 propinquitate
1559 2068 1638 2125 aquas
1651 2060 1679 2108 ει
1692 2059 1774 2108 terrae
1787 2050 1864 2123 spis-

1057 2138 1114 2193 sius
1129 2138 1211 2195 babet
1226 2156 1335 2211 corpus,
1353 2157 1434 2213 quarn
1459 2151 1565 2199 caeterae
1589 2142 1684 2211 stellae,
1701 2139 1774 2199 uude
1796 2156 1856 2196 noa

206 2229 273 2285 Gne.
289 2228 394 2285 XXIX.
411 2260 446 2269 -—
463 2228 540 2287 Unde
555 2230 733 2303 oeqnclitotcr
748 2233 777 2286 et
791 2230 1004 2303 temporalitater
1055 2227 1138 2283 habet
1151 2229 1291 2300 proprium
1305 2230 1483 2299 splendorem
1498 2240 1525 2286 ει
1539 2231 1668 2298 calorem,
1685 2230 1733 2285 sed
1759 2245 1775 2285 a
1797 2230 1861 2285 sole

543 2318 665 2374 dieram.
1055 2318 1226 2374 accenditur.
1242 2319 1270 2374 Si
1285 2320 1358 2373 enirn
1374 2322 1513 2390 proprium
1524 2320 1639 2375 baberet
1649 2318 1779 2385 calorem,
1792 2334 1857 2375 cum

240 2416 341 2471 Harum
355 2414 542 2471 diversitatum
557 2414 616 2470 haee
636 2428 719 2470 causa
743 2421 793 2469 est,
819 2415 886 2471 cum
910 2415 951 2471 501
974 2416 1003 2470 in
1053 2405 1144 2462 vicina
1158 2407 1192 2460 sit
1202 2415 1292 2474 terrae,
1305 2424 1354 2478 per
1364 2408 1489 2479 singulos
1499 2424 1619 2474 menses,
1632 2415 1730 2464 castum
1740 2407 1854 2474 caloris,

206 2503 369 2560 hiemalibus
385 2504 472 2574 signis
486 2511 538 2573 est,
556 2510 645 2559 rumor
659 2509 750 2572 term,
766 2504 812 2575 qui
835 2513 877 2559 est
900 2504 926 2559 ῑῃ
942 2520 1002 2559 me.
1052 2493 1139 2567 irigus
1155 2496 1252 2550 hiemis
1266 2495 1294 2551 in
1308 2507 1409 2552 terram
1432 2506 1538 2571 ageret,
1557 2505 1688 2569 tanquam
1711 2497 1853 2553 continuis

203 2587 249 2644 dio
263 2588 373 2643 torridae
388 2603 473 2653 zonae,
491 2587 623 2642 internos
639 2586 756 2642 etillum
780 2587 896 2658 positus,
912 2587 1002 2643 aniert
1052 2584 1297 2656 inaequalitatibus,
1322 2585 1390 2640 nihil
1415 2586 1507 2641 virere
1536 2594 1643 2658 posset.
1668 2586 1763 2641 Cernit
1785 2600 1856 2656 ergo

201 2676 291 2743 nobis,
308 2693 343 2733 ne
358 2676 432 2731 illum
449 2674 502 2732 cito
523 2675 666 2731 videamus
687 2684 714 2731 ει
736 2692 820 2732 consa
838 2684 889 2745 est,
917 2692 1001 2749 quare
1053 2674 1201 2744 splendore
1217 2682 1243 2729 at
1257 2674 1360 2740 calore,
1376 2690 1393 2729 a
1407 2676 1466 2731 sole
1480 2682 1573 2731 tamen
1591 2674 1767 2746 superposito
1789 2673 1859 2728 illu-

203 2766 238 2821 ab
253 2766 338 2822 oculis
353 2766 454 2820 nostris
469 2764 616 2833 auferatur,
639 2765 703 2820 inde
718 2765 827 2820 brevius
849 2773 891 2820 est
906 2766 1001 2836 splen·
1052 2770 1166 2828 stratur,
1184 2779 1240 2817 non
1254 2770 1347 2819 tamen
1357 2779 1468 2834 semper
1477 2764 1629 2836 aequaliter.
1642 2765 1691 2819 sed
1702 2762 1784 2819 modo
1794 2770 1861 2833 post

200 2854 251 2909 dor
264 2856 322 2921 ejus
337 2854 409 2923 apud
425 2868 475 2908 nos
488 2870 570 2922 snper
587 2861 688 2907 terram
707 2870 712 2907 :
731 2862 756 2909 et
772 2853 812 2909 sic
825 2853 885 2908 dies
902 2854 1000 2909 umbra
1052 2852 1244 2916 novissimum,
1262 2852 1343 2907 modo
1358 2852 1546 2923 plemluuiom,
1571 2854 1654 2909 modo
1675 2852 1857 2908 interlunium

204 2942 314 3007 orolixa,
331 2950 357 2997 et
371 2942 434 2995 ideo
448 2956 514 2996 uox.
538 2941 592 2997 Sed
608 2942 719 3012 quando
743 2948 784 2996 est
799 2941 826 2996 in
845 2958 955 3001 cancro.
973 2951 1001 2997 ct
1054 2936 1106 2991 hot
1120 2936 1158 2990 ila
1172 2934 1241 2990 steri.
1259 2937 1358 2992 Dicunt
1378 2937 1501 3009 quidam,
1524 2938 1598 3009 quod
1619 2952 1675 2993 uon
1689 2944 1731 2992 est
1746 2952 1856 3007 suppo·
1958 2975 1959 2978 ,

201 3030 230 3085 in
245 3030 305 3085 aliis
318 3028 485 3084 estivalibus
500 3028 596 3101 signis,
614 3030 676 3101 quia
686 3029 752 3084 citra
766 3038 901 3087 tumorem
918 3040 1000 3087 terrae
1052 3024 1105 3078 sila
1119 3024 1179 3091 soli,
1196 3024 1224 3078 in
1238 3025 1335 3080 eodem
1348 3025 1438 3098 signo.
1455 3042 1512 3096 prae
1526 3026 1611 3082 nimio
1625 3025 1774 3097 splendore
1790 3040 1856 3081 eam

200 3118 330 3185 nascitur,
351 3118 404 3173 cita
419 3118 446 3171 in
461 3132 541 3173 mane
554 3118 669 3185 videtur,
683 3126 708 3173 et
720 3119 796 3175 tarde
809 3118 844 3173 ab
854 3120 940 3175 oculis
956 3136 1000 3175 ao·
1054 3112 1206 3179 obscurari,
1224 3128 1275 3169 aec
1287 3130 1369 3185 posse
1383 3130 1525 3185 apparere.
1544 3115 1599 3171 Sed
1613 3115 1723 3187 quando
1735 3114 1856 3187 elonga-

200 3207 295 3273 fertur,
311 3206 375 3262 inde
390 3206 522 3276 prolixius
538 3214 579 3261 est
595 3207 726 3278 splendor
740 3224 822 3277 super
845 3215 1001 3274 terranei
1053 3202 1125 3255 ture
1140 3200 1203 3257 Sole
1217 3201 1245 3256 iu
1260 3211 1336 3273 parre
1350 3203 1444 3274 incipit
1458 3202 1589 3275 splendor
1603 3219 1749 3276 apparere.
1768 3203 1855 3260 Unde

201 3296 313 3353 brevius
322 3296 427 3351 umbra.
439 3294 546 3351 Eodem
561 3312 626 3351 vero
637 3295 758 3352 inariete
768 3297 811 3353 vel
822 3297 850 3351 in
861 3296 933 3351 libra
944 3296 1000 3352 erri-
1053 3304 1114 3346 cum
1127 3289 1189 3361 plus
1204 3298 1361 3346 remoretur
1374 3308 1391 3346 a
1405 3292 1473 3359 sole,
1497 3293 1587 3362 major
1610 3293 1639 3349 in
1660 3308 1694 3349 ea
1717 3291 1857 3363 splendor

202 3392 299 3453 stante,
316 3386 379 3458 quia
394 3384 535 3457 aequaliter
545 3384 625 3441 distat
635 3400 652 3440 a
662 3385 752 3453 nobis,
763 3384 906 3457 aeqnuliter
917 3402 1001 3456 super
1054 3386 1179 3449 apparel·
1199 3378 1265 3434 Cum
1280 3380 1352 3435 enim
1367 3381 1486 3452 primum
1500 3389 1632 3453 appareat
1656 3398 1691 3437 err
1713 3388 1789 3452 parte
1804 3396 1857 3439 so·

200 3481 316 3541 terram,
333 3473 422 3529 et'sub
437 3481 510 3529 terra
525 3482 577 3541 est,
593 3473 657 3530 inde
670 3482 712 3531 est
725 3474 842 3547 aeqnalis
857 3474 999 3547 splendor,

201 3571 229 3619 et
243 3562 358 3635 aequalis
372 3562 536 3619 obscuritas.

202 3660 268 3716 Car.
284 3658 377 3717 XXX.
389 3691 424 3702 -
436 3660 510 3719 Unde
525 3661 640 3734 eclipsis
648 3661 716 3717 solis
731 3661 779 3727 sit,
793 3661 864 3735 quod
878 3659 999 3734 sicopolis

400 3759 545 3815 mensibus
559 3775 617 3815 non
633 3759 793 3831 ooniinpcl.

234 3852 411 3910 Enumemtis
440 3854 581 3911 affectibus
611 3856 686 3921 solis,
717 3864 772 3913 tam
801 3870 834 3911 ex
860 3855 995 3923 naturali,

199 3958 281 4016 quam
309 3959 342 3999 ex
369 3943 532 4001 accidentali
560 3952 644 4015 motu,
676 3946 713 4001 de
742 3944 838 4017 eclipsi
866 3944 924 4017 ejus
953 3946 998 4001 di·

200 4047 305 4101 camus,
321 4034 404 4101 unde,
422 4042 449 4089 et
464 4049 518 4105 quo
534 4041 658 4107 tempore
673 4032 814 4108 conlingat
833 4034 920 4091 solem
936 4050 998 4092 esse

492 4157 610 4229 Eelipais
625 4158 709 4214 Solis.

1053 3461 1099 3531 lis,
1118 3461 1186 3517 ialsa
1206 3462 1315 3520 ridetur
1342 3480 1437 3521 eornm
1465 3465 1610 3521 sententia.
1634 3465 1724 3521 Nobis
1748 3464 1858 3522 ridetur

1054 3550 1216 3623 quodomne
1229 3552 1394 3609 luminosum
1414 3553 1556 3626 supposito
1575 3554 1668 3626 aliquo
1679 3554 1810 3624 obscuro,
1820 3554 1855 3610 in

1052 3647 1178 3710 opposita
1192 3640 1235 3694 sui
1249 3649 1324 3711 parte
1339 3640 1404 3697 iacit
1418 3642 1554 3709 umbram,
1570 3642 1601 3697 iu
1614 3650 1693 3713 parte
1704 3643 1745 3699 sni
1756 3643 1855 3714 splen-

1053 3728 1157 3794 dorem,
1172 3744 1236 3784 eum
1250 3729 1335 3801 igitur
1348 3730 1413 3785 luna
1427 3747 1497 3803 qnae,
1513 3739 1543 3787 ut
1565 3731 1749 3803 prediximus,
1765 3739 1853 3787 nalu-

1052 3816 1146 3886 ,ubter
1159 3825 1200 3872 est
1214 3817 1343 3886 obscura,
1358 3817 1411 3875 soli
1424 3820 1567 3891 supposita
1592 3821 1620 3875 in
1645 3829 1721 3892 parte
1745 3820 1797 3887 sui,
1821 3820 1856 3876 id

1052 3912 1102 3974 est,
1114 3921 1198 3977 sopra
1212 3907 1299 3963 solam
1313 3908 1388 3977 ponit
1401 3908 1588 3980 splendorem,
1600 3909 1627 3963 in
1641 3908 1769 3981 opposita
1785 3923 1855 3980 par-

1051 4000 1088 4064 te,
1103 3994 1130 4049 id
1143 4004 1186 4050 est
1199 4012 1295 4051 versuo
1310 4005 1407 4052 terram
1430 3997 1494 4053 iacit
1508 4000 1617 4053 ombrm
1632 3996 1704 4053 unda
1727 4013 1745 4054 a
1766 3998 1857 4055 nobis

1051 4078 1116 4135 luna
1128 4095 1185 4135 non
1198 4080 1316 4136 ridetur.
1329 4082 1393 4149 Sed,
1409 4082 1521 4155 quando
1535 4082 1679 4155 elongatur
1692 4098 1708 4138 a
1722 4083 1790 4152 sole,
1807 4082 1854 4137 in·

1052 4167 1117 4238 cipit
1129 4167 1259 4240 splendor
1266 4170 1299 4225 ad
1306 4171 1418 4227 modum
1436 4172 1549 4244 gracilis
1557 4186 1643 4228 cornu
1657 4184 1798 4243 apparere,
1810 4171 1856 4227 di·

1051 4266 1174 4339 citurque
1203 4259 1348 4338 μονοειδὴς.
1373 4269 1536 4342 Quantoque
1549 4268 1611 4341 plus
1626 4270 1774 4345 elongatur
1788 4270 1855 4343 plus

1051 4354 1200 4426 splendens
1214 4358 1365 4425 descendit,
1382 4358 1417 4413 ita
1432 4359 1506 4432 quod
1520 4358 1548 4413 in
1563 4358 1679 4431 septimo
1693 4361 1737 4416 die
1751 4360 1856 4419 diolco·

1012 4422 1036 4481 ⁰
1051 4448 1139 4502 tomos
1154 4446 1263 4516 dicitur,
1279 4448 1308 4503 id
1323 4456 1364 4505 est
1377 4448 1467 4504 diviso
1480 4463 1533 4521 pcr
1543 4448 1680 4506 medinm.
1695 4450 1731 4506 lit
1744 4458 1786 4507 est
1800 4465 1854 4507 no-

1050 4535 1162 4591 tandum
1189 4536 1263 4609 quod
1290 4538 1399 4609 quando
1426 4537 1557 4609 splendor
1585 4537 1726 4595 descendit
1750 4540 1851 4597 umbra

1050 4624 1182 4694 ascendit,
1198 4633 1225 4680 ει
1239 4640 1404 4683 econverso
1420 4643 1427 4682 r
1443 4632 1506 4697 post
1519 4625 1668 4697 septimum
1686 4644 1752 4685 vero
1775 4629 1852 4685 diem

1050 4721 1188 4792 usquead
1214 4721 1352 4779 decimum
1379 4723 1490 4781 tertium
1505 4735 1547 4784 est
1575 4717 1743 4803 ἀμφίκυρτος,
1763 4726 1852 4783 idest

1049 4809 1140 4865 minus
1168 4809 1264 4882 plena,
1293 4821 1321 4869 et
1349 4814 1437 4884 maj0r
1464 4815 1586 4886 dimidia,
1616 4818 1722 4874 decima
1750 4825 1851 4890 quarta

1049 4897 1172 4969 reropie
1186 4901 1251 4971 quia
1271 4918 1321 4972 per
1340 4902 1505 4960 diametrum
1529 4914 1635 4963 remota
1660 4914 1701 4963 est
1727 4922 1743 4961 a
1767 4905 1845 4963 sola.

1049 4986 1129 5055 Quod
1142 4997 1233 5060 potest
1246 4990 1357 5062 probari
1376 5008 1410 5048 ex
1433 4992 1486 5050 boc
1513 4996 1589 5067 quod
1616 4996 1674 5053 sole
1701 4994 1849 5053 occidente

1049 5071 1110 5144 ipsa
1123 5073 1217 5142 oritur,
1230 5075 1289 5143 jam
1303 5084 1360 5133 tota
1374 5076 1473 5132 umbra
1495 5080 1628 5149 ascendit,
1652 5088 1679 5137 et
1702 5080 1850 5138 descendit

1049 5175 1121 5225 totns
1148 5173 1290 5243 splendor,
1319 5182 1415 5248 estque
1448 5166 1623 5250 πανσέλμτοι,
1643 5179 1672 5236 id
1707 5187 1751 5236 est
1785 5180 1848 5253 plc-

1049 5260 1206 5319 nilanlom.
1223 5265 1321 5320 Postea
1334 5280 1401 5321 raro
1417 5264 1511 5340 incipit
1532 5270 1757 5343 appropinquare
1780 5266 1845 5339 soll,

1048 5355 1073 5403 ει
1101 5351 1197 5407 umbra
1227 5353 1408 5426 descendere,
1446 5356 1633 5432 splendorque
1674 5357 1844 5416 ascendere.

1047 5436 1126 5496 Unda
1140 5440 1232 5499 delicit
1246 5450 1374 5501 exuostra
1387 5454 1466 5517 parta
1490 5448 1622 5519 splendor
1635 5456 1662 5505 et
1681 5446 1712 5504 fit
1728 5448 1849 5521 primunt
