3942 6067
96 333 144 386 'iii
596 327 791 388 lin'OSll'll)
814 327 847 380 tx
868 320 1039 377 tJShtnttts
1060 321 1250 377 stttntctos.
1701 307 1752 366 tte

95 457 169 511 stitit.
188 455 243 524 Qui
258 457 294 510 ad
309 455 408 510 lluxunt
425 455 518 511 mortis
534 457 683 514 decurrens
700 455 756 511 ait:
776 455 804 511 Si
818 454 848 508 itt
862 451 901 506 ui·
916 449 943 508 Α
959 449 1105 520 Hucusque
1132 447 1166 502 ele
1190 445 1297 518 capite;
1321 455 1394 497 nunc
1414 439 1555 497 rideamus
1580 437 1615 492 de
1637 451 1754 508 corpore

95 545 149 601 ridi
162 547 265 618 liparo„
278 545 306 600 id
322 551 362 600 εει
377 545 404 599 in
420 543 561 602 fructilero
577 547 629 604 hoc
645 545 741 608 laciet;
757 547 789 600 ire
804 541 894 606 eride,

95 635 119 689 id
135 641 176 688 est
191 635 220 688 in
237 633 322 689 sterili
337 633 403 708 quid
416 635 487 704 fiet?
509 635 562 692 hoc
591 637 700 708 lippum
718 637 757 690 'ire
774 637 898 704 tempore

94 727 225 796 (ratetum
241 723 331 790 dedit,
348 725 413 779 dum
428 725 626 795 reparationem
650 723 759 780 humani
787 719 898 794 generis

97 815 121 867 iu
137 813 270 885 passione
285 799 406 885 protulit.
423 813 511 870 Str-um
525 817 654 886 sructtrm
670 813 731 870 idco
746 805 810 868 dicit
834 811 898 884 qaia

97 901 190 958 nullus
206 901 288 970 alius,
305 901 503 975 qrruntumlihet
517 912 628 960 sanctus
641 921 702 960 eum
718 902 785 959 dare
798 907 895 973 potnit.

96 991 156 1070 iel,
174 990 281 1063 lignum
297 992 359 1048 vitm
372 1000 415 1048 est
428 1009 492 1047 crux
508 993 599 1048 serens
615 993 763 1060 Christum,
780 989 898 1046 lructum

95 1083 165 1136 ritae.
179 1081 230 1136 l'el
246 1081 308 1137 ideo
322 1079 447 1138 Christus
463 1091 636 1154 eomparatur
650 1080 753 1149 arbori,
765 1079 828 1154 quia
843 1079 896 1135 sic-

96 1181 121 1224 ut
139 1171 226 1225 arhor
243 1171 339 1225 umbra
354 1172 481 1244 protegit,
499 1169 585 1228 lructu
600 1171 704 1228 reficit:
721 1171 758 1226 ita
773 1169 897 1225 Christus

96 1261 121 1314 in
137 1261 190 1317 hac
208 1261 262 1316 rita
277 1277 342 1316 suos
356 1261 391 1316 ab
407 1269 473 1316 testu
488 1261 614 1318 uitiorum
634 1261 727 1318 umbra
742 1277 798 1316 suaa
825 1258 896 1314 dile-

95 1349 194 1405 etionis
210 1349 341 1424 protegit,
358 1357 384 1406 et
399 1351 509 1406 eosdem
527 1351 553 1406 in
569 1350 659 1406 lutura
673 1349 818 1406 dulcedine
839 1363 896 1403 sure

95 1439 335 1512 contemplationis
359 1439 533 1498 refocillabit.
569 1441 629 1496 lloc
653 1438 822 1514 significatur
847 1454 897 1508 per

96 1531 202 1604 lignum
223 1529 284 1586 vitre
310 1529 335 1584 in
359 1529 488 1602 paradiso
507 1531 583 1600 juxta
607 1529 740 1586 decursus
763 1543 896 1599 aquarum

94 1619 127 1674 de
151 1619 216 1675 loco
244 1618 390 1690 voluptatis
417 1619 540 1674 salientis
568 1619 716 1690 plantatum
734 1635 740 1675 :
757 1617 791 1674 dc
820 1618 896 1688 errius

93 1709 183 1764 fructu
199 1708 246 1781 ‹pui
260 1705 410 1765 comederit
422 1723 476 1763 non
493 1707 627 1765 morietur
639 1708 667 1764 in
682 1716 828 1764 aeternum.

127 1877 223 1933 Arbor
236 1876 328 1934 crucis
343 1885 386 1933 εει
400 1877 504 1950 lignum
525 1877 587 1934 vitre
610 1877 636 1932 iu
655 1877 794 1949 paradiso,
812 1875 895 1931 idest

94 1967 120 2021 iu
135 1967 276 2028 Ecclesia,
293 1965 441 2038 plantatum
463 1979 543 2022 secus
563 1967 695 2022 decursus
709 1981 852 2038 aquarum,
868 1965 895 2021 id

94 2065 133 2110 est
146 2055 229 2124 juxta
242 2056 345 2112 ltuerrta
360 2057 564 2128 scripturarum
581 2074 587 2110 :
605 2055 667 2128 quia
687 2056 781 2126 passio
802 2054 894 2112 erucis

94 2145 206 2216 impleta
223 2153 265 2201 est
277 2146 353 2216 iaxta
369 2145 507 2217 praeconia
522 2145 727 2217 prophetarum.
743 2142 832 2214 HuJus
848 2157 897 2200 ar-

94 2233 168 2288 horis
185 2233 289 2289 tructus
303 2242 347 2290 est
361 2233 484 2289 Christus
500 2234 527 2288 in
549 2249 581 2290 eo
600 2233 725 2306 pendens
742 2251 748 2287 :
764 2233 798 2289 de
818 2233 896 2303 eujus

94 2339 211 2394 corpore
228 2322 274 2395 qut
285 2323 443 2390 comederit,
455 2339 510 2379 non
525 2325 658 2379 morietur
667 2321 695 2377 in
704 2331 845 2378 aeteruum.
857 2323 897 2378 De

95 2427 149 2485 quo
164 2413 243 2485 liguo
258 2411 383 2467 subditur
398 2413 469 2485 quod
494 2415 622 2486 strictum
648 2427 730 2468 strom
760 2411 836 2467 dulit
865 2413 896 2468 ire

95 2508 297 2575 temporetam.
316 2501 407 2556 Arbor
421 2501 510 2557 erucis
527 2501 643 2559 fructum
658 2501 685 2556 in
706 2517 759 2556 suo
774 2507 897 2572 tempure

96 2591 179 2659 dedit,
197 2591 264 2645 darm
279 2589 306 2646 in
322 2599 443 2663 tempore
454 2590 599 2662 passionis,
617 2591 744 2646 sustinuit
760 2591 896 2646 Christum

96 2695 145 2750 pro
160 2679 252 2735 salute
266 2679 392 2736 humanae
415 2679 617 2750 redemptionis.
645 2681 768 2735 Clu-istus
788 2695 896 2751 (poaque

95 2769 215 2825 lructum
232 2783 312 2824 suunt
327 2769 354 2824 in
369 2777 492 2841 ternpore
504 2785 554 2825 suo
568 2769 653 2838 dedit,
669 2769 734 2824 dum
750 2771 776 2824 iu
791 2769 835 2826 die
853 2785 897 2824 re·

94 2858 287 2925 surrectionis,
305 2857 431 2914 fidelihus
447 2857 533 2914 attulit
544 2858 674 2932 gaudium
686 2868 794 2916 aeterme
805 2859 896 2914 ersnl·

94 2947 222 3012 tationis;
245 2947 364 3003 tructam
379 2947 406 3003 in
421 2957 544 3020 tempore
560 2963 609 3003 suo
625 2947 700 3003 dedit
715 2949 779 3003 dum
800 2948 828 3002 in
854 2949 897 3003 die

93 3037 270 3093 ascensionis
298 3037 454 3093 hominihus
482 3035 582 3094 coelurn
616 3037 743 3094 eontulit.
769 3039 841 3092 Crux
870 3037 897 3092 in

95 3135 223 3198 tempore
237 3143 288 3182 suo
302 3125 419 3182 fructum
433 3123 517 3196 dabit,
534 3141 594 3183 eum
610 3125 637 3180 in
650 3125 752 3196 iudicio
762 3141 897 3198 apparens

954 537 1028 610 quod
1042 537 1083 592 esl
1098 535 1234 593 Ecclesia.

989 662 1131 718 Multitudo
1145 661 1266 717 lidelium
1283 659 1318 713 ah
1334 656 1409 711 initio
1424 653 1519 709 mundi
1532 668 1619 725 usque
1632 652 1660 706 iu
1674 652 1757 706 linem

952 767 1001 808 cor
1014 767 1097 806 uuum
1112 759 1139 806 ει
1151 750 1271 806 animam
1282 761 1363 802 unam
1378 745 1480 799 hahere
1495 741 1641 805 scribitur3
1657 749 1685 798 et
1694 740 1757 796 ideo

952 849 1066 912 propter
1080 841 1212 896 unitatem
1228 838 1292 894 fidei
1308 845 1335 893 et
1358 833 1490 890 unitatem
1508 830 1663 888 dilectionis
1686 847 1757 885 uuus

954 931 997 985 cir
1012 930 1124 984 dicitur.
1141 929 1191 986 llic
1201 937 1244 983 est
1260 926 1361 983 beuter
1375 925 1421 997 qui
1436 922 1490 977 fide
1504 929 1530 977 et
1541 920 1701 992 operatione
1714 928 1756 975 est

953 1017 1113 1074 beatitudini
1130 1025 1212 1090 aptus
1226 1034 1233 1072 z
1248 1017 1294 1071 hic
1313 1023 1357 1070 εει
1376 1013 1421 1069 vir·
1443 1011 1542 1076 dietus,
1564 1009 1630 1081 quia
1652 1008 1755 1065 viribus

953 1108 1081 1163 virtutum
1097 1115 1195 1164 contra
1210 1105 1274 1163 vitia
1288 1112 1330 1160 εει
1353 1101 1497 1157 ιοιιιιειιιε.
1517 1099 1566 1154 llic
1590 1099 1688 1154 heatus
1709 1098 1754 1155 uir

952 1215 1010 1256 reon
1025 1198 1095 1253 atttt
1109 1199 1140 1252 ire
1154 1196 1272 1252 consilio
1288 1194 1451 1266 impierum,
1463 1189 1526 1245 dunt
1538 1186 1626 1243 fidelis
1635 1186 1752 1258 populus

952 1296 1016 1342 ante
1031 1286 1132 1343 Christi
1147 1285 1335 1350 adventum,a
1351 1281 1457 1338 cultura
1469 1278 1519 1333 Dei
1534 1292 1588 1332 uon
1604 1275 1751 1332 declinavit

952 1377 986 1432 arl
1004 1375 1186 1431 idololatriam
1215 1382 1322 1428 terrore
1351 1378 1530 1443 tyrannorum
1558 1365 1602 1421 vel
1627 1364 1753 1421 doctrina

953 1466 1187 1538 philosophorum.
1199 1464 1298 1518 Beatus
1309 1460 1389 1516 etiam
1401 1458 1442 1515 rir
1455 1472 1510 1512 non
1519 1455 1586 1510 abiit
1600 1454 1626 1508 iu
1638 1453 1751 1510 coasilia

951 1554 1108 1626 impiorum,
1130 1553 1195 1608 dum
1213 1559 1273 1622 post
1290 1548 1390 1606 Christi
1413 1547 1561 1602 adrentum
1583 1541 1752 1599 Christianus

951 1642 1068 1714 populus
1085 1641 1249 1698 acatholica
1264 1639 1318 1694 tide
1334 1654 1388 1694 non
1404 1633 1552 1692 declinam
1564 1633 1598 1688 ad
1608 1631 1753 1704 perfidiam

950 1741 1056 1789 terrore
1071 1737 1278 1802 persecutorum
1293 1727 1336 1784 vel
1351 1723 1530 1798 persuasione
1544 1719 1749 1778 haereticorum.

910 1815 935 1876 Β
952 1823 987 1877 El
1002 1824 1033 1879 in
1048 1822 1093 1876 oio
1106 1822 1289 1894 peccatorum
1305 1833 1364 1873 non
1379 1815 1482 1881 stetit‚·
1507 1811 1571 1884 quia
1598 1810 1628 1865 in
1655 1824 1751 1865 errore

952 1922 1007 1963 non
1023 1906 1068 1961 diu
1082 1903 1236 1977 permansit
1251 1902 1300 1958 sed
1314 1901 1368 1958 cito
1386 1916 1437 1972 per
1460 1914 1522 1954 eam
1538 1894 1653 1952 transiit.
1671 1893 1704 1948 lit
1720 1895 1752 1949 ire

951 1996 1086 2052 cathedre
1100 1995 1276 2068 pestilentie
1290 2008 1348 2048 rien
1371 1989 1455 2056 redit,
1479 1986 1542 2059 quin
1570 1983 1750 2040 idololatriam

951 2085 995 2142 vel
1011 2084 1139 2141 haeresim
1154 2099 1208 2139 non
1222 2080 1327 2169 docuit.

972 2189 1037 2250 ¹llic
1052 2201 1108 2249 tres
1123 2191 1247 2256 virtutes,
1264 2189 1343 2254 tides,
1360 2203 1424 2259 spes
1434 2195 1462 2242 et
1474 2183 1595 2241 charitas
1609 2188 1748 2247 notantur,

951 2295 1000 2350 per
1015 2293 1084 2351 quas
1108 2275 1225 2348 populus
1254 2272 1423 2330 credentium
1452 2268 1599 2341 repatriare
1627 2273 1749 2323 conatur.

952 2366 1021 2438 Quia
1035 2365 1109 2422 eninr
1124 2366 1210 2422 Deum
1227 2379 1318 2420 rerum
1333 2374 1360 2418 et
1375 2377 1458 2417 tinum
1479 2357 1606 2422 credidit,
1628 2356 1690 2411 ideo
1714 2355 1751 2410 ad

951 2454 1133 2512 idololatriam
1150 2454 1195 2510 vel
1210 2451 1336 2508 haeresim
1358 2467 1413 2506 non
1437 2448 1525 2504 abiit:
1543 2455 1569 2502 et
1584 2445 1646 2518 quia
1660 2443 1751 2498 lutura

952 2547 1022 2602 hona
1038 2543 1165 2616 sperarit,
1182 2543 1245 2597 ideo
1260 2542 1287 2596 in
1301 2555 1393 2596 errore
1407 2554 1462 2594 nou
1476 2536 1566 2599 stetit;
1583 2535 1610 2589 in
1621 2534 1662 2589 ria
1676 2532 1749 2588 euim

951 2643 1127 2706 peccatorum
1142 2640 1226 2697 stare,
1242 2639 1284 2686 εει
1299 2630 1327 2684 in
1341 2643 1436 2684 errore
1449 2626 1612 2698 perdurare.
1629 2623 1663 2678 Et
1686 2623 1749 2695 quia

951 2725 1043 2798 legent
1059 2723 1108 2777 llei
1131 2721 1234 2787 dilexit,
1260 2719 1321 2774 ideo
1349 2717 1377 2771 in
1405 2714 1531 2771 doctrina
1559 2711 1669 2768 malitiae
1694 2728 1749 2768 oon

952 2813 1036 2869 sedit.
1055 2813 1107 2870 Sed
1123 2814 1153 2867 m
1170 2813 1227 2882 lrpe
1242 2809 1356 2864 domini
1370 2807 1503 2864 coloratos
1518 2805 1589 2875 ejas,
1606 2802 1746 2866 subaudis,

951 2900 1123 2974 complendi.

987 3029 1041 3082 Lex
1057 3023 1169 3080 Domini
1183 3031 1224 3079 est
1238 3023 1359 3092 allapsa
1371 3018 1456 3076 reteri
1467 3017 1569 3090 populo
1579 3017 1749 3088 conseriptn;

952 3116 995 3172 lex
1010 3115 1092 3170 etiarn
1108 3111 1216 3169 ourani
1230 3117 1294 3166 suut
1307 3108 1458 3180 Erungelia
1472 3121 1544 3164 noxa
1563 3105 1665 3178 populo
1687 3121 1752 3161 cre-

93 3215 231 3270 Christum
245 3231 297 3287 pro
311 3215 431 3270 humano
447 3231 549 3287 genere
563 3215 891 3286 pessumdemonstrahit.
912 3181 935 3242 C
952 3205 1020 3261 dita.
1041 3203 1142 3274 Populi
1156 3201 1244 3257 tidelis
1258 3208 1322 3256 aute
1337 3197 1437 3255 Christi
1459 3197 1605 3252 adrentum
1627 3195 1751 3252 voluutas

93 3305 221 3360 rzmtstus
236 3303 353 3361 trucium
370 3321 448 3360 suum
464 3305 490 3359 iu
507 3311 631 3376 tempore
656 3321 704 3359 suo
727 3305 812 3369 tanti,
836 3321 895 3360 curu
951 3295 977 3350 in
992 3293 1055 3366 iege
1069 3292 1178 3348 Domini
1193 3291 1252 3358 luit.
1269 3290 1333 3345 uum
1347 3284 1559 3357 munaututegts
1570 3284 1684 3356 imptere
1695 3291 1752 3338 sru-

93 3403 154 3462 post
167 3395 302 3463 judicium
326 3393 479 3450 Ecclesiam
507 3393 641 3465 sanguine
665 3409 714 3448 suo
736 3393 893 3465 aeonisitam
950 3383 1008 3439 duit
1026 3401 1031 3436 :
1048 3382 1141 3455 populi
1156 3379 1303 3438 Christiani
1317 3377 1441 3433 voluntas
1457 3376 1485 3430 in
1496 3375 1558 3446 lege
1569 3373 1678 3430 Domini
1689 3373 1750 3439 iiiii,

95 3485 150 3538 [teo
167 3498 200 3538 ue
218 3483 295 3538 Patri
309 3483 404 3538 reddet
419 3491 445 3540 et
460 3500 500 3550 se,
526 3491 555 3538 ut
578 3491 619 3537 ost
636 3483 712 3538 Patri
736 3481 892 3554 suauitatis,
949 3472 1014 3528 duur
1029 3479 1164 3543 praecepta
1178 3468 1324 3539 Evangelii
1338 3466 1454 3538 implere
1470 3464 1581 3520 studuit.
1595 3466 1630 3518 ot
1644 3465 1676 3519 in
1693 3464 1751 3535 leae

91 3573 113 3626 ei
130 3571 330 3628 ruanttestahtt.
349 3573 389 3628 [le
403 3571 457 3628 hoe
471 3572 547 3645 ligno
563 3571 652 3628 adhue
667 3571 801 3644 sequitur,
950 3564 1011 3634 ciue
1024 3560 1209 3618 meditabitur
1218 3557 1263 3613 die
1274 3573 1307 3612 ec
1318 3563 1409 3622 rtoete,
1421 3554 1473 3610 hoc
1483 3561 1535 3619 est,
1546 3553 1620 3609 omni
1630 3561 1752 3624 tempore

950 3651 1105 3706 versabitur
1115 3649 1142 3703 in
1154 3647 1313 3704 dilectione.
1326 3646 1356 3700 lu
1367 3645 1412 3699 die
1427 3643 1575 3698 meditatur
1585 3641 1676 3715 legem
1686 3643 1747 3710 Dei,

125 3743 161 3796 tt
177 3742 428 3812 soltrtmejusmm
447 3741 560 3809 delicet.
589 3739 693 3796 Folium
720 3741 828 3796 arhor-ia
854 3749 895 3796 est
950 3738 1101 3810 quandoin
1125 3752 1195 3808 pace
1218 3734 1307 3807 diligit
1330 3733 1434 3788 amieos
1460 3732 1487 3786 iu
1516 3729 1642 3786 Deo:in
1669 3738 1751 3787 nocta

90 3831 217 3886 doctrina
233 3829 267 3884 de
282 3843 363 3885 cruce
378 3828 514 3900 passionis
527 3827 624 3885 Christi
637 3847 644 3896 ;
662 3829 811 3885 sicutenim
823 3829 894 3886 loliis
949 3831 1020 3884 hanc
1035 3826 1180 3883 meditatur
1194 3839 1257 3881 curn
1272 3824 1300 3878 iu
1317 3821 1507 3895 persecutione
1522 3819 1610 3893 diligit
1624 3819 1750 3875 inimicos

90 3923 199 3974 tructus
214 3919 347 3989 operitur,
366 3917 406 3974 sie
430 3917 515 3974 xerho
535 3918 667 3974 doctrinan
680 3934 747 3990 opus
763 3920 889 3975 vestitur.

90 4009 165 4064 Sicut
180 4024 253 4081 ergo
270 4007 361 4063 lolium
378 4007 473 4078 palmae
487 4009 544 4062 imo
560 4007 627 4080 ligni
638 4007 699 4062 vitm
713 4023 765 4063 non
782 4007 891 4075 delloet,

91 4099 128 4152 ita
143 4097 296 4169 promissio
310 4097 442 4153 doctrinm
452 4097 550 4152 Christi
563 4113 613 4170 pro
624 4097 753 4169 operihus
766 4097 820 4152 lixa
831 4115 893 4170 per-

90 4195 192 4242 manet.
211 4185 291 4242 Unde
306 4193 398 4257 aperte
414 4184 536 4241 subditur
552 4205 558 4241 :

125 4363 159 4417 t't
190 4361 291 4414 caretate
319 4375 489 4433 quaecunque
517 4357 608 4430 (errici
634 4357 890 4431 prosperabuntur.

90 4449 174 4505 Sicuti
187 4466 219 4504 eu
232 4464 293 4520 xpum
304 4447 376 4503 lacta
387 4459 448 4505 sunt
459 4466 506 4520 per
518 4447 608 4504 Adam
621 4448 646 4502 in
659 4447 759 4503 arbore
770 4449 892 4519 prot-art-

89 4539 365 4602 eationis,eesserunt
374 4537 475 4594 homini
487 4538 714 4596 inadversitatem
728 4537 781 4592 :ito
792 4547 890 4594 cuneta
905 4545 931 4608 1]

88 4644 148 4698 qum
164 4627 239 4682 lacta
255 4634 318 4681 suut
336 4644 386 4698 per
409 4627 546 4684 Christum
570 4627 598 4682 in
619 4627 719 4684 arlrore
744 4628 888 4698 passionis,

88 4724 277 4788 provenerunt
292 4715 393 4772 homini
409 4717 435 4771 in
460 4717 680 4789 prosperitatem.
709 4715 762 4770 Sed
788 4725 813 4771 et
838 4717 889 4772 do-

88 4809 176 4862 etrina
192 4815 218 4862 et
233 4804 314 4879 signa
329 4814 355 4860 et
371 4822 450 4862 omne
467 4807 540 4878 quod
555 4807 597 4862 rel
608 4805 634 4860 in
651 4805 780 4876 passione
794 4807 837 4860 rel
852 4821 891 4860 re·

88 4897 259 4953 surrectione
275 4895 319 4950 rel
342 4895 502 4951 ascensione
527 4895 701 4962 scriniorum
723 4895 748 4948 in
776 4909 892 4966 prospe-

89 5005 146 5042 rum
164 4987 296 5040 humanae
311 4983 407 5039 salutis
423 4985 518 5041 cessit.
540 4987 573 5039 Et
596 5001 656 5056 qtrae
677 4984 704 5038 in
721 4983 825 5056 judicio
840 4984 891 5039 ad-

89 5079 138 5130 hue
164 5075 258 5139 faciet,
287 5073 533 5145 prosperabuntur,
550 5071 613 5128 dum
644 5073 734 5128 hostes
758 5075 815 5142 ejus
844 5091 893 5144 per

88 5178 148 5216 uum
161 5161 239 5229 juste
254 5157 465 5225 damnabuntur,
478 5157 543 5228 justi
565 5159 649 5231 digne
674 5159 890 5215 coronabuntur.

91 5251 167 5306 llonc
184 5248 268 5303 talem
285 5247 373 5302 virum
390 5247 505 5318 Spiritus
530 5256 641 5304 sanctus
663 5247 783 5317 exempli
805 5255 893 5324 gratia

949 3925 1062 3990 propter
1075 3918 1174 3972 Deum.

984 4039 1018 4094 Et
1028 4037 1090 4094 ideo
1101 4038 1157 4092 erit
1167 4039 1302 4109 tanquam
1316 4033 1424 4102 ttpuam
1435 4027 1507 4104 qdod
1519 4029 1688 4104 plantutum
1703 4034 1748 4085 est

948 4145 1029 4186 sectas
1057 4128 1189 4182 decertes
1218 4136 1367 4198 aptiorem.
1398 4121 1488 4175 Arbor
1515 4118 1596 4174 mittit
1624 4118 1747 4174 radicem

948 4220 1077 4274 deorsum
1097 4215 1217 4286 stipitem
1236 4227 1355 4276 sursum,
1372 4210 1406 4266 de
1429 4223 1483 4280 quo
1507 4208 1577 4263 rami
1600 4207 1745 4279 prodeunt,

948 4323 979 4362 ox
997 4306 1095 4379 quihus
1110 4305 1176 4360 lolia
1190 4310 1290 4360 exeunt
1306 4319 1313 4356 ε
1330 4299 1382 4355 εει)
1395 4298 1437 4354 his
1456 4298 1559 4354 fruetus
1579 4295 1745 4368 dependent,

948 4397 976 4450 in
991 4396 1090 4468 quibus
1104 4394 1208 4449 semina
1218 4393 1313 4448 latent.
1325 4389 1399 4445 Huic
1412 4388 1504 4444 arbori
1514 4387 1624 4443 dilectio
1634 4399 1746 4458 eompa-

946 4495 1032 4550 ratur,
1050 4501 1100 4556 ρει·
1114 4498 1197 4555 quam
1210 4480 1355 4537 multitudo
1371 4478 1493 4535 lidelium
1503 4477 1536 4531 ad
1546 4478 1602 4532 alta
1612 4477 1746 4532 scandere

947 4583 1072 4630 conatur.
1087 4572 1172 4628 Radix
1188 4587 1250 4642 quae
1264 4580 1345 4626 terrae
1357 4566 1489 4642 inligitur,
1505 4575 1548 4622 est
1558 4565 1669 4622 dilectio
1693 4581 1746 4638 qua

946 4663 1089 4736 proximas
1103 4661 1131 4716 in
1152 4670 1226 4716 terra
1243 4659 1376 4731 diligitur.
1392 4657 1465 4728 Stips
1489 4656 1525 4711 ad
1548 4655 1605 4712 alta
1627 4669 1746 4725 surgons

947 4762 988 4809 est
1002 4750 1112 4808 dileetio
1126 4751 1214 4804 Deum
1228 4748 1356 4821 diligens.
1369 4745 1448 4802 Remi
1461 4744 1568 4800 arboris
1582 4753 1647 4800 sunt
1661 4743 1746 4800 varim

947 4844 1061 4898 uirtutes
1071 4838 1221 4904 alteritatis,
1234 4836 1297 4893 folia
1308 4843 1369 4890 suot
1379 4835 1451 4890 hona
1461 4834 1563 4900 xerha3
1578 4833 1661 4888 liores
1673 4833 1746 4888 hona

947 4931 1082 4994 voluutas,
1098 4927 1202 4982 l'ructus
1215 4927 1287 4982 hona
1302 4940 1396 4996 opera,
1413 4939 1508 4978 semen
1521 4937 1587 4977 sana
1601 4921 1738 4978 doctrina.

947 5021 1006 5076 lloc
1028 5019 1138 5089 liparem
1156 5018 1323 5089 plantantem
1340 5017 1384 5070 ert
1406 5029 1486 5070 seces
1501 5013 1636 5067 decorem
1653 5022 1744 5080 epuc-

948 5127 1023 5175 rum,
1039 5108 1102 5180 quia
1124 5107 1209 5162 arhor
1231 5103 1369 5162 charitatis
1391 5102 1518 5157 landatur
1538 5113 1622 5169 super
1643 5099 1746 5152 fluenta

868 5247 874 5258 .
948 5197 1166 5268 Scriptorarum.

88 5342 207 5395 humano
222 5337 319 5410 generi
335 5337 490 5408 proposuit,
501 5337 580 5408 quasi
597 5337 668 5394 dicat
680 5355 687 5391 ι
700 5337 893 5392 llunchonum
984 5335 1063 5403 Aqua
1079 5329 1130 5384 tria
1151 5328 1214 5385 lacit
1230 5343 1236 5382 ε
1254 5327 1351 5382 sordes
1375 5323 1470 5388 abluit,
1494 5321 1565 5376 sitim
1587 5317 1744 5392 exstinguit,

90 5431 186 5496 rtrum,
203 5427 251 5502 qui
266 5439 322 5482 non
337 5427 413 5494 abiit,
429 5443 485 5483 uon
498 5427 580 5494 stetit,
597 5441 651 5481 nou
674 5425 742 5480 sedit
761 5425 789 5480 in
812 5425 893 5496 malo,
947 5420 1098 5494 imaginem
1113 5417 1218 5486 reddit;
1235 5415 1275 5473 sic
1290 5415 1351 5472 lous
1366 5410 1506 5485 sapteuriae
1519 5411 1606 5464 liuens
1627 5409 1662 5464 de
1685 5409 1747 5465 loco

90 5535 137 5574 res
153 5517 309 5584 imitamini,
327 5515 373 5588 qui
389 5533 437 5588 per
451 5515 567 5588 primam
584 5515 724 5571 hominem
740 5515 773 5570 de
789 5529 896 5570 summa
949 5509 1107 5581 voluptatis.
1119 5506 1147 5562 id
1158 5512 1198 5562 est
1213 5507 1337 5560 Christus
1348 5503 1382 5559 de
1397 5511 1507 5574 pectore
1525 5497 1610 5554 l'atris
1624 5515 1673 5570 per
1683 5497 1747 5557 char

88 5609 175 5674 gloria
191 5607 226 5662 ad
243 5603 369 5660 intimam
394 5606 559 5676 pervenistis
581 5605 717 5661 miseriam
736 5622 741 5658 :
759 5613 786 5658 ut
801 5605 827 5658 iu
844 5606 895 5660 ista
949 5600 1057 5654 ritatem
1074 5597 1169 5652 sordes
1188 5602 1366 5668 peccatorum
1385 5589 1475 5655 diluit,
1498 5589 1571 5644 sitim
1586 5584 1748 5658 ignorantiae

88 5698 141 5751 rita
158 5697 306 5752 ohumhret
323 5708 372 5750 ros
386 5695 420 5749 ab
435 5704 502 5751 aestu
519 5695 653 5761 vitiorum,
672 5701 697 5749 et
712 5693 739 5748 lu
753 5691 844 5749 futuro
861 5693 895 5749 ad
949 5687 1107 5760 exstinguit,
1125 5685 1273 5756 imaginem
1288 5683 1339 5738 Dei
1353 5679 1453 5737 anima
1468 5679 1564 5736 reddit.
1583 5679 1649 5735 Haec
1665 5675 1749 5732 arhor

88 5783 218 5837 antissam
234 5781 349 5838 redueat
364 5779 491 5854 gloriam.
950 5777 1067 5833 fructum
1082 5792 1158 5832 suum
1181 5775 1208 5830 in
1233 5782 1356 5844 ternpore
1378 5787 1428 5827 suo
1452 5768 1535 5840 dahit,
1553 5767 1615 5840 quia
1630 5765 1749 5823 charitas
