3942 6067
116 291 168 345 εις,
641 281 835 340 axroslrio
857 279 894 336 iri
912 276 1063 336 cirtica
1082 283 1219 342 cinric.
1716 293 1767 349 tac

116 429 165 473 εει·
178 411 393 482 experientiam
408 394 631 482 posi'pcccatum
646 415 736 464 autem
759 406 835 462 novit
853 421 913 460 ma·
930 401 1129 473 Automatam,
1146 424 1207 478 quas
1218 409 1302 475 casia,
1318 409 1421 466 robusti
1443 421 1471 467 ei
1490 413 1624 484 purpurei
1644 415 1767 484 corticis,

116 501 181 566 lum,
198 499 226 554 id
242 506 283 555 εει
298 498 408 564 tamem,
424 498 496 554 sitim
513 506 540 554 ει
553 497 605 552 alia
619 495 792 552 incommoda
806 511 856 566 per
870 509 917 549 ex·
971 507 1032 562 qam
1046 491 1080 548 ud
1094 495 1230 551 curandae
1245 497 1382 554 viscarium
1395 499 1535 556 molestias
1549 501 1630 568 ualet,
1642 518 1702 574 quae
1717 518 1767 574 pro

116 587 286 659 parientiam,
302 587 403 644 bonum
419 594 520 642 tantum
535 602 586 657 per
600 583 757 646 scientiam
774 581 847 655 quod
861 596 917 637 non
971 579 1013 633 sui
1027 579 1158 638 breuitate
1181 598 1199 638 a
1221 584 1384 655 quibusdam
1403 586 1475 643 inter
1497 588 1599 644 barbas
1612 589 1768 646 odoriferas

117 685 176 731 arai
191 675 218 730 in
231 675 339 731 arboris
354 682 462 740 natura,
479 673 527 730 sed
541 673 569 728 in
582 672 701 728 bominis
716 669 912 726 inobedientia.
971 674 1122 738 reputatur,
1146 671 1219 742 quod
1242 679 1304 728 sani
1326 673 1460 746 patientes
1484 691 1533 746 pro
1556 676 1664 734 Christo
1676 685 1704 734 ai
1717 693 1767 750 pro

119 763 172 832 Qui
186 771 249 820 sunt
263 761 445 834 provinciales
470 761 545 818 circa
569 761 741 834 paradisum,
757 759 851 814 dicuni
864 755 917 811 sibi
970 753 1098 812 fininibus
1112 759 1219 815 animas
1228 775 1331 831 ponere
1344 762 1443 833 parati.
1460 763 1500 817 lbi
1513 766 1613 820 crescit
1626 773 1653 820 ei
1666 767 1768 822 cinno·
1877 818 1881 828 .

116 852 151 908 de
165 850 294 924 paradiso
310 849 416 906 immitti
431 849 531 916 liores,
555 857 582 905 ει
607 847 712 904 tructus
733 861 783 918 per
804 843 916 899 ilumina
969 859 1095 900 mam
1107 846 1192 903 arbor
1205 847 1307 916 breuis,
1324 849 1373 905 sed
1385 849 1531 917 odorifera,
1542 859 1570 908 ει
1583 851 1681 921 dulcis,
1694 855 1767 912 cine-

116 957 177 1012 qute
191 939 255 996 inde
269 947 380 1004 exeant,
392 939 465 994 unde
480 937 527 993 ille
542 935 659 1010 populus
672 934 748 992 vivit.
760 933 914 1006 Ailegorice
969 930 1010 987 rei
1024 933 1124 989 coloris
1142 933 1178 990 ad
1196 936 1427 993 medicamentum
1450 955 1530 994 usum
1557 939 1656 997 iioule
1678 941 1765 1014 duplo

115 1027 237 1086 Ecclesia
251 1035 293 1082 est
306 1025 462 1098 paradisus,
479 1025 608 1081 omnibus
624 1022 793 1095 spiritalibus
807 1019 914 1077 deliciis
968 1028 1112 1090 praestaus,
1137 1024 1213 1095 quod
1235 1033 1298 1080 sont
1319 1025 1497 1097 prenitentes,
1521 1027 1567 1100 qni
1587 1045 1619 1084 se
1641 1027 1764 1087 infirmos

114 1115 221 1188 plenus.
238 1114 381 1170 Paradisus
402 1114 503 1169 atenim
518 1112 619 1169 dicitur
632 1113 726 1167 hortus
741 1109 912 1176 deliciarum,
968 1117 1103 1180 reputant,
1119 1117 1146 1166 et
1159 1110 1187 1166 in
1200 1111 1293 1168 cinero
1307 1114 1493 1184 poenitentiam
1516 1123 1640 1190 agentes,
1656 1117 1765 1174 dulcem

114 1211 141 1259 ει
150 1203 179 1258 in
193 1202 316 1260 Ecclesia
331 1209 396 1256 suni
404 1200 569 1258 omnimodae
576 1200 682 1256 doliciae
693 1199 911 1271 scripturarum,
966 1197 1081 1254 odorem
1095 1198 1227 1256 Ecclesiae
1241 1208 1383 1272 prestant.
1402 1202 1573 1260 cinnamomi
1587 1204 1669 1261 arbor
1682 1206 1766 1263 babet

114 1291 285 1348 diuersarum
299 1289 409 1356 artium,
425 1289 570 1345 multarum
586 1289 725 1344 uirtutum.
747 1286 777 1342 ln
792 1301 846 1358 quo
860 1301 911 1354 pa·
968 1293 1022 1340 ires
1035 1286 1153 1343 cortices
1173 1305 1180 1342 :
1196 1288 1324 1360 superior
1337 1289 1437 1346 dicitur
1451 1289 1553 1358 fistula,
1574 1290 1682 1350 madius
1705 1294 1765 1350 cin·

113 1379 207 1436 radiso
221 1387 262 1435 esi
275 1377 346 1446 lons,
369 1377 397 1434 id
420 1385 462 1433 εει
484 1376 636 1449 baptismus
650 1375 694 1431 vel
708 1374 846 1441 Christus,
863 1389 913 1445 per
965 1387 1141 1444 namomum,
1161 1375 1257 1432 tertios
1284 1393 1433 1434 amomum.
1465 1379 1571 1434 Medius
1588 1388 1630 1436 cst
1657 1380 1766 1438 dulcior

112 1467 194 1538 cujus
208 1467 318 1532 lluenta,
329 1466 404 1538 quod
418 1471 481 1520 suni
495 1463 647 1536 spiritualia
662 1462 840 1529 charismata,
853 1460 913 1515 irri-
965 1461 1088 1532 steterim
1111 1462 1139 1517 bi
1153 1470 1243 1520 auiam
1259 1463 1294 1520 ab
1308 1465 1401 1538 aliquo
1415 1464 1495 1521 divisi
1509 1482 1541 1523 ex
1556 1467 1641 1524 nimio
1654 1467 1764 1527 tertiora

112 1563 193 1630 gatar
208 1554 269 1610 talis
283 1553 437 1626 paradisus.
454 1551 575 1621 Quaiuor
596 1552 677 1622 hujus
698 1549 780 1608 sontis
798 1547 912 1605 ilumint
965 1549 1104 1605 solvantur
1117 1551 1153 1605 ab
1165 1553 1265 1608 arbore
1280 1553 1353 1626 quod
1368 1561 1430 1610 sani
1444 1555 1581 1620 monachi,
1596 1555 1642 1628 qui
1655 1573 1686 1614 εε
1701 1557 1759 1614 εει-

112 1651 175 1700 sunt
197 1650 311 1715 quatuor
334 1639 495 1712 Evangelia.
525 1639 641 1712 lignum
665 1637 727 1695 vitm
750 1646 793 1694 est
815 1644 910 1694 sancta
964 1639 1175 1695 ruaiamundo
1196 1655 1292 1696 amore
1312 1641 1423 1697 Christi.
1438 1643 1487 1699 Ere
1500 1643 1615 1699 arbores
1636 1654 1763 1702 crmcunt

111 1747 187 1799 crux,
208 1731 286 1800 ouius
299 1729 403 1786 tructus
428 1735 470 1785 εει
490 1728 588 1784 Cbrisii
611 1743 727 1799 corpus,
743 1727 778 1784 de
794 1740 848 1799 quo
862 1724 908 1798 qui
923 1745 950 1807 Β
965 1723 993 1780 iu
1005 1725 1052 1783 illo
1066 1728 1206 1799 paradiso,
1220 1745 1287 1785 cum
1299 1731 1440 1786 autumtit
1455 1731 1541 1803 tionis
1554 1731 1665 1800 bituiti,
1677 1732 1705 1791 id
1718 1742 1763 1790 ost

112 1819 195 1894 digne
210 1817 367 1884 comederit,
383 1833 439 1874 nou
454 1815 585 1872 morietur
607 1815 635 1871 in
659 1815 751 1871 anima
773 1812 802 1869 in
825 1821 908 1870 aeier-
964 1813 1055 1872 cedris
1068 1822 1096 1872 ει
1109 1815 1170 1872 ειιιε
1183 1815 1331 1874 odoriferis
1344 1816 1443 1891 lignis,
1459 1819 1534 1892 quod
1558 1827 1621 1875 sunt
1637 1820 1760 1880 universi

111 1925 187 1964 num.
203 1907 290 1981 ligna
304 1905 444 1964 truciilera
458 1912 521 1962 sunt
533 1903 635 1971 sanem
652 1903 757 1960 tructus
770 1902 910 1976 lignorum
963 1902 1067 1971 tudetes,
1078 1919 1196 1976 quoram
1209 1902 1278 1960 fides
1292 1912 1320 1961 ει
1332 1906 1457 1978 operatio
1466 1907 1647 1980 imputribilis
1656 1917 1683 1966 ei
1692 1910 1762 1967 odo·

111 2003 269 2053 sanctorum
284 2009 383 2065 operat
407 1993 513 2066 lignum
537 1991 658 2048 scientiae
668 1991 733 2049 boni
747 1999 775 2047 ei
789 1990 854 2046 mali
867 1995 910 2046 εει
962 1989 1047 2047 ritcra
1056 1999 1111 2048 ssi.
1125 1991 1166 2047 lbi
1175 1993 1431 2067 cresciieimprrbo
1440 2001 1469 2051 et
1478 1995 1541 2052 otoo
1555 1999 1762 2056 cumomntbur

109 2085 226 2142 liberum
240 2081 392 2139 arbitrium.
403 2081 434 2136 ln
445 2082 496 2137 boc
511 2079 628 2152 spiritali
642 2079 771 2152 paradiso
782 2085 910 2137 crescunt
958 2080 1064 2152 praua
1077 2083 1244 2152 torpueratis.
1256 2081 1365 2153 llyrrba
1374 2088 1416 2136 est
1425 2082 1507 2138 arbor
1516 2084 1593 2152 caius
1603 2099 1704 2142 sancus
1717 2094 1761 2143 est

110 2173 221 2228 diversa
235 2185 339 2244 genera
352 2169 493 2240 arborum,
510 2167 538 2224 id
552 2177 593 2226 εει
607 2167 710 2224 ιιινειει
725 2167 835 2224 ordines
848 2165 908 2224 ele·
961 2175 1058 2233 stacte,
1073 2168 1243 2226 enormibus
1257 2177 1284 2226 et
1294 2168 1439 2241 putredine
1451 2185 1565 2227 carnem
1578 2186 1758 2244 conservans,

110 2270 226 2319 ciorum.
243 2259 283 2314 lbi
297 2267 424 2316 crescunt
445 2257 510 2314 mali
534 2256 640 2329 punici,
666 2257 773 2314 scilicet
795 2256 908 2312 arbores
960 2257 1035 2328 quod
1056 2264 1119 2312 sont
1141 2255 1265 2314 eremitas
1278 2257 1323 2314 vel
1336 2258 1423 2324 εεειι,
1439 2273 1470 2314 εε
1493 2257 1522 2314 in
1543 2259 1618 2316 uitiis
1639 2261 1759 2318 mortifi-

110 2437 235 2493 dicuniur
248 2434 447 2508 malogranata,
464 2435 491 2490 id
502 2441 544 2492 est
559 2433 652 2506 granis
664 2433 756 2504 plena,
769 2449 830 2506 quae
846 2439 908 2488 suni
959 2436 1112 2486 servantes.
1128 2429 1199 2486 illoc
1212 2437 1255 2486 est
1266 2430 1350 2486 etiam
1364 2431 1447 2486 arbor
1469 2431 1628 2488 suavissimi
1651 2433 1756 2500 odoris,

108 2531 244 2594 martires
257 2523 334 2580 rubei
349 2521 494 2595 sanguino,
506 2521 645 2594 operibus,
657 2529 687 2578 ui
701 2519 804 2594 granis,
820 2521 904 2594 pleni.
958 2517 1028 2573 adeo
1042 2524 1071 2573 ui
1085 2517 1226 2574 adoleatur
1239 2517 1369 2574 altaribus
1383 2517 1443 2574 vice
1457 2518 1654 2591 ilrymiamatis;
1678 2522 1759 2578 babet

109 2615 163 2668 llas
176 2613 289 2669 arbores
299 2611 346 2667 ille
360 2612 456 2667 hortus
470 2609 547 2666 tonte
571 2609 699 2683 irrigatus
722 2609 823 2677 omisit,
841 2609 906 2664 dum
958 2620 1025 2661 vero
1043 2620 1156 2662 succum
1188 2605 1390 2662 amarissimum
1412 2605 1586 2664 resistentem
1610 2609 1756 2679 putredini,

108 2707 203 2758 sancta
215 2700 350 2767 Ecclesia,
365 2699 528 2771 baptismate
542 2697 667 2770 pertusa,
683 2705 816 2769 martyres
839 2713 905 2770 pro-
958 2693 1030 2764 quod
1046 2700 1110 2749 suut
1122 2693 1293 2750 continentes
1307 2709 1357 2766 per
1369 2693 1581 2751 amaritudinem
1596 2696 1659 2755 vitas
1672 2696 1756 2753 lasci·

108 2790 176 2857 iulii,
187 2805 248 2845 cum
262 2803 405 2860 pomorum
420 2785 564 2853 tractibus,
575 2786 679 2842 scilicet
693 2802 754 2842 oum
770 2787 905 2842 bonorum
959 2781 1033 2837 viam
1046 2781 1138 2838 carnis
1150 2781 1338 2854 reprimentes.
1355 2783 1448 2839 Prima
1462 2791 1604 2856 unguema
1618 2792 1681 2840 suni
1695 2801 1759 2858 pro-

108 2893 223 2948 operum
244 2875 385 2948 exemplis.
411 2875 451 2931 lbi
473 2874 573 2931 crescii
594 2881 620 2930 et
638 2889 755 2946 cyprus,
780 2890 841 2947 quac
863 2881 905 2930 esi
958 2869 1085 2938 tiosiora,
1100 2885 1162 2942 qum
1181 2871 1216 2925 de
1236 2870 1334 2942 primis
1347 2870 1461 2927 floribus
1484 2871 1666 2943 pretiosarum
1693 2889 1758 2946 spe·

108 2967 192 3022 arbor
207 2964 354 3022 aromatica
377 2965 404 3019 in
427 2963 543 3037 Egypio
566 2961 674 3019 habens
698 2979 791 3020 samon
815 2961 904 3018 simile
956 2958 1059 3014 ciarum
1083 2957 1159 3026 bunt,
1174 2966 1204 3014 ui
1218 2958 1285 3014 illud
1300 2957 1392 3015 llariae
1406 2958 1435 3014 in
1447 2959 1600 3032 Evangelio
1623 2961 1757 3032 spicatum

106 3053 261 3125 consumo,
276 3060 305 3110 ut
318 3052 412 3108 habuit
425 3065 526 3107 munus
548 3049 651 3122 cibum,
676 3050 853 3108 sublucidum
876 3059 905 3107 ct
917 3093 943 3156 G
958 3043 1118 3116 pretiosum,
1134 3043 1285 3118 quodsum
1301 3043 1404 3115 prelati
1426 3053 1454 3102 et
1477 3045 1523 3102 alii
1545 3047 1640 3118 primis
1664 3048 1756 3105 chad·

106 3141 233 3207 odoram,
249 3140 322 3214 quod
340 3141 402 3198 oleo
415 3140 551 3212 coquitur,
567 3147 594 3196 ei
608 3139 671 3196 inde
693 3155 793 3197 succus
808 3139 902 3212 expri-
958 3132 1090 3188 annalibus
1102 3133 1220 3205 Spiritus
1233 3133 1332 3201 sancti,
1348 3133 1455 3190 scilicet
1468 3133 1566 3204 primis
1588 3135 1758 3195 credentiuun

106 3232 198 3298 mitur,
213 3230 260 3303 qni
274 3244 374 3302 cyprus
388 3228 495 3296 dicitur,
511 3227 584 3284 unde
607 3226 710 3300 regium
734 3236 904 3302 unguentum
957 3220 1038 3278 donia
1055 3221 1144 3294 pleni,
1164 3221 1210 3294 qui
1234 3237 1296 3279 cum
1319 3221 1409 3278 uerbo
1431 3229 1460 3279 et
1480 3223 1606 3294 exemplo
1629 3223 1756 3297 flagrant,

105 3317 254 3386 coniicitur,
271 3318 308 3374 ita
322 3318 426 3374 dicium
443 3317 517 3390 quod
535 3314 631 3390 regins
646 3316 758 3372 morbus
773 3331 806 3372 eo
820 3331 898 3374 cura·
957 3310 1036 3382 quasi
1066 3309 1158 3366 ulcera
1180 3309 1373 3384 languidarum
1396 3309 1551 3368 emmeram
1573 3320 1678 3370 corant.
1697 3313 1757 3368 No·

105 3415 159 3463 tur.
175 3407 279 3479 Cyprus
300 3405 385 3462 arbor
398 3405 556 3474 aromatica,
573 3404 717 3461 abundans
732 3404 760 3459 in
774 3405 900 3478 Egypto,
956 3398 1070 3455 tandam
1097 3398 1171 3469 quod
1192 3400 1236 3456 bas
1259 3398 1369 3470 species
1391 3399 1521 3456 arborum
1540 3400 1583 3457 vel
1607 3401 1756 3457 herbarum

107 3503 147 3552 est
162 3494 321 3566 spiritalium
344 3491 530 3561 conversatio,
555 3509 617 3565 quac
639 3493 765 3564 primitus
786 3494 902 3550 ilorebat
955 3485 1170 3554 introducuntur,
1190 3486 1226 3543 de
1257 3486 1357 3559 quibilss
1387 3495 1529 3559 ”utilem
1561 3487 1755 3556 wssfitilmlur»

104 3583 134 3640 in
157 3585 290 3657 Egypio,
315 3582 373 3640 siue
395 3582 424 3637 in
448 3581 570 3638 tenebris
600 3582 682 3651 huius
711 3582 806 3638 mundi
829 3582 901 3655 quod
956 3574 1021 3648 quia
1041 3591 1091 3648 per
1112 3575 1163 3632 bas
1186 3583 1319 3632 notantur
1341 3575 1454 3632 ordines
1484 3577 1650 3642 clectcmm,
1676 3576 1754 3651 qnasi

104 3673 235 3745 Egyptian
256 3678 342 3728 sonat.
376 3669 464 3744 Hujus
489 3685 584 3727 semen
605 3669 696 3728 simile
719 3677 761 3727 esi
784 3687 900 3737 mannae,
956 3665 1084 3722 cobortes
1105 3663 1133 3720 in
1156 3663 1252 3720 castris
1266 3663 1342 3735 regis
1354 3663 1545 3732 militantium,
1560 3679 1676 3736 quorum
1690 3665 1755 3722 uul-

104 3760 178 3832 quod
191 3759 284 3816 babuit
297 3774 379 3816 omne
393 3758 633 3826 delectamentum,
650 3767 676 3816 et
689 3774 799 3816 omnem
819 3775 901 3832 sapo-
955 3767 1025 3809 nera
1038 3767 1091 3824 per
1104 3760 1244 3825 unguenta
1256 3758 1394 3808 curantur.
1409 3751 1475 3808 ideo
1488 3761 1516 3808 ει
1529 3768 1660 3823 sponsam
1674 3754 1755 3810 borio

105 3865 162 3906 rem
182 3848 341 3912 suavitatis;
357 3847 422 3920 quia
438 3847 490 3904 viia
500 3848 636 3918 justorum
650 3848 732 3904 babet
745 3862 827 3904 omne
841 3847 899 3920 spi·
955 3839 1057 3896 elsossli
1067 3847 1097 3896 θῑ
1106 3838 1391 3911 Ριιιΰίὃθιθωιιῆῑε
1400 3839 1511 3911 ‘limiti
1521 3840 1704 3908 apertedicat,
1713 3841 1755 3897 Ne

103 3937 180 3994 riuis
194 3935 429 4004 delectamentum,
441 3945 468 3993 ct
478 3953 588 3994 cmucm
597 3951 726 4009 saporem
737 3937 898 3994 sanctitutis.
954 3927 1054 3985 timeus
1066 3943 1191 4002 pugnare
1197 3933 1292 3983 contra
1301 3927 1376 3982 acics
1385 3929 1503 3991 amum,
1513 3927 1576 3999 quia
1584 3927 1654 3983 tutes
1668 3928 1752 3984 sclic-

105 4027 204 4082 semen
220 4033 261 4082 epi
276 4026 383 4094 ssbum,
407 4025 541 4094 lucidum,
567 4026 701 4092 odorum
725 4026 790 4097 quia
804 4041 899 4082 eorum
954 4014 1753 4088 ioresincomittiiuhtihes,dttqil0lilmcontiantlteiarmis

102 4115 273 4172 conversatio
288 4122 329 4172 εει
344 4114 407 4170 alba
420 4114 449 4170 in
469 4115 610 4182 castitate,
634 4113 726 4171 lucida
746 4114 773 4170 in
796 4129 898 4186 opera·
953 4103 1314 4176 setumhffllessuiltfflbssu
1323 4111 1352 4160 θῑ
1365 4103 1463 4160 litim
1476 4119 1493 4159 ὓ
1506 4119 1550 4158 ¹¹10
1564 4102 1752 4160 θθΐθῡθῦθῑῐθ·

103 4203 184 4271 tione,
201 4203 283 4260 odom
299 4204 327 4258 in
345 4202 484 4262 charitate,
501 4203 606 4260 Suculis
620 4203 680 4272 ejus
695 4219 757 4260 (iiiiii
772 4203 833 4260 oleo
848 4219 899 4260 00-
952 4194 987 4250 Ei
1001 4200 1030 4250 lit
1044 4192 1203 4250 vulneratos
1212 4191 1240 4248 in
1249 4191 1323 4248 belli>
1332 4191 1429 4248 herbis
1444 4191 1497 4248 iliis
1511 4191 1630 4262 curabis,
1642 4191 1708 4264 quid
1721 4199 1752 4249 ta

103 4292 202 4363 quitar,
223 4300 249 4348 ει
279 4292 307 4347 ia
341 4292 446 4366 regium
477 4299 646 4364 unguentum
677 4292 803 4363 vertitur,
834 4293 897 4366 quia
951 4297 982 4337 es
997 4283 1091 4338 hortus
1105 4279 1307 4338 medicinalium
1320 4280 1481 4352 herbarum;
1497 4288 1526 4336 ει
1539 4279 1630 4336 lassos
1639 4279 1751 4336 liuentis

102 4381 210 4436 illorum
233 4381 287 4436 vita
310 4381 425 4437 llammis
448 4381 628 4438 tentationum
652 4387 682 4436 ut
703 4395 799 4437 aurum
832 4397 895 4454 pro-
951 4371 1006 4426 illis
1021 4369 1196 4437 leftlflffldbib
1214 4369 1277 4442 (ιιιὶι
1292 4377 1323 4426 ῐῑῑ
1342 4385 1374 4425 0³
1395 4368 1457 4424 f⁰¹¹¹
1474 4367 1752 4442 “Pilifflffium‘lluffi

101 4468 187 4537 batur,
203 4469 266 4541 quia
279 4470 376 4544 regius
396 4470 523 4538 morbus,
546 4470 573 4526 id
599 4477 639 4526 eei
659 4469 738 4542 lepra
752 4471 851 4527 animae
865 4479 893 4526 ui
908 4447 935 4508 Ῑ)
951 4476 1026 4526 rum;
1037 4467 1064 4515 θῑ
1077 4458 1196 4515 Vi⁰i0l⁰⁸
1207 4456 1297 4530 9⁰¹⁰ss
1309 4457 1363 4514 ¹⁰5⁸
1373 4456 1518 4526 ”lumbissu
1535 4456 1601 4529 (1¹¹ill
1614 4463 1643 4512 iu
1657 4473 1688 4516 ⁰⁸
1702 4473 1749 4530 ΡΙ·

102 4566 238 4632 unguento
260 4568 375 4616 curatur.
396 4560 453 4616 lloc
477 4566 646 4632 unguentum
669 4559 756 4616 llario
780 4559 895 4617 Domino
949 4548 1069 4615 ladiwssu
1084 4546 1113 4603 id
1127 4555 1168 4603 0⁸²
1181 4547 1277 4603 ¹10?th
1292 4560 1445 4618 P⁰m⁰f¹1¹¹¹u
1460 4545 1644 4617 ”filimilium
1657 4545 1748 4604 smil·

102 4645 224 4703 iuuiuuuc
237 4646 353 4704 simonis
366 4649 468 4722 leprosi
481 4648 595 4715 catula,
610 4647 675 4720 qua
699 4646 824 4706 Ecclesia
846 4665 896 4706 suc
947 4637 1047 4694 imum.
1059 4635 1207 4692 scientium
1222 4649 1288 4693 usuc
1302 4637 1339 4692 uc
1356 4633 1477 4691 uticum
1487 4633 1562 4706 quoa
1574 4633 1704 4692 sulcum
1719 4635 1748 4690 tu

103 4742 225 4814 exemplo
239 4743 379 4802 beroiicos
393 4761 410 4801 a
423 4744 618 4818 lepraanimae,
630 4743 734 4800 scilicet
747 4744 782 4801 de
797 4745 895 4801 haeresi
948 4725 1051 4783 Lim
1062 4723 1142 4780 Μ
1157 4726 1265 4780 ¹¹⁰ffl¹¹¹¹
1274 4738 1354 4780 ΝΜΟ
1363 4722 1509 4793 ⁰⁰⁰⁰¹¹¹⁸ib
1519 4723 1547 4778 5¹¹
1560 4723 1674 4796 ‘1¹¹⁰'m
1683 4740 1746 4796 ΨΘ·

102 4843 199 4887 curans
211 4831 324 4890 Domino
339 4831 426 4891 offeri.
443 4834 483 4890 lbi
497 4833 596 4892 crescii
610 4843 636 4890 ci
650 4831 761 4900 nardus,
777 4849 838 4906 qum
853 4842 895 4891 ost
947 4815 1004 4872 cies
1020 4814 1168 4871 hefblfflm
1177 4812 1223 4870 “¹
1233 4813 1363 4870 “fimum
1376 4813 1510 4885 Elimiam
1524 4811 1636 4880 babuit;
1649 4812 1680 4870 1¹1
1691 4828 1746 4885 quo

102 4919 184 4975 arbor
199 4921 353 4993 aromatico,
364 4923 392 4979 id
406 4931 447 4980 est
461 4922 631 4980 aromatibus
646 4929 719 4995 apia,
731 4922 781 4979 sed
795 4936 892 4995 parva,
946 4913 971 4961 2¹
988 4903 1051 4962 s0¹¹⁸
1063 4902 1191 4960 ³0¹d⁰¹¹i⁸
1205 4902 1293 4974 ‘³⁰¹1’it
1305 4901 1341 4957 ἀΰ
1355 4917 1410 4974 <1⁰0
1426 4909 1455 4959 0³
1468 4900 1602 4958 ὓΰωῑωῐ·

101 5007 171 5064 bene
184 5007 320 5076 redolens,
331 5017 357 5068 ει
370 5011 476 5082 calens,
492 5012 565 5070 uude
579 5011 709 5084 optimam
725 5021 894 5084 unguentum
983 5021 1067 5076 vm.
1084 5019 1170 5075 ιὸ.-
1179 5018 1253 5074 Foco
1263 5017 1421 5086 tortorum,
1429 5019 1533 5088 puteus
1547 5033 1688 5090 aquaram
1702 5019 1745 5075 vi·

101 5095 248 5166 conficitur,
264 5099 336 5171 quod
348 5109 411 5158 soni
424 5101 543 5158 humiles
562 5107 589 5158 ei
607 5100 785 5170 innocentes,
801 5101 848 5176 qui
862 5117 893 5160 se
947 5106 1078 5167 vantium
1090 5123 1152 5183 puae
1174 5107 1272 5178 fluunt
1288 5107 1399 5178 impetu
1412 5106 1446 5162 dc
1459 5105 1581 5164 liborio.
1596 5107 1746 5165 llorioram

100 5199 190 5242 coram
204 5185 333 5258 proximis
346 5206 457 5262 parvos,
473 5190 501 5246 id
515 5197 557 5248 esi
572 5189 717 5262 despectos
740 5189 850 5259 iaciunt,
867 5200 893 5250 ei
944 5194 1009 5252 ideo
1027 5193 1137 5262 dicitnr,
1156 5191 1222 5265 quia
1253 5190 1380 5262 superius
1411 5189 1481 5246 duos
1512 5191 1609 5250 borios
1640 5192 1743 5265 posuit.

101 5271 278 5347 odoremque
300 5277 400 5336 ardore
422 5281 562 5338 charitatis
586 5279 695 5340 saucios
719 5279 748 5336 in
770 5282 891 5353 pcccatis
944 5287 1030 5357 Aqua
1051 5282 1174 5355 urentes
1198 5287 1269 5349 suni,
1292 5294 1354 5354 oute
1372 5277 1459 5336 lluunt
1474 5295 1482 5337 τ
1497 5280 1579 5354 Aqua
1593 5281 1666 5340 enim
1680 5299 1741 5357 quie

99 5371 212 5434 ungunt.
228 5364 266 5420 ibi
280 5367 375 5423 crescii
390 5377 417 5426 et
427 5385 534 5440 crocus,
550 5369 601 5428 iios
614 5369 794 5438 rubicundus,
807 5369 835 5426 id
850 5377 892 5428 εει
944 5381 997 5429 stat
1010 5371 1089 5444 quusi
1101 5377 1206 5427 mortua
1224 5377 1275 5436 esi,
1291 5367 1372 5441 quasi
1391 5368 1458 5428 vim
1473 5387 1536 5443 qum
1557 5375 1657 5431 currit.
1680 5373 1744 5431 No-

98 5450 176 5506 aurai
199 5449 306 5526 coloris,
321 5457 394 5528 quod
407 5466 470 5516 suut
484 5459 631 5533 sapientes,
647 5459 739 5516 Evina
757 5460 891 5531 sapientia
943 5460 1058 5518 tandum
1071 5459 1145 5533 qaod
1158 5459 1240 5530 dicii,
1254 5473 1317 5532 quie
1334 5457 1420 5515 donni
1442 5459 1547 5535 impetu
1569 5464 1605 5523 de
1627 5464 1743 5533 libano,

98 5537 241 5612 fulgentes.
266 5542 305 5600 lbi
326 5546 423 5604 crescii
445 5555 471 5606 ot
494 5551 604 5620 fistulo,
622 5549 713 5608 breuis
742 5547 891 5606 arbuscula
943 5551 1007 5624 quia
1020 5551 1122 5608 lineata
1136 5547 1261 5608 lordonis
1284 5563 1347 5605 com
1371 5563 1474 5623 magm
1489 5552 1593 5629 impeta
1608 5555 1745 5616 buonido

182 5670 300 5726 rurucu.
325 5670 454 5731 clxxii.
1639 5681 1672 5743 ιι
