3942 6067
190 276 225 334 b‘l
488 271 637 334 HONORll
656 262 905 332 tucuslonutt.
922 264 1001 324 OPP.
1017 265 1105 327 PARS
1122 271 1144 327 l.
1161 302 1194 315 ·—
1210 270 1348 331 DthSG.
1364 272 1410 330 ΕΤ
1423 269 1561 331 mstott.
1692 348 1698 358 ⁵
1804 278 1840 332 68

189 400 233 469 sit,
245 401 298 459 etsi
312 409 427 475 possunt
438 400 539 469 dicere,
550 402 623 474 qnod
635 404 677 457 est
687 396 826 455 infirmum
836 393 989 452 secundum
1003 395 1027 451 Α
1043 394 1157 452 torridae
1172 412 1249 455 nonae
1263 398 1381 469 positus.
1403 398 1481 455 Unde
1502 412 1553 455 aer
1564 404 1670 456 nostrae
1683 398 1840 459 habitabilis

189 497 311 547 nostram
335 490 498 547 sententiam
523 506 605 563 quam
630 488 745 547 dicimus
768 486 877 542 firmum
890 481 987 555 [forie.

189 576 416 653 firmamentnml,
433 579 526 636 vocari
540 580 652 649 aetbera,
669 587 760 634 tamen
775 574 906 643 dicimus,
922 580 949 628 et
964 570 989 627 si

189 684 246 725 non
261 668 337 725 sitin
352 668 539 734 firmamento,
555 675 646 724 tamen
669 684 751 741 posse
772 665 870 721 referri
892 664 927 721 ab
942 676 984 719 eo.

189 758 223 813 Ut
238 758 310 815 enim
334 757 361 813 in
383 758 481 813 eodem
504 756 629 829 exemplo
649 756 683 813 de
706 755 770 813 navi
795 754 986 827 persistamus,

160 856 162 867 ⁴
189 846 215 901 si
229 846 329 918 aliquid
344 846 404 906 lave
425 846 502 915 juxta
525 846 616 903 navim
639 846 675 901 sit
695 845 798 916 impetu
818 841 988 899 illiusrefer·

188 942 242 1001 tur,
258 942 286 989 ut
301 934 323 989 si
338 934 367 990 in
381 949 414 991 ec
427 948 482 991 uon
497 934 540 989 sit.
557 936 632 1007 llrgo
642 950 704 991 cnm
718 934 760 991 sol
775 934 844 991 levis
857 939 884 989 et
898 932 987 1005 igneae

188 1024 223 1078 sit
236 1031 350 1093 naturae,
367 1038 383 1081 a
397 1022 584 1091 firmamento,
597 1012 652 1080 ¹etsi
665 1022 692 1078 in
708 1038 740 1081 eo
754 1039 808 1081 non
824 1024 868 1097 sit,
883 1030 985 1098 potest,

188 1111 293 1169 referri.

187 1206 254 1285 Car.
269 1228 371 1285 XXVI.
387 1258 422 1270 -
437 1228 528 1296 Quone
546 1228 588 1284 rol
606 1228 716 1301 oblique
728 1231 887 1296 moveatur,
904 1231 934 1284 ει
951 1227 985 1285 dc

471 1300 564 1355 hicme
582 1301 611 1355 ει
626 1314 699 1356 uere.

225 1418 350 1474 blovetur
364 1431 429 1489 ergo
443 1413 485 1471 sol
504 1422 531 1471 et
552 1414 600 1471 alii
614 1413 730 1487 planetae
744 1414 779 1471 ab
793 1414 936 1473 occidente
955 1414 985 1469 in

186 1509 328 1573 orientem,
345 1521 400 1561 non
414 1512 489 1563 recto
502 1505 598 1573 modo,
615 1504 664 1561 sed
680 1503 791 1577 obliquo
814 1504 911 1571 modo,
927 1502 984 1561 sci-

186 1598 260 1667 licet,
286 1594 496 1663 descendendo,
523 1593 698 1651 ascendendo
713 1593 748 1648 ad
771 1591 912 1649 orientalia
936 1608 983 1647 se-

186 1686 305 1743 eundum
324 1683 481 1756 predictam
500 1682 639 1754 signorum
670 1682 886 1754 dispositionem.
915 1680 983 1751 Sed,

186 1774 258 1831 dicet
277 1772 376 1845 aliquis
392 1790 398 1826 :
415 1770 482 1841 Qum
497 1771 648 1829 necessitas
669 1769 733 1839 fnit,
751 1770 824 1843 quod
847 1770 888 1827 sol
912 1770 983 1826 obli-

187 1880 250 1937 qno,
262 1878 317 1918 non
328 1868 404 1919 recto
415 1861 501 1933 ¹modo
510 1862 655 1917 movetnrl
670 1860 858 1931 Respondetur
868 1873 874 1915 ι
886 1860 988 1931 Magna

1043 500 1095 542 nec
1109 486 1200 542 minus
1214 486 1330 553 calidas,
1346 503 1400 544 nec
1413 486 1505 543 minus
1518 487 1651 561 frigidus,
1674 505 1726 546 nec
1748 490 1840 546 minus

1043 573 1141 643 dccna,
1157 592 1208 632 nee
1221 576 1312 632 minus
1327 576 1465 644 humidus,
1480 578 1530 633 sed
1545 577 1618 633 inter
1631 586 1746 650 quatuor
1767 594 1839 651 qua-

1041 663 1131 721 litates
1144 673 1319 737 temperatus.
1334 667 1376 721 lix
1390 667 1442 722 hac
1455 666 1588 738 temperie
1603 667 1664 738 pori
1676 675 1759 725 terrae
1772 684 1838 740 ape·

1041 754 1161 816 riantur.
1185 763 1369 828 evaporatque
1389 755 1480 811 furnus
1502 755 1645 824 humidus,
1661 757 1708 829 qni
1725 773 1777 829 per
1789 772 1838 813 rc-

1043 842 1119 900 dices
1133 844 1264 900 arbomm
1287 852 1313 900 et
1333 842 1484 901 herbarum
1508 844 1658 912 scandens,
1673 845 1780 903 confert
1797 847 1839 902 eis

1041 940 1228 1004 augmentum,
1244 940 1272 989 et
1285 935 1487 1007 vegetationem
1508 934 1661 1006 (harma).
1685 935 1764 991 Unde
1777 935 1840 1007 qui-

1041 1020 1103 1076 dam
1131 1023 1235 1078 mensis
1255 1022 1334 1093 hujus
1356 1022 1489 1094 temporis
1512 1021 1613 1079 dicitur
1631 1022 1748 1094 Aprilis,
1773 1023 1840 1096 qnia

1040 1116 1108 1167 tnnc
1119 1118 1195 1167 terra
1209 1111 1332 1183 aperitur
1344 1110 1372 1166 in
1384 1110 1479 1169 liores.
1494 1112 1598 1183 Estque
1612 1111 1693 1181 hujus
1706 1112 1838 1184 temporis

1039 1200 1182 1272 proprium
1203 1200 1361 1258 inconstans
1378 1216 1451 1273 esse,
1467 1200 1573 1259 scilicet
1586 1200 1670 1258 modo
1682 1200 1839 1272 pluviosam

1042 1305 1076 1345 ex
1090 1289 1228 1347 vicinitate
1241 1290 1355 1360 hiemis,
1377 1290 1460 1346 modo
1479 1289 1581 1347 siccum
1596 1304 1630 1345 ex
1643 1288 1784 1347 vicinitate
1798 1306 1838 1347 εε-

1039 1377 1126 1449 ειειὶε,
1138 1379 1222 1436 modo
1231 1379 1328 1436 eadem
1339 1379 1445 1437 ratione
1458 1378 1588 1448 ceddam,
1599 1379 1681 1437 modo
1694 1377 1837 1451 frigidum.

1040 1468 1107 1524 lude
1121 1477 1162 1524 εει
1180 1469 1253 1540 quod
1267 1468 1297 1525 in
1310 1468 1406 1525 llartio
1421 1484 1494 1540 saepe
1513 1467 1686 1525 infirmontnr
1697 1468 1837 1538 homines,

1038 1556 1104 1630 quia
1117 1573 1233 1629 corpora
1242 1559 1466 1629 hnmanaaperta
1475 1565 1581 1615 suntet
1595 1557 1698 1629 calore,
1709 1558 1838 1615 etstatim

1039 1654 1247 1719 corrumpuntur
1267 1662 1301 1702 ex
1324 1647 1415 1703 subito
1430 1645 1550 1720 frigore.
1569 1647 1635 1713 Sed,
1651 1646 1675 1703 si
1689 1646 1792 1719 aliquis
1806 1662 1839 1702 so

1015 1737 1133 1808 Braboc
1146 1744 1268 1808 tempore
1281 1744 1437 1802 conservet,
1453 1735 1560 1792 tardius
1580 1735 1609 1791 in
1631 1751 1680 1805 eo,
1704 1751 1786 1809 qnam
1809 1735 1839 1792 in

1053 1842 1059 1877 a
1071 1824 1234 1897 littempore
1247 1823 1432 1881 infirmitatem
1444 1824 1574 1882 incurret.

186 1951 322 2025 quomodo
341 1948 530 2007 ostendemus.
560 1949 614 2006 Sed
629 1949 845 2021 praedocenmus,
861 1962 930 2021 quas
945 1946 985 2003 di·
1040 1948 1106 2004 Cnr.
1121 1948 1238 2005 XXVll.
1266 1978 1301 1990 -
1328 1949 1404 2007 Unde
1432 1949 1523 2005 ultius
1549 1953 1700 2006 moventur
1726 1948 1841 2018 infirmi

185 2041 328 2099 versitates
352 2037 464 2111 oblique
486 2038 604 2095 meando
630 2044 769 2109 operetur,
795 2054 810 2093 a
833 2036 984 2103 remotiori,
1074 2022 1107 2076 in
1121 2037 1199 2086 ”mv
1223 2025 1251 2076 02
1273 2022 1305 2077 tn
1329 2025 1491 2090 “Mummi
1515 2024 1549 2077 Η
1568 2020 1602 2077 df
1621 2024 1744 2093 ΜΨ·
1764 2022 1839 2077 Μ

187 2128 216 2186 id
231 2137 274 2186 εει
288 2145 305 2184 a
319 2127 483 2200 capricorno
498 2126 669 2199 incipientes.
686 2127 755 2182 Cum
769 2142 837 2199 ergo
851 2125 893 2181 sol
906 2125 986 2180 intrat
1077 2092 1258 2164 ‘mmm'

185 2218 389 2290 capricornum,
408 2216 480 2289 quod
502 2214 635 2289 contingit
658 2213 686 2269 in
705 2213 796 2270 medio
811 2212 983 2284 Decembris,
1073 2207 1123 2265 Hic
1142 2209 1251 2280 subjicit
1279 2208 1376 2282 aliquis
1396 2226 1404 2265 ε
1425 2209 1503 2266 Unde
1530 2224 1600 2282 ergo
1627 2216 1689 2279 est,
1717 2207 1839 2283 quodsi

184 2306 265 2364 unius
279 2306 384 2363 mensis
400 2305 481 2359 intrat
506 2304 631 2377 signum,
655 2310 682 2359 at
703 2303 732 2358 in
751 2302 841 2359 medio
863 2301 987 2358 tannarii
1038 2307 1138 2380 aliquis
1161 2307 1242 2364 intret
1264 2308 1384 2381 aliquam
1407 2304 1608 2371 infirmitatem,
1623 2322 1681 2362 non
1695 2313 1748 2362 tam
1762 2322 1838 2379 saepe

185 2396 249 2453 exit.
268 2394 349 2469 eique
365 2392 515 2449 attribuitur
529 2392 557 2447 in
573 2408 627 2464 qno
643 2390 708 2447 illud
723 2391 814 2458 intrat,
837 2389 899 2463 quia
920 2398 985 2449 tunc
1038 2396 1151 2453 moritur
1168 2396 1196 2451 in
1213 2396 1304 2453 hieme
1322 2412 1403 2469 qnam
1421 2396 1450 2451 in
1468 2411 1542 2453 vere.
1569 2394 1638 2451 Cum
1664 2394 1840 2453 infirmitates

183 2484 384 2542 remotissimus
399 2498 416 2538 a
429 2490 523 2539 nostra
542 2480 700 2549 habitabili,
724 2479 771 2536 illa
793 2480 894 2554 frigore
915 2496 984 2535 eon·
1039 2486 1165 2542 oriantur
1177 2502 1210 2542 ex
1221 2486 1294 2542 malo
1303 2486 1419 2541 humore
1429 2484 1645 2557 permembrese
1654 2484 1839 2553 diffundente,

183 2574 336 2648 stringitur.
356 2573 441 2629 Terra
456 2570 528 2627 enim
550 2577 577 2625 et
599 2584 671 2641 aqua
694 2569 853 2625 naturaliter
876 2568 984 2641 frigida
1038 2592 1072 2633 ar
1093 2574 1244 2651 frigiditate
1266 2575 1364 2631 hiemis
1387 2574 1611 2649 constringuntur
1629 2575 1770 2644 humores,
1784 2590 1839 2632 nec

43 2716 49 2729 ,
93 2730 98 2737 ,
182 2670 255 2730 sunt,
271 2662 324 2718 nisi
347 2660 441 2717 asela
456 2658 594 2717 calefiant.
614 2660 697 2727 Item,
713 2673 775 2716 cnm
790 2673 845 2715 non
871 2657 906 2713 sit
930 2674 983 2731 quo
1038 2673 1152 2738 possunt
1166 2665 1300 2722 defluere.

182 2759 299 2819 arescat,
317 2767 364 2807 aar
388 2754 523 2822 spissatur
544 2749 571 2804 in
591 2748 687 2819 nubes,
715 2764 775 2819 quaa
797 2746 984 2803 dissolvuntur
1071 2755 1219 2813 1310010122
1234 2752 1421 2820 animeris,
1436 2752 1532 2810 {pidem
1554 2752 1747 2820 dissolvuntur,
1773 2748 1838 2821 qui.

181 2840 210 2895 in
224 2841 344 2912 pluvias.
364 2838 429 2895 lnde
443 2836 471 2895 fit
488 2837 612 2911 quaedam
627 2838 744 2893 varietas
767 2836 840 2903 anni,
857 2852 917 2909 qnae
931 2851 984 2892 vo·
1038 2843 1089 2899 bns
1102 2843 1310 2902 decurrentibus
1331 2858 1382 2914 per
1396 2841 1528 2908 membra,
1545 2841 1699 2899 succumbit
1710 2840 1793 2896 homo
1809 2845 1839 2895 et

182 2938 260 2985 0³¹⁰?
283 2929 378 2983 hiems·
411 2928 459 2981 Est
480 2925 551 2982 essim
576 2924 665 2981 hiems
687 2925 799 2980 humidt
823 2932 850 2981 el
872 2924 981 2997 frigida,
1038 2934 1159 2989 moritur.
1185 2934 1251 2989 Hac
1264 2932 1410 3005 temperies
1425 2932 1460 2988 eb
1474 2930 1559 2989 ariete
1582 2930 1715 3003 incipiens
1735 2935 1838 2985 exten·

181 3016 390 3087 extenditurque
405 3015 493 3071 donec
504 3012 546 3070 sol
556 3020 680 3070 transeat
690 3013 832 3086 aquarium
842 3020 869 3069 ει
880 3013 981 3084 pisces,
1037 3023 1121 3093 ditur,
1145 3022 1209 3079 dum
1232 3022 1274 3078 sol
1298 3020 1391 3077 estin
1412 3028 1488 3078 tauro
1509 3029 1536 3077 et
1559 3020 1688 3094 geminis.
1714 3018 1838 3073 Primum

180 3120 299 3180 quorum
314 3105 429 3177 primum
447 3103 529 3159 intrat
552 3103 580 3158 in
601 3102 692 3159 medio
718 3102 856 3169 ianuarii.
881 3105 910 3158 et
935 3118 981 3159 se·
1002 3102 1130 3167 Cmedio
1145 3110 1256 3182 Aprilis,
1281 3110 1432 3167 secundum
1455 3109 1548 3166 medio
1569 3108 1634 3165 blaii
1657 3108 1749 3165 intrat.
1766 3106 1838 3163 Huic

180 3196 285 3252 candos
299 3192 433 3268 inlmedio
448 3191 602 3250 Februarii.
623 3191 733 3249 Constat
748 3208 814 3264 ergo
832 3191 917 3248 biems
932 3192 981 3247 tri·

180 3284 232 3341 bna
260 3282 413 3348 mensibus,
429 3290 455 3337 et
470 3281 522 3338 boc
545 3288 586 3337 cst
611 3296 693 3337 unum
717 3281 753 3336 de
775 3288 894 3353 quatuor
918 3278 983 3335 anni

179 3372 360 3445 temporibus.
380 3392 391 3422 ι
408 3370 439 3425 ln
453 3371 505 3427 boc
519 3385 552 3426 ex
567 3368 670 3443 frigore
683 3369 908 3442 constringuntur
922 3368 981 3441 pori

179 3460 334 3535 superficiei
356 3468 450 3526 terra,
475 3474 527 3517 neo
550 3466 641 3531 potest
662 3457 737 3515 calor
751 3472 917 3529 evaporare,
934 3458 981 3531 qni

180 3567 325 3609 remanens
340 3549 423 3612 intus,
438 3547 520 3604 nutrit
543 3547 649 3603 radices
672 3547 823 3603 herbarum
845 3554 872 3603 ει
895 3547 980 3603 arbo·

179 3657 249 3709 mm,
265 3640 408 3711 vicemque
424 3637 518 3695 matris
533 3636 700 3710 praegnantis
714 3636 829 3692 obtinet.
848 3655 859 3689 v
882 3636 976 3693 inere-

179 3737 300 3785 mentnm
323 3735 415 3785 antem
441 3742 497 3786 non
519 3724 623 3783 confert
639 3742 646 3779 z
662 3725 723 3798 quia
749 3740 801 3782 neo
820 3724 904 3794 calor,
928 3741 980 3783 neo

179 3819 287 3885 humor,
307 3834 340 3875 ea
361 3817 458 3891 quibus
477 3832 559 3872 omne
577 3813 775 3871 incrementum
809 3822 867 3883 est,
890 3822 980 3886 potest

177 3911 342 3977 ascendere,
359 3917 472 3983 propter
492 3908 694 3967 constrictionis
712 3906 812 3981 frigus.
831 3906 886 3964 Sed
907 3908 980 3963 unde

177 4001 252 4075 gelu,
262 4002 335 4057 unde
346 4000 432 4068 nives,
445 3998 517 4055 unde
529 3998 688 4072 mandinse,
702 3998 775 4054 unde
784 3997 894 4069 pluviae,
906 3996 979 4053 unda

177 4090 316 4159 tonitrua,
339 4089 413 4145 unde
437 4087 550 4145 fulmina
569 4088 746 4159 contingant,
762 4087 790 4141 in
805 4093 923 4143 tractatu
946 4086 979 4142 dc

177 4194 242 4235 aere
259 4178 392 4236 dicemus.
413 4176 482 4232 llnic
495 4176 611 4247 tempori
630 4174 783 4232 consimilia
800 4183 874 4242 sunt,
894 4191 976 4248 aqua,

178 4266 322 4339 phlegma,
345 4273 414 4321 aetas
435 4264 574 4337 decrepita
599 4279 605 4318 :
629 4264 688 4321 haec
704 4264 805 4321 etenim
827 4263 930 4337 frigida
951 4273 979 4321 et

136 4427 138 4435 .
177 4354 288 4411 humida
303 4362 374 4409 sunt.
394 4353 424 4408 ln
438 4354 536 4410 eodem
551 4369 581 4409 sc
595 4352 694 4409 melius
712 4350 816 4409 habent
835 4353 976 4421 cholerici,

1036 3199 1153 3271 tempori
1166 3198 1324 3255 consimiles
1339 3205 1403 3254 sunt
1415 3214 1472 3265 aer,
1488 3196 1611 3271 sangnis,
1625 3195 1745 3268 pucritia
1770 3193 1838 3267 qnia

1037 3288 1121 3346 calidi
1142 3296 1169 3343 ει
1190 3287 1296 3343 humidi
1318 3295 1391 3343 snut.
1423 3288 1455 3342 ln
1486 3300 1519 3345 eo
1550 3302 1581 3343 se
1611 3285 1709 3342 melius
1733 3283 1840 3340 hebent

1036 3376 1236 3442 melancholici,
1261 3376 1343 3449 pejus
1367 3376 1522 3448 sanguinei,
1536 3374 1634 3432 melius
1648 3390 1740 3444 senas,
1754 3373 1837 3445 pejus

1036 3466 1125 3539 pueri.
1143 3465 1265 3522 Pessima
1278 3464 1423 3521 infirmitas
1436 3472 1478 3521 est
1492 3481 1554 3537 quaa
1563 3463 1637 3521 venit
1646 3480 1679 3520 ex
1690 3461 1833 3535 sanguine,

1036 3555 1126 3611 minus
1140 3555 1211 3610 mala
1234 3570 1294 3627 qnae
1317 3570 1352 3610 ex
1375 3554 1570 3621 melancholia,
1595 3562 1626 3609 nt
1645 3560 1786 3626 quartana.
1802 3550 1837 3605 ln

1036 3645 1135 3701 eodem
1148 3652 1190 3700 est
1204 3643 1380 3710 conveniens,
1396 3643 1436 3700 uti
1450 3642 1559 3716 frigidis
1572 3649 1599 3698 et
1609 3642 1701 3699 siccis.

1071 3735 1138 3790 Cum
1152 3740 1243 3791 antem
1257 3749 1344 3805 usqne
1358 3732 1394 3788 ad
1408 3748 1538 3788 cancrum
1552 3730 1685 3800 ascendit,
1709 3740 1745 3787 ex
1763 3744 1834 3802 pro·

1034 3822 1184 3896 pinqnitate
1198 3839 1250 3879 sua
1265 3829 1368 3879 terram
1382 3820 1502 3879 incendit
1516 3830 1543 3878 et
1556 3820 1687 3877 desiccat.
1702 3819 1780 3877 Unde
1790 3826 1835 3877 est

1035 3919 1115 3968 astes
1138 3911 1229 3968 calida
1243 3919 1271 3968 et
1284 3911 1368 3977 sicea,
1383 3926 1445 3983 qnae
1458 3909 1595 3981 incipiens
1619 3909 1712 3965 medio
1739 3907 1834 3977 Innio,

1035 4002 1146 4073 qnando
1164 4000 1206 4058 sol
1224 4000 1307 4056 intrat
1325 4015 1474 4066 cancrum,
1499 3998 1651 4055 extenditur
1682 3998 1772 4054 donec
1801 3996 1832 4051 in

1034 4088 1114 4147 leone
1132 4106 1215 4162 quem
1229 4089 1311 4145 intrat
1324 4088 1415 4146 medio
1435 4088 1516 4155 lulio,
1532 4094 1559 4143 et
1570 4086 1659 4143 donec
1680 4094 1722 4143 est
1733 4085 1760 4141 in
1774 4084 1834 4143 vir-

1000 4158 1012 4179 *
1035 4178 1100 4251 gine
1115 4195 1197 4251 quam
1211 4178 1294 4235 intrat
1304 4177 1395 4234 medio
1409 4179 1546 4250 Anguste,
1558 4176 1642 4249 hujus
1650 4173 1780 4247 temporis
1789 4182 1833 4231 ast

1034 4274 1062 4323 et
1074 4266 1224 4323 herbarum
1243 4274 1271 4323 et
1290 4267 1422 4323 arbomm
1441 4265 1549 4322 radices
1563 4266 1714 4322 exsiccare.
1731 4263 1832 4319 Consi-

1033 4355 1098 4412 mila
1114 4363 1156 4411 cst
1169 4355 1238 4430 igni,
1252 4350 1382 4427 cholerae,
1406 4360 1434 4411 et
1453 4353 1604 4425 juventuti3
1619 4355 1679 4410 haec
1693 4352 1766 4408 enim
1780 4367 1832 4409 ca·

176 4444 257 4516 pejus
272 4442 457 4517 phlegmatici,
474 4443 573 4499 melius
584 4442 715 4515 juvenes,
731 4442 811 4515 pejus
831 4442 972 4515 decrepiti.
994 4450 1019 4507 1)
1033 4442 1090 4501 lida
1102 4452 1130 4501 et
1144 4444 1218 4503 sicca
1233 4453 1306 4513 sunt,
1321 4444 1350 4501 in
1365 4460 1398 4501 eo
1414 4459 1445 4500 se
1465 4443 1563 4499 melina
1576 4442 1675 4499 habent
1689 4441 1834 4515 phlegma·

175 4532 298 4589 Pessima
322 4539 366 4589 est
388 4530 531 4587 infirmitas
555 4548 616 4604 quae
638 4547 671 4588 ex
695 4532 869 4604 phlegmata,
885 4531 977 4604 quoti-

178 4617 260 4675 diana
287 4616 389 4687 febris3
422 4615 515 4672 minus
538 4616 609 4672 mala
624 4632 685 4689 quaa
699 4632 732 4673 ex
747 4616 859 4673 cholera
874 4624 902 4673 ut
917 4624 975 4675 ter-

175 4706 265 4777 tiana;
289 4704 354 4763 utile
376 4712 418 4761 est
441 4703 470 4761 in
492 4705 590 4763 eodem
604 4713 780 4780 augmentare
795 4706 895 4763 cibum.
913 4706 975 4763 Pori

175 4794 248 4854 enim
262 4794 372 4852 humani
392 4794 531 4868 corporis,
555 4811 588 4851 ax
610 4794 758 4869 frigiditate
779 4794 974 4869 constringuu-

173 4892 229 4957 tur,
244 4884 317 4945 unde
340 4883 417 4943 calor
440 4885 513 4941 intus
535 4900 718 4956 permanens,
741 4882 803 4956 plus
827 4883 971 4942 consumit.

173 4976 273 5033 Contra
294 4975 377 5050 igitur
400 4975 559 5032 interiorem
573 4972 772 5041 defectionem,
787 4982 970 5045 opportunum

174 5072 215 5123 est
238 5064 380 5123 infundere
404 5065 567 5121 exteriorem
590 5062 776 5119 refectionem.
808 5062 875 5119 lnde
898 5062 971 5134 quod

172 5155 246 5226 apud
271 5156 397 5229 antiquos
421 5154 494 5209 Dans
515 5152 632 5219 hiemis,
657 5151 768 5226 pinguis
790 5159 886 5209 venter
905 5151 969 5223 pin-

172 5243 295 5317 gebatur,
321 5252 347 5300 ει
370 5244 405 5299 ab
426 5240 599 5298 immunditia
620 5240 727 5312 paludis
750 5241 868 5311 spurtus
885 5255 969 5298 voca-

173 5332 265 5389 batur.
286 5332 317 5387 ln
341 5333 437 5389 eodem
460 5331 561 5387 bonnm
584 5337 625 5385 εει
649 5328 687 5383 nti
710 5327 805 5385 calidis
825 5338 851 5385 et
872 5330 965 5389 siccis.

173 5420 240 5479 Cum
255 5436 322 5479 vcro
345 5422 386 5478 sol
408 5418 586 5479 ascendendo
602 5432 689 5489 usque
708 5417 744 5473 ad
764 5416 877 5475 arietem
902 5436 969 5492 per·

173 5510 256 5577 venit,
272 5526 354 5583 quem
367 5511 396 5565 in
410 5510 499 5569 madio
519 5506 608 5567 Martii
627 5506 727 5577 intrat,
744 5522 795 5564 nec
809 5507 900 5565 minus
922 5526 969 5566 re-

171 5605 276 5673 motus,
292 5612 345 5658 nec
358 5598 448 5659 minus
461 5598 634 5675 propinquus
645 5605 705 5673 εει,
718 5604 811 5673 utpote
829 5597 858 5655 in
878 5598 971 5659 medio

1032 4533 1089 4604 tici,
1099 4535 1178 4608 pejus
1192 4534 1333 4603 cholerici,
1343 4533 1441 4590 melius
1451 4531 1591 4605 decrepiti,
1609 4532 1687 4605 pejus
1702 4532 1830 4601 juvenes.

1031 4623 1155 4681 Pessima
1170 4632 1213 4682 εει
1231 4622 1374 4680 infirmitas
1388 4638 1449 4696 quae
1463 4622 1537 4680 venit
1552 4636 1585 4678 ex
1599 4620 1720 4688 cholera,
1737 4618 1831 4675 minus

1029 4712 1103 4770 mela
1118 4730 1179 4787 qnae
1193 4728 1232 4770 ex
1245 4714 1403 4789 phlegmate
1417 4720 1468 4769 est.
1492 4712 1522 4767 ln
1542 4710 1640 4767 eudem
1655 4715 1697 4766 est
1711 4709 1776 4767 utile
1789 4708 1830 4766 uti

1028 4802 1138 4877 frigidis
1153 4811 1180 4859 ει
1190 4803 1321 4860 humidis.
1336 4802 1563 4876 hugmentandns
1578 4807 1620 4857 est
1635 4808 1725 4873 potus,
1738 4806 1765 4856 et
1779 4798 1832 4855 mi·

1027 4892 1155 4950 nuendus
1169 4900 1212 4949 est
1226 4892 1314 4950 cibus.
1337 4892 1405 4949 Cum
1419 4891 1493 4949 enim
1507 4906 1540 4947 ex
1554 4890 1647 4947 calore
1662 4889 1749 4962 aperti
1766 4896 1830 4945 sunt

1027 4982 1090 5054 pori
1105 4982 1242 5054 corporis,
1259 4990 1387 5055 evaporat
1401 4981 1478 5039 calor
1491 4979 1635 5046 naturalis,
1651 4996 1685 5036 ex
1702 4994 1757 5052 quo
1771 4994 1828 5037 non

1027 5070 1066 5128 ite
1081 5072 1152 5129 bene
1165 5071 1300 5144 digeritur
1314 5071 1401 5136 cibns,
1418 5069 1467 5127 ced
1482 5070 1545 5141 qnia
1559 5077 1642 5141 potus
1654 5069 1709 5125 cito
1728 5068 1830 5127 transit

1026 5159 1056 5215 in
1070 5161 1244 5235 sanguinem,
1269 5158 1489 5233 augmentandus
1510 5166 1562 5215 ast.
1584 5158 1636 5214 llic
1648 5157 1734 5214 oritur
1747 5174 1827 5230 quae-

1027 5250 1090 5308 stio.
1106 5250 1174 5307 Cum
1189 5250 1248 5305 istae
1262 5248 1435 5306 diversitates
1455 5248 1484 5305 in
1504 5246 1641 5321 predictis
1655 5247 1827 5319 temporibus

1027 5356 1061 5396 ex
1076 5338 1281 5413 propinquitate
1305 5345 1333 5395 ει
1350 5337 1500 5395 remotione
1525 5336 1593 5394 solis
1614 5337 1734 5393 babeant
1755 5350 1826 5395 con·

1026 5429 1144 5502 tingere,
1160 5428 1201 5486 sol
1216 5444 1285 5485 vero
1300 5428 1421 5485 existens
1435 5428 1463 5484 in
1477 5426 1568 5493 leone,
1585 5434 1688 5483 tantum
1711 5424 1795 5483 distat
1810 5440 1826 5481 a

1025 5526 1119 5575 nostra
1140 5517 1291 5587 habitabili,
1308 5525 1440 5593 qnantum
1454 5516 1574 5573 existens
1592 5514 1619 5570 in
1644 5514 1772 5588 geminis,
1796 5513 1826 5572 in

1025 5606 1134 5683 virgine
1148 5616 1280 5683 qnantum
1293 5605 1455 5680 intanro,in
1465 5604 1538 5665 libra
1551 5612 1682 5681 qnantum
1694 5604 1724 5663 in
1736 5604 1826 5666 ariete
