3942 6067
148 268 202 325 ess
532 270 716 332 serenans
734 270 926 333 scennsre.
949 287 987 317 a·
1004 222 1224 337 sormones
1240 279 1272 337 s.
1294 238 1411 367 emar.
1748 299 1801 355 usa

142 394 197 454 mis
211 395 386 471 aggregavit.
401 396 518 455 neroum
533 414 586 472 pro
599 398 701 457 Christi
720 399 833 459 nemius
847 414 864 457 a
877 416 945 477 rege
958 398 989 463 Α
1002 400 1054 463 tice
1068 404 1104 461 sb
1118 420 1153 464 eo
1166 404 1324 478 fabricatur,
1339 408 1368 467 iu
1383 427 1437 487 quo
1450 412 1536 473 multu
1550 414 1656 490 (etit)
1669 429 1802 492 prestun-

142 484 359 557 cuurprebeusus
381 495 530 557 catenatur,
546 488 679 547 eooeruti
700 489 829 547 custodio
852 504 944 549 muce-
999 502 1043 553 tur
1056 494 1189 554 beneficis
1203 513 1253 571 per
1268 500 1342 558 beuti
1357 502 1520 562 christofori
1533 508 1665 581 martyris
1684 510 1797 570 merite.

142 581 226 642 ratur,
242 573 339 631 ferreis
349 574 438 650 virgis
451 578 590 647 nitemur,
599 578 717 635 flammis
730 580 878 637 estuantis
887 579 945 638 for·
999 583 1071 654 Quia
1084 585 1178 659 igitur,
1191 588 1342 658 karissimi,
1354 591 1399 649 bio
1409 599 1439 649 ut
1448 592 1596 667 splendide
1608 604 1686 653 nstra
1698 596 1727 655 in
1737 614 1802 659 eou-

141 662 219 720 uecis
240 662 382 735 affligiturs
397 666 449 722 sed
461 667 571 725 cbristo
584 668 709 726 salvante
722 668 788 727 iude
803 670 942 743 eripitur;
999 682 1094 747 speetu
1107 676 1205 733 aeterni
1219 678 1287 735 solis
1303 694 1376 738 nuuc
1392 681 1486 740 vivunt
1500 684 1547 741 ubi
1560 700 1658 743 omnes
1681 688 1728 761 qui
1747 704 1802 747 no-

140 751 169 808 iu
183 767 281 825 cumpo
307 755 343 811 ed
363 754 473 828 siguum
487 755 587 831 ligalm
600 758 721 831 ponitur,
736 760 845 835 sagittis
859 760 945 820 nudi·
998 762 1063 821 uieu
1076 765 1137 837 ejus
1150 764 1281 841 diligunt,
1294 767 1437 842 deposcite
1452 787 1501 830 eos
1516 773 1624 831 devotis
1633 776 1763 848 precibus
1773 786 1803 836 ut

141 857 196 914 que
209 842 375 912 confoditur,
399 844 436 901 ud
458 845 583 905 ultimum
608 848 699 921 capite
720 848 865 923 plectitur.
884 851 943 911 ilex
998 854 1082 913 liceat
1096 855 1259 929 perticipari
1272 872 1367 915 eorum
1383 860 1480 935 gloriar
1502 862 1532 919 iu
1552 863 1712 923 celeribus
1725 866 1802 927 sadi-

143 945 207 989 euru
219 931 322 1007 populo
334 948 490 993 conversus
504 935 667 1011 baptisatur,
691 938 808 999 ecclesis
833 940 944 1016 magui-
998 942 1060 1004 bus.
1078 945 1132 1003 Ubi
1146 944 1241 1005 oculus
1255 962 1311 1006 nou
1326 948 1394 1007 vidit
1408 951 1433 1023 (l
1446 950 1507 1011 cor.
1523 952 1565 1025 u).

870 1156 1077 1171 m

585 1326 658 1403 AD
684 1326 922 1406 VINCULA
950 1329 1145 1409 SANGTI
1175 1330 1354 1411 PETRI.

181 1556 273 1615 Nimis
287 1556 421 1617 dooerott
432 1563 503 1617 root
516 1560 604 1618 coutet
618 1560 673 1631 tut,
689 1561 780 1636 fleus,
799 1564 889 1621 nimis
903 1566 948 1643 ert
1001 1580 1104 1639 corpus
1117 1565 1207 1636 ejuse
1219 1564 1393 1641 principibus
1407 1570 1564 1639 senerdtur,
1580 1571 1630 1631 sad
1644 1572 1726 1631 etium
1749 1574 1801 1631 bt·

146 1649 326 1727 coelortotos
350 1648 534 1725 pdoeipctus
560 1666 658 1709 eorum
680 1652 771 1721 (Ptol.
795 1653 945 1724 cxxxviii).
1001 1654 1056 1711 culi
1070 1654 1115 1713 rel
1128 1663 1233 1713 cuteue
1248 1657 1310 1728 eius
1323 1657 1367 1715 rel
1382 1665 1474 1717 vestes
1488 1660 1533 1717 rel
1551 1659 1656 1735 eliquid
1678 1662 1714 1719 ed
1738 1678 1802 1723 eum

145 1735 463 1809 Apostolumlrurissimi,
475 1754 531 1795 uon
542 1755 639 1797 servus
649 1740 701 1797 sed
711 1740 814 1799 amicos
824 1740 949 1799 Christus
1002 1743 1143 1817 pertinens
1158 1744 1237 1819 quasi
1251 1744 1374 1803 divinum
1388 1746 1455 1820 quid
1469 1748 1505 1804 sb
1519 1749 1594 1806 omni
1608 1750 1710 1823 populo
1733 1750 1803 1809 udo·

144 1824 303 1899 appellerit,
319 1826 382 1900 quiu
397 1826 440 1885 ois
463 1828 555 1885 omniu
577 1837 686 1887 secretu
711 1830 799 1887 l’etris
820 1829 945 1889 noutios-
1004 1842 1090 1893 ratur.
1106 1834 1178 1893 lices
1194 1841 1267 1893 totus
1280 1834 1359 1893 orbis
1375 1836 1494 1911 undique
1514 1837 1543 1895 iu
1567 1838 1664 1897 urbem
1687 1840 1805 1899 liomsm

141 1913 180 1971 rit
196 1914 287 1987 (foen.
302 1918 362 1982 xvi.
386 1916 434 1973 leti
448 1925 513 1974 sunt
526 1917 608 1975 nimis
622 1917 799 1977 honorificati
813 1919 948 1993 quiajam
1004 1922 1117 1980 confluit
1138 1932 1252 1997 propter
1277 1926 1389 1983 Petrum
1412 1926 1594 1997 piscatorem,
1618 1944 1674 1986 non
1693 1938 1806 2003 pmpter

142 2003 171 2060 in
185 2002 263 2061 omlis
277 2012 341 2061 suut
354 2005 461 2080 augelis
476 2006 662 2081 equipparati.
687 2009 791 2065 liomm
806 2009 949 2083 principu-
1002 2013 1156 2087 augustum
1171 2014 1267 2070 mundi
1280 2013 1486 2087 imperatorem.
1514 2014 1635 2085 Quilibet
1656 2016 1804 2094 investiget

145 2101 189 2149 tus
202 2091 286 2149 nimis
300 2093 472 2153 confortatur
486 2096 549 2171 quia
563 2112 660 2153 eorum
680 2096 777 2173 ligatio
792 2098 836 2157 rel
848 2098 948 2158 solutio
1003 2096 1180 2167 sepulebmm
1205 2098 1367 2170 piscatoris,
1396 2098 1492 2155 nullus
1523 2100 1638 2173 inquirit
1670 2102 1806 2161 tumulum

141 2182 171 2239 iu
192 2182 271 2241 ecelis
291 2191 318 2242 et
339 2184 368 2241 in
389 2184 473 2241 terris
490 2201 506 2241 u
522 2186 582 2245 lieo
596 2186 803 2245 corroboratur.
822 2188 871 2245 leti
885 2196 949 2245 sunt
1001 2181 1132 2254 principis
1147 2182 1277 2240 Neronis.
1303 2184 1418 2255 iusuper
1428 2183 1478 2241 toti
1491 2184 1597 2243 mundo
1611 2184 1752 2258 imperans
1765 2187 1804 2245 ri·

141 2270 282 2346 principes
304 2275 468 2347 populorum
494 2275 540 2349 qui
562 2291 624 2334 eum
647 2278 707 2335 Deo
731 2278 867 2334 abaham
885 2284 949 2335 sunt
1002 2286 1052 2327 vus
1067 2270 1180 2343 quilibet
1189 2272 1332 2345 augustus
1341 2280 1405 2329 oute
1415 2272 1517 2337 mortui
1532 2271 1677 2345 piscatore
1687 2275 1801 2349 iamque

141 2362 320 2437 congregati,
336 2362 397 2437 quia
412 2364 448 2420 de
461 2381 585 2421 aerumna
608 2366 689 2437 buius
709 2366 805 2425 seculi
829 2382 948 2442 nequem
1002 2358 1146 2432 putrefacti
1160 2374 1222 2417 ossa
1242 2361 1412 2433 procumbit,
1438 2360 1567 2420 leerimes
1591 2376 1654 2421 eum
1677 2364 1806 2437 precibus

142 2450 226 2508 ebleti
241 2451 268 2507 iu
283 2452 418 2525 perhenni
429 2454 485 2523 jum
500 2454 590 2528 gloria
604 2463 666 2511 sunt
680 2455 804 2513 exaltati.
820 2455 869 2513 lsti
885 2463 948 2513 sunt
1002 2447 1091 2507 fundit
1106 2458 1133 2506 et
1146 2449 1307 2525 suppliciter
1320 2460 1381 2508 erat
1393 2451 1544 2524 imperetur
1558 2460 1585 2509 ut
1599 2452 1652 2509 sibi
1664 2454 1806 2527 propicius

141 2539 191 2612 qui
205 2556 257 2615 pro
271 2540 400 2599 Putribus
409 2542 544 2602 Ecclesiae
557 2551 621 2601 sunt
632 2545 689 2601 nati
703 2552 731 2601 et
745 2562 828 2617 super
835 2561 947 2602 omnem
1002 2540 1038 2595 sit
1051 2538 1182 2613 piscetur,
1197 2548 1223 2597 et
1237 2540 1349 2598 merito.
1369 2542 1432 2613 lpse
1446 2541 1520 2599 enim
1534 2542 1619 2599 babot
1635 2542 1729 2601 claues
1743 2544 1805 2603 vitae

142 2636 243 2687 terrum
267 2631 406 2705 prinsipes
428 2632 568 2691 sublimati
588 2634 781 2707 (Psoi-uir).
800 2634 946 2707 Prophetas
1003 2636 1030 2685 et
1044 2628 1133 2702 ipsum
1147 2636 1255 2702 oportet
1269 2629 1374 2688 tutati?-
1390 2638 1484 2702 portes
1498 2631 1577 2706 regri
1591 2631 1712 2689 reticetis
1735 2648 1805 2704 tre·

143 2729 263 2789 uemque
276 2723 373 2789 petros
385 2716 519 2777 Ecclesiae
532 2718 682 2775 extiterunt
696 2718 742 2794 qui
754 2734 815 2777 eam
839 2719 948 2793 seriptis
1002 2718 1070 2776 rire.
1090 2718 1136 2776 Sic
1146 2718 1187 2776 sio
1205 2718 1330 2775 Christus
1343 2734 1438 2777 servos
1453 2732 1521 2779 suos
1534 2719 1679 2789 clarificet,
1695 2722 1736 2781 eie
1749 2722 1803 2780 mi-

141 2805 202 2862 llen
216 2814 386 2881 genuerunt.
410 2807 464 2864 Pro
479 2807 523 2864 bie
539 2807 588 2865 filii
601 2808 736 2867 Ecdeme
757 2808 876 2883 apostoli
898 2825 948 2867 uo·
1002 2807 1066 2865 lites
1080 2822 1145 2865 suos
1159 2822 1207 2864 rex
1221 2806 1318 2881 gloriae
1333 2815 1491 2865 remunerat
1505 2816 1534 2867 ut
1547 2825 1603 2867 nou
1617 2810 1708 2868 solum
1732 2810 1804 2869 iuter

144 2902 269 2964 scantur,
284 2895 348 2969 quie
362 2895 398 2952 ab
412 2912 516 2969 sponso
531 2912 582 2954 suo
604 2897 715 2955 Cbristo
739 2913 946 2971 superomuem
1001 2899 1118 2972 augelus
1146 2896 1262 2953 laureati
1292 2896 1501 2971 splendescent,
1527 2914 1621 2956 verum
1647 2899 1729 2957 etiem
1754 2916 1804 2975 per

135 2990 246 3062 >terrum
268 2983 407 3057 principes
428 2986 634 3043 constituuntur
655 2987 760 3059 (taidi.
790 2986 838 3043 lsti
867 2987 947 3045 etiem
1001 2998 1098 3041 omues
1112 2981 1305 3058 generationes
1319 2996 1414 3040 eorum
1429 2982 1563 3041 memoria
1577 2982 1717 3043 florescet.

140 3081 254 3145 propter
265 3072 350 3130 ultam
360 3073 494 3131 virtutum
505 3074 741 3133 conversationem
754 3084 866 3133 montes
879 3076 946 3134 droti
1036 3073 1102 3130 llaec
1123 3072 1184 3129 dies
1207 3070 1356 3144 antiquitus
1380 3081 1440 3129 orat
1463 3072 1579 3131 celebris
1602 3074 1637 3133 ob
1660 3074 1803 3133 victoriam
1833 3100 1836 3105 ·

140 3168 214 3231 suut,
230 3162 277 3235 qui
298 3177 396 3235 pacem
419 3164 523 3237 populo
548 3165 944 3240 susceperuntfPsol.sxx1),
1001 3160 1117 3236 Augusti
1131 3160 1258 3218 (laeseris.
1274 3160 1332 3217 lise
1346 3161 1448 3234 quippe
1463 3164 1605 3237 Augustus
1627 3178 1692 3221 cnm
1714 3164 1802 3221 Anto-

140 3251 252 3325 quando
264 3266 317 3325 per
328 3268 422 3310 verum
444 3270 542 3326 pacem
557 3254 695 3311 Christum
709 3256 829 3313 bumeuu
843 3255 944 3330 generi
956 3234 982 3301 C
996 3251 1042 3309 uio
1057 3266 1181 3324 pugnans
1193 3248 1334 3307 victorium
1357 3250 1473 3307 obtinuit
1496 3259 1537 3320 et,
1564 3251 1628 3309 ideo
1652 3252 1798 3311 Romanus

139 3356 237 3415 pacem
256 3341 392 3398 redditum
417 3344 651 3415 predicaverunt.
678 3342 726 3400 Isti
749 3352 813 3401 suut
833 3353 942 3403 montes
996 3338 1113 3415 populus
1129 3340 1201 3398 buno
1214 3340 1288 3397 diem
1312 3338 1497 3397 sollemnizari
1517 3341 1647 3409 instituit,
1669 3341 1801 3415 templum

140 3430 469 3504 erementanos
485 3432 586 3504 quibus
599 3432 645 3490 Sol
660 3433 789 3504 Justitiae,
805 3450 838 3491 ox
854 3442 943 3491 morte
996 3430 1024 3486 in
1039 3431 1097 3501 eius
1111 3430 1216 3486 bonore
1239 3428 1394 3501 dedicarit,
1422 3444 1547 3487 mensem
1575 3430 1653 3504 prius
1675 3430 1801 3489 sextilem

141 3519 423 3599 oriens,mirebiiiter
446 3530 489 3579 est
511 3521 668 3579 illuminaus
682 3523 826 3595 planiciem
840 3523 942 3581 Eccle-
997 3520 1100 3578 dictum
1114 3520 1270 3592 augustum
1285 3517 1445 3591 appellavit,
1463 3520 1600 3593 hujusque
1622 3518 1679 3577 diei
1701 3536 1800 3595 super-

141 3609 205 3676 sim,
221 3609 333 3683 quando
353 3610 456 3666 turbati
475 3618 538 3667 suut
560 3625 656 3669 omues
675 3610 837 3685 insipientes
857 3611 943 3670 corde
997 3609 1071 3666 stitio
1100 3608 1218 3683 siugulis
1243 3606 1324 3665 aunis
1355 3606 1452 3665 festivo
1482 3608 1642 3677 iterabatur,
1662 3617 1745 3684 etque
1765 3610 1801 3668 eb

144 3698 247 3769 (idid).
271 3698 338 3755 Cum
358 3699 431 3755 enim
452 3700 570 3771 apostoli
590 3702 820 3759 resurrectionem
843 3701 944 3758 Christi
998 3697 1076 3757 omui
1091 3698 1255 3757 succedente
1269 3695 1432 3769 posteritate
1446 3712 1550 3771 magno
1574 3698 1694 3773 tripudio
1717 3714 1801 3758 rono-

141 3787 370 3857 testiliuebautur,
385 3788 508 3863 graviter
521 3788 684 3861 insipientes
697 3789 785 3847 tudaei
799 3790 944 3846 turbaban-
997 3788 1123 3845 nabetur.
1139 3786 1194 3843 Sed
1207 3785 1252 3844 hic
1265 3800 1327 3843 mos
1350 3785 1495 3859 gentilium
1509 3786 1557 3843 teli
1570 3788 1654 3847 modo
1677 3794 1719 3845 est
1742 3805 1802 3846 mu·

140 3883 199 3933 tur.
218 3876 313 3947 Qniin
336 3878 388 3934 bos
406 3886 515 3935 montes
534 3879 700 3946 mcoudunt,
721 3880 819 3936 coelum
839 3878 944 3937 intrare
998 3885 1072 3935 tatus
1100 3876 1128 3931 in
1156 3874 1237 3931 ritum
1265 3872 1387 3931 fidelium
1410 3890 1417 3929 :
1440 3874 1566 3933 Eudosia
1590 3876 1689 3950 regine
1716 3890 1802 3935 muse

138 3965 279 4034 relebuut,
305 3966 380 4040 quio,
396 3965 419 4022 si
434 3968 622 4039 apostolorum
641 3967 724 4024 vitam
746 3976 773 4025 et
791 3968 944 4025 doctrinam
998 3965 1130 4025 orationis
1152 3962 1362 4021 Hierosolimsm
1383 3963 1490 4032 tendit,
1516 3963 1597 4037 eique
1619 3962 1736 4021 infidelis
1749 3966 1801 4023 lu·

139 4054 218 4127 sequi
232 4054 408 4124 voluerimus,
424 4055 521 4127 utique
537 4056 658 4113 coelestin
674 4072 763 4131 regnu
777 4057 882 4114 intrare
896 4072 945 4130 po·
998 4056 1075 4115 daens
1087 4052 1168 4111 fidele
1182 4069 1283 4111 munus
1306 4051 1455 4127 impendit,
1479 4068 1545 4110 num
1566 4064 1679 4111 omenes
1701 4054 1801 4129 quibus

139 4144 268 4201 terimus.
294 4144 483 4215 dilectissimi,
507 4146 684 4203 retereudum
706 4155 747 4203 est
770 4146 851 4204 nobis
871 4147 945 4204 uude
999 4147 1097 4205 beatus
1110 4144 1206 4201 Petrus
1221 4142 1257 4200 eb
1271 4142 1380 4201 llerode
1396 4140 1504 4200 vinctus
1518 4150 1572 4211 est,
1588 4142 1638 4201 sed
1652 4142 1687 4199 ab
1700 4143 1801 4219 angelo

139 4233 582 4305 diesisubobeumrsotemnis;
601 4234 764 4303 nonenim,
785 4235 945 4308 etquidem
999 4235 1027 4291 iu
1041 4234 1145 4291 Pascha
1161 4232 1265 4291 solutus
1291 4239 1344 4300 est,
1364 4230 1390 4289 ei
1413 4232 1528 4301 ubtulit3
1554 4247 1625 4305 quas
1647 4231 1694 4289 illu
1716 4248 1802 4307 super

139 4322 392 4397 potenttiodiemu
405 4322 451 4380 die
466 4324 671 4380 beulusl’etrus
686 4340 702 4381 e
717 4324 832 4381 vinculis
846 4325 945 4382 estub·
999 4340 1097 4383 nurum
1125 4330 1154 4380 et
1179 4321 1314 4395 topazium
1343 4321 1503 4393 amplexans
1539 4320 1658 4381 Remum
1691 4322 1799 4392 detulit,

136 4411 254 4481 solutus,
271 4412 318 4485 qui
332 4412 432 4483 legitur
450 4412 527 4470 circe
544 4413 674 4485 paschale
694 4421 802 4486 tempus
823 4430 875 4487 per
892 4430 945 4471 su·
1001 4412 1154 4487 summique
1177 4410 1314 4485 pontificis
1336 4411 1453 4470 consilio
1476 4410 1624 4470 eeclesiam
1645 4410 1674 4469 in
1694 4412 1802 4471 bonore

135 4500 232 4575 gelum
247 4502 283 4559 de
296 4517 409 4560 carcere
427 4502 508 4560 educi
522 4502 598 4574 (Aet.
614 4504 685 4574 ¹¹¹)t
701 4505 762 4562 baec
775 4512 871 4563 autem
885 4505 946 4563 dios
1000 4503 1132 4577 principis
1146 4501 1333 4575 apostolorum
1353 4498 1516 4571 edificavit,
1540 4501 1569 4557 iu
1593 4518 1647 4577 que
1668 4502 1802 4561 hodierna

137 4598 180 4647 est
192 4591 229 4647 ob
242 4592 354 4647 vincula
368 4592 428 4660 eius
443 4589 550 4657 festine,
565 4592 675 4664 quaudo
698 4599 804 4651 eeteuae
829 4596 888 4663 eius
910 4594 938 4651 in
952 4601 983 4667 Ι)
998 4596 1044 4653 die
1056 4592 1182 4666 preciosa
1197 4590 1305 4649 vincula
1330 4590 1487 4651 collocarit.
1517 4592 1550 4647 lit
1573 4598 1640 4649 tuuc
1663 4595 1801 4649 concitum

137 4679 254 4735 ecclesia
269 4680 355 4751 ipsius
381 4687 444 4736 suut
467 4680 564 4737 Rome
588 4680 739 4736 reconditae
760 4683 796 4737 eb
818 4682 943 4739 Eudoxio
998 4694 1040 4743 est
1067 4681 1219 4757 apostoliea
1245 4680 1407 4739 auctoritate
1434 4680 1630 4754 decretumque
1667 4679 1801 4753 imperiali

137 4768 245 4842 regine.
256 4766 279 4824 0
290 4769 318 4823 iu
332 4777 464 4841 quantum
475 4768 599 4825 cbristus
611 4768 799 4843 glorificantes
814 4786 844 4827 se
860 4771 942 4844 glori·
996 4780 1135 4847 potestate
1150 4778 1178 4827 ut
1194 4770 1227 4843 (f⁰
1241 4770 1294 4827 bil
1306 4772 1346 4843 m)
1359 4770 1428 4827 sicut
1443 4768 1487 4827 bic
1499 4769 1558 4827 dies
1572 4769 1648 4843 prius
1668 4768 1800 4826 observa-

136 4854 247 4913 iicaviti
272 4857 296 4915 0
316 4857 491 4931 inquantum
514 4874 563 4915 eos
587 4874 672 4930 super
696 4858 823 4917 inimicos
846 4876 942 4917 eorum
996 4863 1059 4921 bilis
1080 4862 1116 4919 ob
1135 4862 1267 4918 bonorem
1290 4860 1390 4917 summi
1408 4858 1542 4933 principis
1563 4857 1659 4915 mundi
1678 4858 1799 4917 babere·

136 4952 285 5011 exsltavitl
301 4954 372 5010 Vere
383 4953 468 5027 ipsius
484 4962 526 5011 est
538 4970 656 5029 reguum
671 4962 698 5012 et
711 4958 844 5029 potentie,
855 4958 941 5031 ipsius
995 4961 1050 5021 tur,
1072 4953 1111 5009 ita
1139 4950 1312 5023 postmodum
1341 4948 1458 5007 celebris
1486 4948 1515 5004 in
1541 4948 1645 5007 bonore
1668 4946 1801 5019 principis

135 5042 239 5099 divitiae
253 5050 280 5100 et
295 5042 395 5114 gloria,
413 5052 439 5100 et
454 5059 535 5116 quem
550 5044 606 5100 vult
621 5044 723 5103 exaltet
737 5055 764 5104 et
777 5064 860 5119 quem
883 5048 940 5105 vult
995 5041 1184 5115 apostolorum
1198 5048 1224 5097 et
1237 5038 1370 5097 Ecclesiae
1380 5046 1519 5113 ageretur.
1533 5039 1639 5111 ltaque,
1650 5035 1800 5107 karissimi,

135 5131 271 5188 humiliet.
292 5132 363 5189 Ecce
378 5131 450 5189 enim
465 5131 655 5204 pauperrimos
670 5136 825 5193 rusticanos
844 5136 938 5195 bomi—
995 5132 1061 5208 quie
1075 5130 1158 5188 bodie
1173 5129 1281 5188 vincula
1296 5129 1367 5186 beati
1383 5126 1458 5185 Petri
1474 5126 1603 5185 solutoris
1625 5134 1800 5198 pcccatorum

135 5236 186 5276 nes
200 5220 234 5291 (b
247 5222 299 5280 tlt
314 5224 364 5292 vr),
381 5228 476 5294 utpote
490 5220 660 5294 piscatores,
684 5224 821 5298 principes
854 5227 940 5284 totius
993 5237 1167 5289 veneremur,
1185 5218 1346 5275 insistamus
1367 5217 1496 5290 precibus
1520 5224 1549 5273 ut
1572 5216 1632 5286 ejus
1655 5215 1761 5273 meritis
1784 5232 1800 5272 a

135 5309 211 5366 orbis
235 5310 378 5367 constituit
404 5317 486 5384 etque
514 5319 628 5368 cunetas
663 5312 758 5369 secun
790 5313 940 5387 dignitates
994 5310 1111 5370 vinculis
1133 5315 1313 5383 peccatorum
1334 5306 1440 5365 absolui
1460 5320 1624 5374 mereamur,
1645 5304 1716 5362 siout
1738 5304 1798 5377 ipse

134 5398 334 5471 universusque
357 5398 448 5473 regias
472 5402 622 5470 potestates
646 5400 688 5455 eis
711 5400 839 5470 subjecit.
865 5403 939 5461 Eece
994 5400 1126 5459 Ecclesiae
1142 5398 1270 5472 precibus
1284 5397 1388 5456 solutus
1410 5404 1453 5454 est
1476 5412 1525 5469 per
1548 5394 1675 5469 angelum
1689 5394 1725 5451 ab
1740 5394 1799 5451 eis-

134 5502 190 5543 non
204 5488 294 5544 solum
318 5488 355 5544 ob
377 5488 451 5544 illine
463 5489 609 5561 piscatoris
622 5489 774 5557 bonorem,
789 5490 838 5546 sed
853 5494 938 5550 etism
993 5492 1056 5549 dem
1075 5490 1201 5549 nexibus.
1225 5488 1347 5546 Funibns
1361 5486 1463 5561 quippe
1478 5494 1655 5559 peccatorum
1676 5483 1800 5545 circum-

134 5576 171 5633 ob
186 5576 356 5634 uinculorum
371 5579 430 5649 eius
445 5579 629 5635 reverentiam
648 5578 709 5635 dies
731 5578 881 5639 sollemnes
893 5582 938 5639 iu·
992 5581 1069 5655 plexi
1083 5596 1195 5649 sumus,
1211 5579 1261 5637 sed
1274 5586 1423 5651 autequam
1443 5576 1472 5635 in
1494 5574 1624 5634 tenebras
1646 5572 1798 5635 exteriores

133 5664 299 5735 stituuutur3
316 5665 416 5723 summi
431 5667 605 5741 episcopatus
618 5683 635 5724 u
648 5668 764 5724 summis
784 5668 938 5742 imperato-
992 5672 1133 5729 mittamur
1146 5668 1240 5746 ligatis
1254 5666 1381 5725 menibus
1406 5676 1434 5725 et
1458 5666 1593 5741 pedibus,
1609 5682 1659 5739 per
1672 5664 1798 5741 clavige-

133 5753 213 5812 ribus
234 5755 295 5827 eius
314 5755 419 5813 nomini
442 5756 667 5815 subscribuntur.
690 5758 764 5817 Eece
776 5773 833 5818 nou
848 5759 937 5819 solum
993 5778 1053 5819 rum
1066 5760 1146 5836 regui
1160 5757 1281 5819 ooelesbs
1293 5756 1403 5817 absolvi
1425 5756 1600 5819 fesbnemus.
1616 5755 1705 5815 Omne
1718 5753 1792 5813 ειιιιι
