3942 6067
121 192 192 252 ists
648 155 656 168 ⁸
841 182 1063 245 ιιιιιοιιιιι.
1707 190 1776 251 lesu

157 319 273 393 Signum
289 316 398 375 Odonis
410 316 518 375 abbatis
533 318 564 374 S.
582 296 729 389 Remigiis
933 310 962 371 A
977 327 1048 381 nius,
1064 329 1115 370 iios
1136 315 1294 373 desinenter
1317 318 1445 375 admonet
1468 314 1607 389 oppressis
1631 294 1777 374 subvenire

157 408 275 480 Sigilum
290 402 829 478 Enguhranniabbatisilltirillarensis.
978 410 1006 458 et
1034 403 1200 475 quibuslibet
1227 404 1412 462 anxietatibus
1439 405 1549 471 attritis,
1579 406 1776 477 compassionis

157 496 271 568 Signum
284 495 410 563 lorranni
424 495 531 550 abbatis
544 496 576 549 S.
594 494 711 550 Nicasii.
978 507 1088 547 manum
1101 494 1252 568 porrigere.
1270 495 1332 567 Ego
1353 496 1442 568 itaque
1462 494 1611 551 Raineidus
1634 494 1777 551 {lemensis
1870 558 1873 566 q

156 584 271 659 Signum
285 585 409 641 Ursionis
423 584 529 640 abbatis
544 583 576 639 S.
595 582 733 654 Dionysii.
977 580 1109 637 Ecclesiae
1124 582 1254 654 indignus
1268 584 1406 653 sacerdos,
1426 583 1605 641 considemus
1618 583 1717 641 fratres
1732 583 1779 657 qui

157 672 272 747 Signum
289 670 625 745 llugonissrchidisccni.
937 668 939 670 ’
978 668 1005 725 in
1021 670 1187 727 monasterio
1210 672 1286 729 Beati
1311 672 1433 729 Nicbssii
1456 672 1623 747 degunt...
1654 673 1780 745 plurimis

157 759 275 829 Signum
289 757 396 814 Joiiridi
409 758 519 815 decani.
978 758 1041 831 angi
1056 759 1265 817 necessitatibus
1270 802 1341 831 .....
1357 760 1455 818 altaris
1475 762 1570 818 subter
1594 768 1723 818 annomts
1743 762 1780 817 ob

156 847 271 921 Signum
285 846 383 903 Leonis
398 846 532 903 cantoris.
978 848 1169 905 remissionem
1199 858 1372 921 peccatorum
1397 866 1521 908 mcomm
1551 866 1651 908 eorum
1678 850 1777 907 usibus

155 936 270 1011 Signum
284 936 360 1004 dds,
385 934 496 1009 signum
517 932 633 1003 alberti,
664 934 773 1008 signum
801 929 918 998 odonis,
977 936 1232 995 contuli....nlter
1255 940 1317 1013 (sic)
1340 940 1466 998 videlicet
1489 940 1582 998 Sancti
1603 940 1722 1013 Remigii
1744 940 1779 996 dc

118 1024 354 1098 presbyterorum.
976 1024 1055 1082 Celto
1070 1033 1096 1082 et
1110 1025 1180 1083 alter
1196 1028 1289 1084 Sancti
1302 1028 1399 1085 Heleni
1415 1028 1449 1085 de
1468 1028 1605 1085 lluxolio..
1617 1070 1638 1085 ..
1663 1028 1779 1087 Univer-

155 1113 272 1187 Signum
286 1111 420 1180 Gervasii,
435 1112 546 1187 signum
560 1110 675 1181 Odonis,
688 1110 796 1185 siguum
811 1110 923 1182 hroga-
976 1114 1047 1169 sitati
1062 1124 1198 1187 praeterea
1213 1116 1334 1173 fidelium
1349 1126 1445 1176 notum
1459 1118 1548 1176 iacere
1559 1118 1675 1193 dignum
1689 1118 1771 1187 duco,

117 1202 172 1270 nis,
187 1202 298 1274 signum
314 1201 440 1269 bosonis,
457 1202 704 1275 signumioannis,
729 1200 919 1257 diaconorum·
975 1198 1050 1272 quod
1071 1216 1133 1256 euin
1147 1202 1274 1257 abbatem
1289 1210 1316 1258 et
1330 1202 1427 1259 iretres
1455 1203 1579 1261 ecclesiae
1606 1202 1698 1261 Sancd
1725 1202 1778 1258 Ni-

154 1292 270 1363 Signum
285 1288 387 1347 Albrici
401 1290 540 1364 magistri.
976 1288 1061 1344 obasii
1090 1288 1256 1363 impetissem
1281 1306 1365 1363 super
1387 1292 1549 1364 quibusdam
1585 1308 1647 1365 ques
1675 1290 1709 1347 ad
1734 1291 1779 1361 jus

154 1380 270 1452 Signum
297 1379 422 1452 magistri
451 1379 616 1452 Grspliionis
641 1377 852 1453 andegavensis
887 1376 921 1433 de
975 1392 1066 1432 meum
1081 1385 1206 1449 spectare
1222 1380 1379 1447 credebam,
1395 1380 1474 1452 gistis
1489 1381 1656 1439 ridelicstet
1670 1394 1776 1452 procu·

120 1469 207 1537 laicis,
224 1470 256 1527 S.
274 1468 610 1537 mississemus-Gaii,
626 1469 657 1525 S.
676 1466 784 1541 lisgsni
798 1466 833 1524 de
855 1465 921 1521 Cal·
976 1466 1135 1533 rationibus,
1152 1472 1207 1522 tarn
1221 1466 1248 1523 in
1269 1468 1383 1539 presiate
1406 1468 1522 1525 ecclesia
1551 1456 1633 1541 quam
1663 1468 1691 1523 in
1718 1468 1778 1535 ejus

118 1558 244 1624 misiaco,
260 1557 292 1615 S.
312 1557 442 1615 otranni.
975 1556 1110 1625 membris,
1129 1556 1358 1627 praediotifrstres
1376 1556 1442 1613 nulli
1465 1566 1671 1614 antecessorum
1697 1572 1777 1613 meo-

154 1649 254 1704 bctum
268 1646 361 1705 llcmis
375 1663 446 1703 anno
467 1646 603 1704 lucarnati
626 1644 707 1704 Verbi
735 1646 814 1711 liii,
843 1642 958 1728 iudi-B
973 1659 1033 1699 rum
1049 1642 1102 1700 talc
1117 1646 1182 1708 quid
1197 1662 1227 1700 se
1242 1662 1363 1719 unquam
1380 1644 1532 1701 reddidisse
1542 1646 1679 1702 dixerunt.
1698 1644 1777 1701 lusu·
1874 1690 1880 1711 ,

119 1737 211 1794 ctione
239 1752 273 1805 v,
299 1744 431 1809 regnante
457 1736 609 1793 venerabili
644 1750 710 1811 rege
747 1734 916 1791 Francorum
973 1746 1023 1803 par
1037 1738 1064 1787 et
1077 1731 1249 1806 privilegium
1263 1734 1410 1791 reverendi
1434 1732 1521 1789 Patris
1542 1733 1627 1789 nostri
1655 1732 1776 1789 Alexan·

119 1824 261 1882 liudovico
275 1839 346 1881 anno
360 1840 434 1893 xxii,
458 1825 708 1899 archiepiscopatus
731 1822 825 1881 domni
851 1822 917 1880 lisi—
973 1820 1016 1875 dri
1044 1836 1123 1893 papae
1146 1822 1171 1876 li
1205 1838 1290 1894 super
1316 1822 1476 1892 hujusmodi
1511 1822 1637 1878 libertate
1665 1830 1692 1877 et
1721 1822 1778 1876 im··

118 1913 196 1971 naldi
210 1929 283 1970 anno
295 1928 335 1969 ιιι.
972 1908 1114 1979 munitate,
1128 1924 1236 1967 necnon
1251 1918 1277 1967 et
1297 1912 1400 1982 scripta
1425 1909 1594 1967 venerabilis
1623 1909 1776 1982 predeces-

153 2002 303 2060 Fulcrsdus
338 2001 520 2060 cancellarius
545 2000 726 2077 recognovit,
755 1999 864 2073 scripsit
891 2005 935 2055 et·
972 1997 1044 2054 soris
1057 1998 1143 2055 nostri
1158 1998 1284 2056 Gervasii
1315 1999 1463 2056 llemorum
1491 1998 1699 2071 archiepiscopi,
1729 1999 1775 2073 qui

120 2091 297 2165 subscripsit.
968 2087 1025 2157 ism
1039 2086 1138 2143 dictam
1152 2086 1319 2163 [ecclesiam]
1332 2095 1515 2155 exstruxerat,
1539 2088 1589 2144 aad
1616 2096 1643 2143 st
1665 2086 1772 2144 litteras

500 2180 538 2237 V.
973 2174 1076 2233 domini
1105 2176 1222 2249 Philippi
1251 2176 1362 2233 illustris
1390 2174 1560 2233 francorum
1588 2175 1664 2249 regis
1692 2190 1778 2249 supas·

116 2278 290 2337 pmmgprt„
304 2278 416 2336 oppam
425 2278 525 2336 Same
536 2276 650 2336 aarum·
659 2276 919 2351 spammmm.
973 2264 1069 2321 eadem
1081 2264 1216 2333 libertate,
1231 2265 1297 2321 inihi
1312 2266 1471 2323 attulerunt.
1487 2264 1547 2338 Ego
1562 2280 1629 2321 raro
1650 2265 1776 2337 inspecto

380 2350 647 2420 ambirepatares.
973 2360 1068 2411 tenore
1081 2354 1271 2426 predictorum
1300 2354 1466 2427 scriptorum
1490 2362 1515 2411 et
1544 2362 1637 2411 nomia
1664 2369 1697 2410 ex
1725 2368 1775 2409 eo-

416 2424 507 2506 (ᾼΜο
522 2421 616 2490 ¹¹²⁰)
973 2458 1034 2497 rum
1058 2442 1151 2499 notitia
1174 2444 1293 2515 praelata
1318 2444 1441 2501 ecclesiae
1461 2442 1597 2509 libertate,
1613 2441 1648 2498 de
1668 2441 1777 2513 sapien·

279 2488 482 2603 [aau'fhmf'
499 2492 535 2558 x'
552 2494 598 2601 θ’
611 2489 753 2564 mm}
897 2588 904 2599 ,
973 2537 1030 2587 turn
1053 2532 1175 2589 virorum
1189 2532 1313 2601 cousbio,
1335 2532 1502 2590 calumniam
1531 2546 1612 2605 quain
1642 2531 1774 2587 adversus

151 2592 328 2693 mmm·
344 2599 523 2692 'mm‘wf'e
536 2589 630 2648 Μ’
654 2589 802 2690 ΒΨΟΝΨ
827 2588 920 2645 ‘mm'
971 2620 1184 2692 praenominans
1199 2620 1299 2679 iratres
1313 2622 1459 2689 habebam,
1475 2620 1515 2682 eia
1530 2622 1645 2677 omnino
1667 2619 1786 2688 remiss

115 2696 271 2753 ⁰9¹⁸⁰⁰⁹¹¹³2
306 2689 402 2782 ”ffufm
422 2679 551 2781 ,ΜΨ
588 2678 662 2751 ‘³⁰⁰⁶
687 2678 799 2734 ¹¹¹⁰⁸m³
825 2692 919 2734 Μ’
972 2709 1165 2783 etsprrelstis
1180 2711 1299 2783 querelis
1313 2710 1416 2768 liberos
1431 2718 1458 2767 et
1473 2710 1610 2767 immunes
1632 2724 1697 2766 esse
1724 2708 1773 2765 da·
1813 2724 1816 2731 ¹

113 2770 298 2838 Theobsldus,
314 2769 407 2825 dirins
421 2776 599 2840 inspiratione
619 2774 811 2839 compunctus,
829 2766 917 2838 Spar·
972 2799 1064 2869 mvn
1079 2806 1107 2855 θ,
1120 2804 1151 2855 ut
1166 2800 1335 2872 malignandi
1356 2800 1448 2857 locum
1472 2798 1678 2857 mmmm
1704 2796 1773 2855 meis

112 2874 260 2915 ascensem
279 2856 424 2915 ecclesisis
443 2858 480 2914 ob
505 2856 654 2913 reriedium
680 2855 779 2912 ssimae
806 2871 863 2912 soa
891 2862 918 2911 et
971 2886 1077 2945 nullum
1092 2888 1162 2945 “lin
1348 2890 1386 2945 m,
1458 2889 1484 2945 ‚n
1515 2888 1558 2945 im
1607 2904 1637 2945 m
1657 2887 1685 2945 di
1725 2902 1772 2945 um

112 2946 347 3019 predecessorum
366 2962 498 3016 suorum,
518 2944 650 3017 Stephani
679 2943 806 3001 videlieet
830 2943 917 3017 patris
971 2976 1045 3033 duxi¹
1163 2904 1246 2963 qum
1260 2906 1348 2964 prm
1379 2904 1503 2963 ΨΜ
1560 2904 1605 2947 ⁶¹⁸⁰
1687 2902 1724 2961 ⁸⁰

112 3035 165 3103 sui,
178 3044 206 3092 et
219 3035 262 3093 ari
278 3035 320 3091 aui
333 3033 440 3092 comitis
459 3034 611 3091 Theobaldi
634 3032 723 3106 quiin
746 3034 843 3089 eadem
862 3024 953 3091 sc-C

112 3122 196 3181 clesia
210 3124 395 3196 sepultusest,
418 3124 445 3180 ia
473 3138 557 3179 mauu
584 3139 634 3179 sus
661 3122 819 3202 hujusmodi
844 3121 915 3179 liber

111 3218 166 3268 tate
193 3212 316 3271 donarit.
348 3212 416 3269 Cum
443 3211 591 3285 pradictus
618 3226 712 3267 comes
738 3210 913 3267 'theobaldus

111 3298 251 3372 prolatam
265 3300 443 3360 ecclesisms
463 3298 726 3374 primogenitoribus
748 3298 810 3355 suis
834 3299 913 3373 qussi

111 3389 288 3447 haereditario
300 3390 363 3461 jure
376 3390 431 3445 sibi
446 3390 601 3447 derelictam
625 3396 740 3456 teneret,
769 3395 798 3445 et
825 3388 913 3445 abba-

111 3478 179 3535 tism
206 3479 293 3550 ipsius
317 3478 443 3535 ecclesiis
471 3478 647 3545 Galeranno,
675 3476 778 3533 domini
796 3476 914 3534 lndreae

110 3561 228 3636 dapiferi
241 3563 283 3619 sai
297 3561 362 3633 lilio,
386 3561 517 3629 dedisset,
541 3561 755 3619 incommutabili
773 3560 913 3619 voluntate

111 3652 172 3721 Dei,
188 3654 233 3725 qui
248 3659 334 3709 mutat
346 3650 438 3709 omnia
452 3652 562 3724 quando
576 3651 645 3717 vult,
670 3650 769 3707 eadem
794 3649 914 3707 ecclesia

1003 3083 1032 3139 S.
1048 3083 1174 3160 lingonis
1187 3084 1382 3145 archidiaconi.

1002 3170 1034 3229 S.
1054 3172 1193 3231 mederici
1209 3174 1361 3247 praepositi.

1003 3259 1033 3315 S.
1049 3260 1173 3333 lingonis
1185 3262 1361 3319 thesaurarii.

1004 3344 1033 3401 S.
1050 3344 1149 3402 Leonis
1163 3348 1295 3405 cantoris.

1003 3432 1032 3489 S.
1048 3434 1145 3504 ildsm,
1175 3434 1203 3492 S.
1219 3436 1382 3509 Ermenrici,
1398 3436 1426 3495 S.
1443 3434 1563 3508 albero,
1592 3433 1621 3491 S.
1650 3431 1766 3503 odonis,

968 3516 997 3574 S.
1013 3518 1131 3585 henrici,
1147 3520 1380 3591 presbyteromm.

1002 3606 1034 3661 S.
1054 3606 1188 3673 demasii,
1205 3607 1234 3663 S.
1250 3608 1379 3677 Gerardi,
1396 3609 1429 3666 S.
1443 3608 1565 3679 llaineri,
1578 3608 1611 3667 S.
1622 3606 1765 3677 Gnidoais,

967 3695 997 3752 S.
1012 3695 1139 3763 llosoois,
1154 3695 1183 3751 S.
1198 3696 1321 3765 Josunis,
1336 3696 1525 3755 diaconorum.

111 3741 147 3798 ad
160 3742 303 3799 meliorem
318 3748 419 3797 statum
433 3748 533 3797 motata
556 3748 612 3797 est.
639 3738 769 3796 Preietos
796 3753 913 3811 namque
1003 3782 1032 3841 S·
1049 3783 1161 3850 mm,
1176 3784 1207 3840 s·
1234 3786 1374 3856 Ammoi,
1403 3788 1434 3844 s·
1468 3786 1550 3855 pem,
1580 3786 1609 3845 s.
1636 3784 1769 3853 Gemi,

96 3816 287 3887 'Gelersnnus
305 3830 422 3903 Spiritus
450 3829 538 3887 uncti
557 3828 646 3902 gratis
666 3828 795 3885 divinitus
821 3826 913 3901 inspi-

110 3927 195 3988 ratus,
211 3927 240 3975 et
258 3919 351 3976 domni
365 3918 499 3975 bernardi
513 3916 683 3975 ctsraeratlis
696 3916 823 3989 prodenti
842 3932 912 3974 con-
966 3872 1409 4018 ε’ξυίᾱοῃίῌῖὼάὴωῃω·
1449 3963 1456 3975 .
1552 3963 1559 3976 .

110 4008 172 4065 sffio
195 4009 350 4075 mmm,
372 4008 430 4078 jam
459 4006 562 4063 dictum
591 4007 718 4064 comitem
745 4006 822 4077 ‘dm'
850 4022 914 4063 m
996 4050 1001 4061 1
1027 3970 1101 4019 ctum
1118 3962 1220 4032 llsmis,
1236 3978 1309 4019 sano
1322 3972 1458 4021 incarnati
1473 3964 1560 4021 Verbi
1589 3962 1670 4032 tiit,
1701 3976 1770 4017 moi-

966 4058 1057 4108 ctione
1084 4066 1133 4122 vi,
1159 4060 1293 4127 regnante
1329 4052 1468 4111 Ludorico
1495 4068 1561 4125 rege
1589 4052 1767 4117 Francorum,

965 4155 1039 4196 suno
1053 4140 1131 4215 regni
1145 4142 1203 4211 ejus
1218 4155 1280 4210 xix,
1294 4142 1547 4215 archiepiscopatus
1561 4148 1655 4199 tutem
1675 4136 1769 4197 domm

965 4228 1090 4285 Raimldi
1104 4244 1177 4287 auno
1192 4230 1282 4287 tertio.

1001 4317 1153 4377 Fulcradus
1166 4318 1349 4377 cancellarius
1364 4319 1475 4395 scripsit
1489 4328 1516 4379 at
1530 4317 1703 4395 subscripsit,

110 4097 210 4154 saeculo
246 4095 508 4163 abrenuntiatumm,
546 4102 573 4152 et
602 4095 676 4167 apud
703 4094 913 4152 claramvallem

109 4187 275 4243 monachum
304 4184 425 4243 iutamm
452 4183 612 4253 sanaberit,
641 4182 793 4257 petivitque
818 4184 855 4243 ab
878 4200 912 4241 ec

111 4282 244 4345 quatenus
268 4272 413 4331 ecclesiam
437 4272 653 4345 Spsmaceosem
679 4270 714 4327 ad
736 4270 861 4328 ordinem
884 4278 913 4329 et

110 4362 235 4433 regulam
247 4362 320 4420 besti
334 4361 478 4435 Augustini
492 4376 545 4433 per
558 4376 671 4417 manum
685 4359 751 4416 dicti
771 4360 909 4434 archiepi-
924 4382 952 4447 D

111 4451 187 4521 scopi
207 4452 358 4523 permutari
382 4449 559 4508 concederet.
582 4449 668 4521 culus
693 4448 818 4522 petitioni
844 4451 911 4507 satis

110 4538 264 4595 rationabili
278 4554 371 4597 comes
386 4538 559 4611 supradictus
573 4537 693 4596 libenter
704 4554 838 4609 annuens,
850 4540 910 4597 Deo

111 4630 137 4682 et
149 4623 265 4697 praefato
278 4624 487 4697 archiepiscopo
500 4622 647 4681 apalmiam
668 4622 854 4696 supradictam
879 4624 911 4680 ii·
1010 4612 1203 4686 Gondrmciatr
1211 4614 1347 4689 suadotlo
1360 4618 1532 4677 monosterii
1540 4614 1724 4691 igniacensis.

109 4712 214 4783 beram,
229 4720 258 4770 et
270 4714 321 4770 sub
337 4712 438 4787 reguis
460 4711 493 4770 S.
517 4712 664 4787 augustini
690 4712 718 4769 in
746 4720 910 4785 perpetuum
1257 4730 1349 4803 (guno
1363 4731 1463 4805 1130.)

110 4817 314 4875 permansuram
329 4801 441 4869 dimisit,
457 4809 554 4859 etc...

144 4893 244 4951 aaran
255 4890 349 4949 sema
362 4894 443 4949 snio
457 4890 594 4950 simmia·
605 4889 693 4949 serii
707 4892 788 4961 iias,
803 4898 908 4950 aa...
1067 4868 1156 4945 [Gali.
1168 4872 1283 4947 cirin,
1297 4881 1318 4932 t·
1333 4874 1370 4945 Χ,
1387 4872 1440 4931 00¹·
1457 4876 1502 4944 ³⁹.
1518 4869 1657 4946 instruml

1334 4499 1393 4555 Vll.

483 5008 519 5066 Vl
997 5012 1170 5083 arnissis,
1185 5014 1278 5073 divina
1292 5013 1495 5087 disponsatione
1510 5011 1653 5072 tiernensis
1666 5010 1766 5069 Eccle-

112 5104 216 5164 Cborto
227 5104 360 5164 antestat
379 5106 523 5165 hamensis
541 5105 746 5181 archiepiscopi
761 5106 796 5164 dt
813 5108 909 5180 quita·
962 5102 1010 5160 sim
1024 5100 1134 5159 homilis
1156 5104 1289 5173 minister,
1314 5104 1422 5161 dilectis
1434 5104 1461 5159 io
1483 5102 1592 5161 Christo
1616 5100 1679 5157 liliis
1706 5098 1764 5157 ilc·

144 5180 371 5249 Wfiilmm
385 5183 415 5236 ⁶²
430 5180 668 5252 Wfflfflstmm
683 5181 859 5236 Milium
871 5179 903 5236 S·
962 5206 1051 5249 asaro
1065 5192 1235 5265 Igniscensis
1248 5192 1408 5251 monasterii
1416 5192 1568 5251 venerabili
1576 5190 1677 5257 abbati,
1689 5188 1763 5258 eius·

144 5250 397 5309 mmmmm·
962 5291 1016 5350 que
1037 5274 1166 5333 iratribus
1182 5276 1211 5333 io
1239 5278 1335 5335 eodem
1362 5278 1528 5335 monasterio
1554 5278 1645 5334 bestie
1671 5272 1764 5329 llerire

410 5348 502 5421 (Anno
516 5348 610 5416 ΗΜ
960 5364 1138 5425 monasticam
1174 5366 1258 5425 ritum
1284 5366 1428 5441 protessis,
1459 5380 1608 5441 eorumque
1644 5376 1762 5421 sueces-

108 5444 217 5521 [Vaaut.
225 5446 356 5506 Arabicas
362 5446 607 5504 administratione
615 5445 649 5503 de
655 5446 755 5520 Raima
764 5444 786 5515 l,
793 5461 822 5519 p.
829 5446 906 5521 Μ]
960 5457 1069 5513 acribus
1082 5456 1111 5513 in
1125 5456 1223 5513 eadem
1236 5456 1414 5514 observantis
1426 5456 1610 5530 permansuris
1622 5454 1652 5511 iii
1661 5465 1764 5527 perpe·

139 5536 303 5593 baiamons
316 5534 710 5609 itemeusissrchiepiscopus.
959 5552 1049 5602 tuum.

143 5624 290 5683 ΡΙΜῙ*
302 5639 369 5683 ⁰²¹³
390 5640 484 5700 lum»
505 5626 565 5683 ⁰0⁰
586 5624 759 5700 disswflffloev
783 5626 907 5703 mlii·
996 5640 1067 5714 Quia
1079 5654 1141 5715 quae
1155 5640 1191 5701 sd
1204 5642 1344 5720 religionis
1367 5642 1471 5704 cultam
1493 5644 1645 5721 pertineret
1667 5636 1764 5714 digno·
