3942 6067
199 174 275 259 'ross

542 200 694 261 flottotut
711 198 962 260 AUGUSTODUN.
981 196 1057 255 ΟΡΡ,
1082 201 1169 260 PARS
1188 204 1237 261 lll.
1260 236 1294 247 -
1313 202 1519 265 clausurus.

1792 202 1867 257 1056

202 335 262 384 tens
288 324 467 383 descenderit
490 324 674 396 justificatus:
701 326 877 384 inconsutam
892 324 999 395 sunja·
1015 326 1039 387 A
1056 342 1111 383 non
1131 329 1248 399 levabat,
1264 333 1326 405 quia
1343 330 1456 389 terrenis
1476 333 1580 385 tantum
1594 326 1726 383 inhiabat.
1742 330 1746 337 '
1760 326 1866 384 Pectus

203 423 282 473 11111
300 414 397 471 abierit
415 415 579 486 reprobatus
595 434 603 470 2
619 416 686 488 quia
700 418 793 473 omnis
812 416 860 489 qni
880 432 910 471 se
927 414 1008 471 exol-

210 508 253 562 111
267 502 480 573 humiliabitur,
505 508 535 561 et
558 506 606 577 qui
627 504 811 563 scismatici
831 504 1008 561 exultabitur

208 594 290 669 (111.
308 598 405 660 xvsti).

219 759 223 769 ¹
244 735 321 807 ideo,
338 733 522 803 dilectissimi,
536 750 599 792 cum
625 737 661 793 ad
682 738 833 795 orationem
857 734 1009 793 convenitis

208 841 265 883 non
279 824 421 881 benefacta
435 834 524 881 vestra
535 826 651 896 jactare,
660 844 712 885 nec
724 827 793 883 alios
807 827 949 893 damnare,
960 825 1010 881 sed

210 930 262 971 ros
276 914 351 986 ipson
364 929 505 981 accusare,
521 914 591 971 alios
604 931 701 972 omnes
712 918 801 987 justos
815 923 944 986 reputare
959 914 1010 970 do-

210 1002 293 1061 betis.
313 1004 425 1059 animas
451 1012 556 1059 vestras
570 1005 598 1059 in
612 1014 761 1077 conspectu
783 1005 835 1060 Dei
857 1004 1009 1073 humiliate,

209 1090 299 1165 ipsum
313 1106 362 1148 ore
377 1099 404 1149 et
418 1092 503 1149 corde
528 1093 665 1160 invocate,
683 1102 711 1151 11
725 1094 752 1149 in
765 1094 811 1149 dre
828 1090 1012 1148 tribulationis

209 1196 260 1237 ros
274 1180 412 1249 liberabit,
434 1187 461 1237 et
485 1196 568 1252 super
592 1181 718 1239 inimicos
742 1190 850 1238 vestros
871 1179 1011 1237 exaltabit.

209 1271 347 1327 Prohibile
360 1270 484 1343 linguam
499 1278 621 1327 vestram
640 1271 744 1327 amalo
759 1280 786 1327 et
802 1270 873 1325 labia
893 1277 1013 1326 vestras

207 1358 283 1425 dola,
300 1359 361 1433 qnia
377 1375 410 1415 ex
425 1360 520 1415 verbis
535 1360 591 1415 suis
606 1361 721 1433 quisque
733 1359 925 1429 iustificabitur
939 1367 966 1413 et
980 1374 1012 1414 ex

208 1448 302 1506 verbis
316 1448 374 1503 suis
385 1449 615 1505 condemnabitur
634 1451 744 1519 (1111111.
762 1452 824 1517 xrs).
836 1447 889 1520 Qui
904 1449 941 1503 ita
956 1455 1015 1503 orat

212 1536 283 1595 sicut
295 1537 431 1594 Dominus
444 1537 548 1606 docuit,
563 1539 636 1595 bunc
650 1539 784 1595 Dominus
797 1538 922 1594 exaudiet
938 1552 945 1607 ;
968 1544 1016 1608 qui

210 1642 277 1683 vero
291 1626 371 1682 aliter
394 1634 463 1693 crat,
479 1628 561 1697 bajus
577 1628 663 1684 oratio
675 1626 704 1682 in
718 1636 860 1699 peccatum
875 1625 930 1683 fiet.
946 1624 1015 1680 Vitae

208 1714 366 1770 necessaria
383 1722 410 1770 et
422 1715 525 1786 pandis
538 1723 641 1773 aeterna
669 1717 761 1789 petite,
783 1725 810 1771 11
829 1715 905 1771 dabit
934 1713 1013 1770 vobis

210 1802 291 1859 Peter
313 1811 438 1875 utraque.
466 1804 542 1860 llulti
565 1813 645 1861 orant
667 1812 695 1861 et
712 1821 767 1861 non
786 1805 942 1877 impetrant,
963 1803 1012 1858 sed

209 1890 299 1947 oratio
332 1906 425 1949 eorum
460 1892 511 1949 erit
534 1893 709 1963 execrabilis,
725 1894 791 1965 quia
812 1910 907 1949 aurern
935 1908 1014 1947 sunm

209 1987 365 2037 avertente
380 1980 502 2039 clamore
520 1982 552 2050 (0
565 1986 617 2039 300
635 1985 675 2055 ιθ)
699 1984 843 2055 pauperis.
861 1984 923 2038 Non
942 1981 1015 2037 enim

210 2069 301 2127 omnis
323 2069 368 2143 qui
390 2070 457 2127 dicit
476 2071 501 2127 ei
516 2088 523 2129 :
540 2072 670 2141 Domine,
694 2074 821 2138 liciniae,
845 2072 968 2127 introbit
981 2070 1014 2127 ia

212 2174 332 2231 repncm
352 2161 508 2231 coelorum;
523 2162 571 2218 sed
586 2163 635 2234 psci
642 2164 717 2234 sarit
726 2163 904 2218 colnaatnlent
919 2162 1015 2217 Putris

211 2248 279 2317 aius,
291 2249 351 2321 ipsc
362 2250 486 2307 introbit
500 2253 532 2307 in
542 2267 663 2322 repostus
672 2253 808 2309 coelcrnm
818 2251 930 2323 (1111111.
946 2250 1010 2319 vn).

210 2336 341 2393 Voluntas
357 2339 447 2393 Patris
462 2346 505 2396 est
518 2347 547 2395 nt
561 2340 589 2395 in
608 2341 690 2397 nobis
705 2339 882 2411 peccantibus
899 2338 1015 2395 dimitta-

209 2441 280 2493 mus,
306 2433 332 2483 st
356 2427 440 2484 rebus
459 2428 562 2485 nostris
576 2444 658 2501 opem
671 2428 864 2500 indigentibus
879 2427 1013 2485 ieramus.

210 2514 263 2571 Per
274 2515 333 2575 haec
348 2516 500 2587 peticiones
511 2518 602 2574 cordis
613 2519 704 2575 nostri
719 2518 938 2591 impetrabuntur
949 2536 955 2582 ;
966 2532 1017 2589 per

209 2602 270 2663 hese
283 2620 401 2677 regnum
415 2606 549 2665 coelorum
563 2608 737 2665 intrabimus.

246 2730 300 2786 Per
314 2730 384 2786 duos
407 2731 532 2787 homines
552 2731 598 2803 qui
612 2731 640 2786 in
655 2731 785 2803 templum
800 2730 960 2787 ascendisse
980 2730 1018 2785 ie-

210 2825 325 2892 puntur,
337 2818 395 2875 duc
409 2820 513 2891 populi,
528 2820 660 2877 luduicus
678 2820 782 2878 scilicet
798 2818 1017 2893 1131101111]-

212 2906 393 2980 telleguntur.
424 2908 580 2965 Pharisaeus
598 2908 645 2981 qui
659 2909 693 2964 ad
711 2909 799 2965 altare
813 2907 963 2965 accedebat
975 2914 1018 2963 est

209 2994 341 3051 iudaicus
355 2995 484 3067 populus,
500 2997 548 3069 qui
557 2997 745 3053 sanctuarinm
760 3005 787 3053 et
801 2998 916 3054 arebam
931 2995 1014 3051 habe·

1062 421 1231 491 percutiebat
1244 423 1309 477 dum
1320 436 1442 479 errorem
1454 432 1532 474 sunm
1543 432 1593 489 per
1603 416 1791 487 poeniteutiam
1808 417 1865 473 de-

1063 508 1152 565 ilebat.
1165 512 1198 565 m
1212 511 1275 583 quia
1291 527 1322 567 se
1336 526 1384 581 per
1398 506 1598 565 confessionem
1609 506 1774 572 humiliabat,
1783 506 1865 561 Deus

1063 596 1139 653 illum
1154 601 1322 671 perveniam
1338 599 1487 655 exaltabat.
1507 596 1541 650 Et
1554 610 1605 650 nos
1619 610 1695 668 ergo,
1712 593 1862 661 karissimi,

1064 704 1080 744 1
1104 687 1186 756 lunge
1206 698 1318 756 stemus,
1342 696 1371 743 ut
1385 703 1436 741 nos
1459 683 1610 741 Dominicis
1632 684 1808 739 sacramentis
1839 690 1866 737 et

1064 786 1222 833 sanctorum
1235 778 1372 835 consortio
1387 774 1514 845 indignos
1525 772 1692 843 judicemus.
1712 770 1813 827 Oculos
1828 770 1866 825 ad

1065 867 1164 921 coelum
1192 883 1246 922 non
1274 867 1397 921 levemus
1412 872 1440 919 ut
1454 878 1504 919 nos
1517 862 1586 918 coelo
1601 861 1729 927 indignos
1753 859 1865 929 judice-

1065 972 1135 1011 mus.
1154 956 1255 1011 Pectus
1273 958 1420 1010 tundsmus
1435 962 1460 1009 ut
1477 950 1626 1009 commissa
1640 950 1749 1004 fletibus
1762 952 1864 1021 punia-

1066 1046 1213 1101 musdnte
1221 1046 1308 1100 Deum
1317 1043 1508 1114 procidamus;
1520 1054 1614 1095 coram
1623 1039 1738 1095 Domino
1748 1037 1867 1110 quiieeit

1067 1134 1100 1205 (1ιι
1115 1136 1177 1205 300)
1193 1150 1243 1189 nos
1258 1134 1409 1205 ploremus,
1425 1138 1454 1187 ut
1468 1131 1528 1201 ipse
1541 1129 1679 1200 planctum
1699 1136 1821 1183 nostrum
1837 1126 1867 1179 in

1067 1222 1194 1295 gandium
1222 1229 1373 1287 convertat,
1388 1230 1415 1277 et
1430 1218 1517 1276 scisso
1532 1232 1613 1273 ssoeo
1627 1216 1750 1280 tristitias,
1766 1214 1867 1271 laeticia

1068 1328 1120 1367 nos
1131 1312 1233 1367 induat.
1245 1312 1305 1367 Non
1314 1311 1399 1365 simus
1408 1317 1545 1379 raptores,
1557 1306 1619 1378 quia
1629 1320 1741 1376 mperes
1748 1317 1868 1377 regnum

1069 1401 1118 1457 Dei
1133 1417 1187 1456 non
1202 1400 1393 1472 possidebunt.
1413 1397 1518 1453 Nullius
1538 1412 1595 1464 rerp
1615 1394 1866 1464 concupiscamus;

1068 1490 1168 1545 nullius
1184 1489 1293 1544 landem
1304 1487 1408 1542 meritis
1423 1486 1521 1542 nostris
1536 1483 1682 1541 indebitam
1697 1481 1777 1537 nobis
1791 1482 1868 1551 (101)

1068 1579 1249 1645 ascribamus,
1265 1578 1326 1649 quia
1342 1578 1401 1632 hacc
1418 1574 1546 1631 iacientes
1557 1580 1695 1643 raptorum
1709 1579 1788 1629 erunt
1802 1584 1870 1626 con-

1027 1684 1055 1747 B
1070 1676 1170 1723 sortes.
1203 1667 1264 1722 Non
1292 1664 1377 1721 simus
1392 1662 1493 1732 iniusti,
1509 1662 1573 1733 quia
1586 1659 1671 1733 iniqui
1685 1674 1799 1731 regnum
1817 1658 1870 1713 Dei

1069 1771 1123 1813 non
1151 1763 1361 1827 consequentur.
1379 1752 1524 1809 Dominum
1546 1749 1714 1821 diligamns;
1735 1746 1870 1820 proximis

1067 1846 1167 1901 nostris
1183 1844 1340 1901 necessaria
1355 1839 1626 1913 impendamusNon
1641 1837 1725 1893 simus
1740 1836 1869 1904 adulteri,

1068 1935 1131 2008 quia
1142 1934 1325 1990 fornicatores
1336 1930 1513 1988 etadulteros
1520 1924 1652 1999 iudicabit
1662 1928 1745 1985 Deus.
1755 1926 1870 1981 Rectam
1949 1992 1954 2002 ι

1069 2024 1151 2080 fidem
1175 2038 1325 2087 servemus,
1350 2021 1385 2077 ad
1404 2019 1507 2075 nullam
1531 2016 1664 2073 baeresim
1688 2014 1867 2082 declinemus,

1069 2114 1132 2187 quia
1147 2114 1199 2168 hoc
1213 2110 1362 2183 spiritualis
1378 2108 1522 2165 luminatia
1550 2106 1711 2178 appellatur,
1741 2111 1768 2159 et
1793 2103 1870 2158 Deus

1068 2202 1290 2274 perdetomnem
1313 2198 1359 2271 qui
1381 2198 1416 2254 ab
1438 2212 1471 2253 eo
1496 2195 1648 2251 fornicatur
1663 2193 1739 2263 (Psoi
1765 2196 1868 2262 exxu).

1069 2292 1114 2346 Dis
1137 2291 1164 2345 in
1183 2288 1347 2353 ebdomada,
1364 2286 1469 2343 seilicet
1487 2284 1538 2339 llll
1559 2291 1586 2340 et
1605 2284 1639 2337 Vl
1661 2281 1739 2347 feria,
1761 2281 1870 2349 jejune-

1070 2396 1139 2446 mus,
1157 2379 1218 2451 qaia
1233 2378 1255 2431 si
1270 2378 1321 2432 boc
1334 2375 1397 2431 iecit
1414 2373 1576 2441 Pbcrisaeus,
1599 2371 1685 2425 multo
1709 2369 1800 2442 magis
1825 2366 1869 2423 ia-

1070 2485 1132 2526 cere
1148 2468 1292 2524 debemus.
1311 2467 1345 2521 tn
1360 2465 1382 2519 si
1398 2463 1467 2520 cibis
1483 2462 1593 2517 minime
1607 2460 1803 2524 abstineamus,
1820 2472 1871 2512 cor

1070 2574 1086 2614 1
1109 2558 1182 2613 mala
1201 2555 1349 2621 voluntate,
1366 2568 1461 2608 manus
1476 2565 1492 2606 1
1506 2565 1590 2621 prava
1604 2549 1712 2605 actions
1726 2546 1872 2603 continea-

1069 2664 1143 2703 mus.
1157 2645 1283 2703 Decimus
1293 2643 1414 2698 omnium
1424 2646 1680 2697 rerumnostrsrum
1691 2638 1749 2693 Deo
1759 2636 1868 2701 demus,

1070 2736 1134 2807 quia
1148 2734 1171 2788 si
1186 2734 1237 2789 boc
1253 2732 1314 2789 iecit
1328 2730 1448 2796 Judaeus,
1470 2726 1555 2781 multo
1570 2724 1658 2797 magis
1676 2723 1758 2779 debet
1777 2721 1871 2778 iacere

1071 2823 1254 2880 Christianus.

1105 2991 1873 3067 Nonsolum,ksrissimi,sacriapicesudritnmasteruam

209 3082 270 3138 bat.
285 3081 339 3141 iiic
352 3083 449 3140 merita
463 3100 514 3141 sua
527 3085 556 3140 in
574 3085 677 3157 templo
690 3085 814 3157 replicet,
829 3086 893 3158 quia
909 3086 944 3141 de
957 3086 1010 3140 ob·
1066 3106 1117 3148 nos
1126 3090 1242 3159 ducunt,
1253 3087 1302 3144 sed
1311 3082 1542 3158 etismgentilium
1551 3082 1648 3139 littere
1658 3080 1873 3136 nosinstruunt³

210 3170 432 3245 ⁸⁰W⁸¹i¹i⁸¹⁰di⁸
454 3172 600 3229 fflm⁰⁰d⁰
614 3175 749 3243 81111101·
782 3174 844 3230 N0⁰
865 3172 1013 3230 1101810111
1065 3181 1100 3237 de
1111 3178 1208 3252 quibus
1217 3177 1343 3250 quadam
1353 3175 1388 3230 ad
1399 3171 1607 3231 aedificationem
1617 3168 1782 3242 proferenda
1792 3176 1869 3223 sunt.

209 3260 303 3318 coeteri
317 3261 468 3329 bominum,
484 3262 549 3335 quia
563 3262 772 3319 circumcisione
789 3262 928 3320 discretus
951 3268 1013 3317 erat
1065 3270 1101 3325 Ea
1122 3276 1150 3323 ῃ(
1169 3282 1250 3323 nemo
1271 3265 1334 3320 inde
1364 3260 1574 3329 scandalizetur,
1604 3274 1680 3315 sacra
1708 3257 1874 3315 auctoritate

211 3362 228 3405 1
247 3348 358 3421 populis
385 3350 540 3405 nationum.
560 3350 684 3407 Gentiles
702 3358 831 3421 raptores
845 3358 931 3419 erant,
948 3350 1013 3421 quia

210 3434 285 3493 bona
308 3437 419 3493 Domini
442 3439 524 3510 quasi
539 3454 589 3509 per
602 3439 658 3496 rim
685 3439 836 3511 rapiebant,
852 3440 918 3495 dum
933 3439 959 3494 ei
978 3439 1013 3494 de

210 3524 321 3581 collatis
331 3525 473 3582 beneficiis
482 3526 606 3583 debiturn
614 3527 761 3585 servicium
776 3543 831 3584 non
849 3528 1013 3584 reddebant.

211 3614 308 3685 laiusti
327 3614 472 3671 extiterant
497 3617 573 3684 dnm,
589 3616 720 3673 creatore
735 3627 837 3688 spreto,
858 3624 1013 3674 creaturam

209 3701 347 3759 colebant.
363 3703 485 3760 Adulteri
501 3712 577 3761 erant
595 3705 671 3771 dum,
687 3720 755 3761 vcro
770 3720 873 3777 sponso
894 3706 1013 3760 Domino

210 3790 334 3859 deserto,
344 3808 408 3848 enm
421 3793 593 3850 demonibus
612 3810 642 3849 se
655 3793 826 3865 polluebant.
845 3793 932 3849 Jndaei
946 3806 1014 3865 quo-

212 3896 268 3953 que
281 3888 406 3953 raptores
419 3892 497 3938 erant
517 3882 564 3954 qui
586 3882 639 3939 sibi
664 3885 761 3938 merita
776 3884 911 3952 justorum
933 3897 1015 3937 usur·

210 3970 323 4042 pabsnt.
341 3970 473 4042 liapinam
489 3970 553 4042 (sic)
567 3984 688 4043 namque
698 3972 859 4027 estlaudem
867 3970 934 4039 justi
944 3968 1015 4026 aelle

210 4058 314 4114 babere
328 4067 355 4114 et
367 4060 541 4115 sanctitatem
554 4059 621 4130 justi
639 4058 737 4114 imitari
751 4059 838 4115 nolle.
854 4059 932 4115 Unde
947 4059 1015 4114 scri-

209 4154 286 4218 ptum
300 4155 343 4204 est
360 4164 367 4201 ε
383 4148 1016 4220 1111111ρὶ111110111111111111111111111·

198 4234 492 4307 11111011(Ρο111111.
512 4238 558 4306 ιι).
579 4233 667 4304 Quam
682 4235 860 4307 equalitatem
879 4235 947 4290 dum
962 4234 1017 4305 pri-

210 4338 271 4379 mus
289 4323 405 4394 angelus
420 4338 520 4393 rapere
544 4324 637 4388 soluit,
664 4338 681 4379 a
704 4323 871 4379 beatitudine
896 4323 1012 4381 corruit.

210 4498 370 4555 solvebant.
384 4496 508 4553 adulteri
530 4498 639 4554 luerent
652 4499 716 4555 dum
730 4500 793 4571 lege
809 4501 893 4557 nobili
908 4516 1012 4573 sponsa

126 4640 130 4653 ,
210 4588 316 4657 abjecta
330 4602 393 4643 cum
404 4586 531 4642 idolatria
545 4604 577 4642 se
589 4588 838 4645 commaculabant.
859 4592 910 4646 Per
925 4590 1011 4661 septi-

210 4692 321 4733 manum
336 4690 417 4731 omne
429 4682 535 4746 tempus
549 4676 676 4733 volvitur.
693 4678 741 4732 Bis
756 4678 784 4733 in
797 4678 951 4734 ebdomada
967 4678 1012 4747 je-

207 4766 297 4836 junat,
311 4764 375 4837 qnia
390 4780 474 4836 opere
489 4773 516 4820 st
530 4771 667 4821 voluntate
681 4766 780 4821 malum
800 4767 931 4823 declinat.
956 4767 1012 4822 De-

199 4854 298 4912 ‘oimas
319 4853 367 4909 dat
389 4853 509 4909 omnium
526 4868 586 4926 qua
601 4854 733 4926 possidet,
755 4855 819 4927 quia
846 4856 1013 4927 decalogum

211 4942 283 5013 lepis
298 4958 348 5014 per
361 4942 389 4997 Χ
403 4958 502 4999 sensus
516 4943 642 5014 corporis
656 4943 752 5014 implet
766 4963 774 5000 ε
790 4945 907 5017 quinque
932 4960 1013 4999 nam·

213 5047 267 5105 que
290 5031 427 5102 duplicata
442 5032 538 5088 decem
552 5030 663 5099 iaciunt,
681 5042 709 5087 ut
723 5034 778 5089 alno
792 5035 874 5100 oculi,
889 5034 949 5089 duae
964 5047 1013 5088 au·

210 5135 256 5177 res
270 5128 297 5176 et
311 5126 414 5176 cetera.
433 5119 488 5175 Sed
501 5120 589 5176 ludaei
603 5121 702 5176 malum
717 5130 782 5177 actu
792 5130 820 5177 et
833 5129 896 5177 voto
911 5136 1013 5192 opera-

205 5208 326 5277 bantur,
341 5216 480 5280 precepta
493 5208 544 5265 Dei
558 5209 663 5267 cunctis
676 5209 805 5265 sensibus
824 5210 1015 5284 transgredie-

210 5300 320 5355 bantur.

248 5422 410 5480 Publicanos
425 5423 470 5496 qui
486 5423 599 5496 alonge
614 5425 703 5481 stabat
726 5434 767 5482 est
788 5426 899 5500 gentilis
922 5442 1012 5499 popu·

210 5510 265 5579 lus,
280 5511 329 5585 qrri
341 5527 359 5569 a
373 5513 448 5570 cultu
462 5512 514 5570 Dei
526 5513 621 5587 procul
635 5522 704 5572 erat.
720 5514 824 5574 Oculos
845 5517 882 5572 ad
909 5516 1012 5574 coelum

248 5651 322 5723 (101)
340 5652 409 5711 God.
423 5654 546 5713 1111011.

1067 3354 1291 3427 exemplificetur.
1318 3350 1377 3409 Filii
1392 3351 1491 3425 quippe
1507 3346 1593 3405 lsrael
1607 3346 1748 3420 AEgyptios
1762 3346 1872 3417 spolia-

1067 3453 1178 3507 verunt;
1191 3459 1298 3509 aurum,
1311 3450 1464 3515 argentum,
1477 3454 1613 3511 gemmas,
1625 3444 1717 3492 vestes
1731 3434 1871 3506 pretiosas

1067 3535 1197 3601 tulerunt,
1209 3549 1271 3607 quae
1280 3541 1375 3604 postea
1384 3531 1412 3585 iu
1427 3528 1538 3585 denaria
1553 3526 1603 3582 Dei
1617 3526 1652 3582 ad
1667 3522 1870 3584 conficiendum

1067 3623 1271 3680 tabernaculum
1287 3620 1454 3677 obtulerunt.
1466 3618 1538 3671 Dum
1553 3630 1617 3671 vero
1632 3613 1685 3685 ipsi
1699 3614 1734 3669 de
1748 3612 1871 3685 egypto

1068 3714 1204 3778 exierunt,
1229 3710 1326 3767 omnia
1340 3708 1439 3779 templa
1464 3706 1610 3777 ydolorum
1631 3709 1807 3760 corruerunt.
1829 3702 1871 3755 111

1068 3803 1184 3874 AEgypto
1199 3806 1298 3857 exeunt
1312 3807 1337 3855 et
1351 3798 1385 3853 ad
1400 3805 1502 3852 terram
1517 3791 1740 3865 repromissionis
1753 3790 1873 3847 tendunt

1069 3892 1114 3965 qui
1129 3892 1181 3947 hoc
1196 3889 1325 3946 saeculum
1341 3888 1472 3942 deserunt
1487 3892 1514 3941 11
1529 3900 1559 3939 se
1574 3883 1609 3937 ad
1620 3888 1742 3937 sanctem
1752 3895 1873 3935 conver-

1069 3981 1204 4036 sationem
1220 3977 1385 4033 translernnt
1402 3992 1408 4029 :
1424 3983 1488 4029 lunc
1503 3986 1621 4043 namque
1633 3968 1750 4026 delubro
1764 3966 1872 4023 dissol-

1070 4075 1177 4131 vuntur,
1204 4066 1268 4137 quia
1289 4063 1342 4134 ipsi
1366 4062 1412 4135 qni
1436 4059 1537 4129 lempla
1566 4058 1699 4115 viciorum
1725 4062 1818 4116 erant.
1853 4072 1873 4111 1

1070 4154 1190 4227 peccatis
1215 4155 1415 4220 destruuntur3
1439 4152 1493 4218 Jam
1517 4148 1590 4204 enirn
1613 4146 1664 4202 Dei
1682 4143 1871 4200 habitaculum

1071 4258 1132 4299 esse
1147 4243 1288 4314 incipiunt,
1303 4248 1331 4295 et
1345 4240 1406 4295 ideo
1420 4238 1532 4308 maligui
1542 4234 1653 4307 spiritus
1663 4234 1691 4288 in
1701 4234 1741 4289 eis
1751 4248 1872 4289 maneu-

1071 4332 1098 4387 di
1113 4332 1205 4389 locum
1220 4330 1319 4387 diutius
1333 4328 1435 4385 babere
1451 4342 1503 4382 non
1513 4322 1710 4397 poterunt.Qui
1724 4322 1870 4393 AEgyptios

210 4409 308 4479 1100θῦ
320 4410 464 4466 amelini
481 4410 548 4465 dum
563 4425 614 4466 ¹¹00
628 4412 687 4465 ⁰00
704 4427 756 4466 ⁵¹1⁸
769 4427 821 4468 ¹12⁰
839 4413 942 4467 homini
960 4426 1011 4467 ⁸¹¹⁸
1024 4394 1051 4457 D
1065 4421 1218 4491 despoliant
1233 4419 1298 4474 dum
1314 4416 1455 4474 saecularia
1470 4413 1559 4469 studia
1574 4413 1600 4468 in
1617 4409 1756 4483 spirituale
1785 4426 1869 4466 exer-

1065 4510 1157 4567 citium
1170 4514 1351 4565 commutant.
1372 4506 1413 4563 dd
1429 4502 1583 4561 laciendum
1610 4499 1818 4557 tabernaculum
1836 4515 1871 4557 ea

1066 4598 1184 4655 offerunt
1199 4599 1263 4652 dum
1278 4594 1471 4667 philosophica
1496 4598 1658 4663 argumenta
1681 4588 1715 4644 ad
1743 4586 1870 4643 aedifaca-

1066 4690 1167 4744 tionem
1200 4685 1331 4743 Ecclesia
1363 4682 1513 4755 Proiciunt.
1543 4684 1645 4735 Aurum
1677 4676 1870 4749 AEgyptiornm

1067 4778 1179 4843 donant,
1194 4777 1259 4831 dum
1274 4789 1323 4846 per
1337 4771 1495 4828 saeculsrem
1511 4766 1669 4840 sapientiam
1698 4763 1869 4836 spiritualem

1067 4865 1237 4938 disciplinam
1253 4870 1363 4923 ornant.
1374 4865 1523 4933 Argentum
1537 4855 1721 4928 AEpyptiorum
1738 4852 1867 4919 oberunt,

1067 4957 1131 5011 dum
1147 4954 1310 5010 saecularem
1325 4948 1508 5021 eloquentiam
1523 4946 1557 5001 ad
1572 4943 1715 5001 utilitatem
1734 4941 1870 4999 Ecclesia·

1068 5050 1237 5101 convertunt.
1254 5040 1384 5096 Gemmas
1399 5038 1507 5091 illorum
1520 5034 1621 5090 donant
1635 5032 1700 5087 dum
1715 5030 1869 5087 sententias

1068 5149 1084 5190 1
1098 5130 1267 5203 pbilosophis
1281 5130 1351 5185 bene
1365 5124 1487 5199 prolatas
1501 5122 1535 5179 ad
1549 5120 1763 5178 exhortationem
1773 5120 1870 5191 proxi·

1068 5245 1174 5287 morum
1189 5234 1312 5283 narrant.
1330 5224 1425 5281 Vestes
1441 5236 1532 5277 eorum
1548 5218 1673 5288 offerunt,
1689 5216 1751 5272 dum
1767 5231 1866 5273 exem-

1068 5331 1113 5403 pla
1127 5327 1269 5403 gentilium
1285 5324 1319 5381 sd
1335 5321 1511 5379 imitationem
1533 5317 1661 5373 iratribus
1684 5314 1815 5373 referunt.
1838 5316 1868 5369 ln

1067 5426 1216 5503 11111110ο
1231 5428 1283 5481 301
1299 5424 1339 5495 10)
1354 5420 1425 5477 enim
1440 5419 1522 5474 domo
1536 5431 1590 5471 nou
1606 5414 1696 5471 solum
1708 5427 1772 5469 vasa
1783 5427 1868 5469 aurea

1068 5530 1247 5600 esurgentes,
1264 5520 1312 5577 sed
1323 5514 1504 5577 etiamierrea
1519 5519 1546 5569 et
1557 5511 1721 5570 betilissunt
1731 5524 1868 5567 11111111-
