3942 6067
94 226 163 285 1093
447 190 450 194 7
482 218 665 284 suscmuu
686 191 884 281 ldCCLHSlAE.¹
901 251 935 263 -
955 218 993 277 lN
1012 208 1204 277 conluunt
1224 206 1366 275 reputt.
1687 215 1756 275 f⁰9d

94 351 174 409 nobis
199 367 305 426 nosque
328 351 431 409 mundo
460 350 605 409 crucifixos
637 351 766 416 sciamus,
802 347 889 404 rexil·
906 352 1025 415 Alenus
1039 348 1158 405 victores
1173 347 1207 402 ad
1230 346 1334 418 Regem
1355 340 1452 413 glorire
1478 340 1532 399 lecti
1555 341 1745 415 perveniemsu

94 443 148 499 lunr
163 442 252 500 crucis
266 458 315 514 per
330 440 493 513 pacientiam
516 442 669 513 bajolantes
691 440 720 495 in
745 439 817 495 viem
845 453 894 495 ea·
948 444 974 493 et
988 439 1016 492 in
1030 437 1134 494 coelesti
1149 434 1224 493 curia
1239 450 1301 491 cunr
1321 432 1475 506 frequentia
1503 432 1664 504 angelorum
1693 432 1746 488 tri-

95 532 183 588 ritatis
220 547 398 604 properemus
435 539 532 587 contra
572 531 722 603 phalanges
762 527 894 586 viciorum
948 529 1111 599 omphantes
1128 526 1283 599 perenniter
1297 538 1360 582 oum
1376 522 1482 580 Christo
1496 522 1610 581 laureati
1626 522 1745 595 gaudea-

97 622 184 679 armis
207 621 333 681 virtutum
355 620 388 694 (p
407 623 469 683 ald)
493 620 604 677 viriliter
624 620 796 690 dimicemus,
824 631 896 691 qua·
951 632 1025 673 mus.
1043 616 1095 673 Ubi
1109 615 1215 673 oculus.

615 1091 669 1167 IN
696 1086 952 1167 CONVENT
956 1086 991 1163 U
1013 1086 1225 1165 POPULI.

137 1337 219 1394 Beati
227 1334 276 1409 qai
287 1337 314 1391 tc
324 1331 462 1405 diligunt,
472 1328 667 1395 fflmosolimo,
676 1328 706 1384 ct
716 1326 765 1400 qai
774 1324 901 1398 gaudent
956 1318 1057 1376 similis
1071 1335 1133 1377 esse
1148 1316 1241 1376 voluit.
1250 1318 1316 1374 Cum
1325 1315 1398 1391 [hoc]
1411 1333 1482 1391 ergo
1497 1316 1631 1375 Hicbahel
1645 1318 1757 1375 erchan-

101 1442 188 1501 roper
206 1439 276 1499 poce
304 1423 367 1480 tao.
386 1418 468 1490 Quia,
488 1416 671 1485 dilectissimi,
699 1416 750 1472 Dei
773 1413 902 1471 animalia
955 1410 1045 1485 gelus,
1062 1410 1192 1481 princeps
1207 1406 1317 1466 miliciae
1331 1406 1451 1464 ooelestis
1478 1407 1624 1477 exercitus,
1654 1407 1757 1463 bellum

100 1515 184 1573 bodie
212 1510 382 1587 frequentius
409 1510 443 1565 ed
466 1522 568 1581 pascua
593 1506 655 1564 vitae
677 1503 858 1573 confluxistis,
875 1508 903 1560 et
956 1499 1106 1566 conseruit,
1118 1498 1259 1570 victorque
1271 1498 1391 1553 existens
1406 1514 1468 1553 curn
1483 1512 1544 1554 eom
1561 1497 1685 1553 omnibus
1701 1497 1757 1554 sais

102 1605 203 1661 famem
230 1600 359 1658 audiendi
386 1599 499 1655 verbum
537 1596 587 1652 Dei
628 1593 728 1667 pabulo
754 1593 903 1665 Scriptura
957 1590 992 1646 de
1007 1587 1106 1643 finibus
1129 1604 1258 1659 supernae
1285 1586 1401 1643 ciuitatis
1425 1586 1536 1659 expulit,
1566 1595 1649 1660 etque
1676 1587 1757 1658 hujus

101 1694 231 1766 mitigare
245 1692 377 1759 optimum
390 1687 518 1755 duxistis,
535 1692 643 1757 oportet
670 1684 749 1741 vobis
777 1683 811 1739 de
838 1683 901 1739 the·
916 1698 943 1759 B
957 1676 1053 1734 mundi
1069 1678 1180 1735 exilium
1196 1676 1289 1733 subire
1304 1675 1442 1748 compulit.
1459 1675 1510 1747 Qui
1529 1691 1593 1732 curu
1620 1676 1649 1731 in
1676 1676 1758 1732 exilio

102 1800 187 1842 sauro
214 1780 323 1839 Domini
352 1794 425 1835 noxa
452 1784 479 1832 et
508 1783 603 1832 vetera
633 1772 790 1841 ministrari,
820 1781 903 1845 prout

102 1875 191 1931 bonus
205 1880 298 1946 pastor
311 1870 408 1926 ovibus
423 1876 450 1923 et
464 1866 552 1921 haedis
567 1864 702 1937 disposuit
721 1864 847 1938 erogari.

137 1991 211 2048 licet
231 1988 304 2047 enim
322 2002 377 2043 uua
404 1984 541 2058 professio
571 1982 735 2039 Christianae
763 1979 906 2055 religionis

102 2095 152 2140 xos
166 2095 262 2137 omncs
277 2076 355 2151 quasi
371 2077 399 2131 in
413 2092 497 2131 unum
512 2089 627 2148 gregem
643 2078 808 2145 congreget,
826 2070 907 2126 valde

101 2180 194 2227 tamen
209 2167 375 2241 pertimesco
398 2181 433 2221 ne
457 2180 507 2221 ros
535 2178 635 2219 omnes
665 2176 780 2218 censura
807 2157 908 2214 summi

101 2259 223 2331 pastoris
249 2258 278 2312 in
304 2270 359 2311 uuo
386 2253 453 2309 ovili
479 2254 507 2309 in
530 2251 663 2308 extremis
690 2266 745 2306 nou
774 2248 905 2305 stabiliet.

103 2348 272 2406 Diversistas
287 2346 390 2419 quippe
402 2358 511 2399 morum
527 2342 607 2398 faciet
621 2340 807 2396 diversitatem
828 2340 907 2394 loco-

102 2455 175 2494 mm.
205 2437 281 2493 Hulti
305 2435 378 2492 enim
405 2450 439 2490 ex
469 2431 548 2488 vobis
574 2432 688 2486 verbum
717 2429 766 2485 Dei
789 2428 907 2484 libenter

103 2528 227 2590 erudiunt,
244 2524 371 2581 libentius
386 2538 470 2595 opere
485 2520 649 2593 perficiunt.
682 2518 726 2574 Hii
747 2535 780 2574 ex
809 2508 907 2574 ovibus

19 2665 24 2672 .
103 2615 203 2672 Christi
222 2622 284 2671 sunt
309 2622 337 2670 et
358 2612 396 2669 bii
422 2612 451 2667 iu
470 2610 574 2681 judicio
590 2624 606 2664 a
622 2608 725 2665 deutris
740 2608 800 2678 ejus
815 2614 905 2663 erunt.

103 2705 214 2762 Plurimi
244 2719 354 2777 quoque
382 2719 416 2757 ex
440 2700 518 2757 vobis
548 2707 612 2755 sunt
640 2698 686 2771 qui
715 2698 830 2755 uerbum
857 2696 907 2753 Dei

104 2794 202 2851 audire
226 2794 381 2866 negligunt,
398 2806 485 2863 opere
506 2789 621 2860 implere
650 2787 815 2859 despiciunt.
839 2787 907 2842 Sunt

103 2883 186 2940 etiarn
207 2883 334 2955 plerique
360 2881 406 2954 qui
433 2897 466 2936 cx
496 2878 587 2935 verbis
615 2877 667 2934 Dei
690 2876 858 2944 cruciantur,
880 2884 907 2933 et

103 2989 154 3029 uos
181 2972 314 3029 salutaria
342 2970 443 3027 monita
477 2968 648 3041 proferentes
687 2982 750 3025 cum
783 2967 905 3032 veritate,

959 1768 1048 1823 adhue
1063 1782 1116 1823 nou
1133 1767 1221 1823 solum
1236 1766 1393 1831 rebellaret,
1420 1780 1512 1821 verum
1538 1764 1619 1821 ctiam
1640 1780 1758 1840 regnum

960 1857 1011 1914 sibi
1028 1856 1171 1928 impudens
1186 1863 1340 1927 usurparet,
1351 1854 1627 1926 aetcrnusimperalor
1640 1854 1759 1928 parady-

961 1964 1031 2013 sum,
1050 1946 1126 2019 quasi
1142 1945 1280 2018 quoddam
1295 1944 1437 2002 castcllum
1453 1942 1480 1998 in
1495 1942 1683 2000 amoenissimo
1698 1943 1759 2001 loco

960 2036 1104 2108 plantavit,
1118 2035 1146 2091 in
1160 2049 1215 2108 quo
1230 2034 1346 2108 primum
1361 2034 1499 2089 hominem
1523 2032 1601 2105 quasi
1622 2033 1760 2105 quendam

961 2124 1114 2197 principem
1133 2124 1167 2179 ad
1190 2122 1402 2195 expugnandum
1428 2131 1572 2195 tyrannum
1596 2121 1757 2189 collocavit;

961 2230 1043 2286 quem
1059 2223 1190 2285 tyrannus
1205 2212 1268 2269 dolo
1278 2212 1493 2269 circumventum
1508 2228 1565 2267 suae
1580 2210 1675 2267 ditioni
1691 2211 1759 2265 sub-

962 2304 1029 2375 egit,
1046 2312 1208 2375 captumque
1224 2318 1316 2358 secum
1332 2301 1359 2357 in
1373 2300 1481 2357 exilium
1496 2300 1570 2356 abire
1585 2301 1688 2373 coegit.
1706 2297 1760 2369 Qut

961 2393 989 2449 in
1004 2392 1089 2448 exilio
1101 2392 1169 2449 duos
1184 2392 1308 2448 homines
1323 2390 1479 2465 progenuit,
1496 2407 1613 2464 quorum
1628 2406 1698 2445 unus
1709 2396 1760 2446 ter·

962 2499 1037 2539 renae
1052 2482 1181 2549 ciuitatis,
1197 2482 1267 2537 alter
1281 2481 1401 2538 coelestis
1415 2482 1483 2538 civis
1497 2480 1593 2537 extitit.
1605 2481 1676 2535 lnter
1690 2494 1759 2551 quos
1792 2526 1796 2535 .

961 2572 1050 2628 civilis
1065 2572 1204 2628 discordia
1219 2587 1281 2626 mox
1297 2572 1395 2639 oritur,
1415 2580 1441 2626 et
1455 2570 1523 2626 Abel
1538 2586 1555 2626 a
1571 2569 1638 2625 Cain
1654 2567 1758 2626 occidi·

962 2671 1015 2729 tur,
1027 2670 1108 2734 atque
1122 2662 1190 2717 alius
1206 2660 1273 2718 civis
1288 2660 1468 2726 Hierusalem,
1486 2659 1614 2717 videlicet
1624 2658 1698 2727 Seth,
1710 2674 1759 2731 pru

963 2768 997 2808 eo
1016 2751 1146 2807 nascitur.

999 2858 1063 2915 Ceio
1079 2858 1169 2931 itaque
1184 2857 1254 2913 civis
1266 2864 1384 2913 terrenae
1398 2856 1513 2912 civitatis
1536 2855 1643 2928 primus
1662 2854 1760 2913 civita·

961 2956 1015 3003 tem
1031 2948 1161 3012 condidit,
1179 2947 1230 3001 sub
1245 2948 1319 3015 eujus
1334 2946 1436 3002 ditione
1450 2946 1584 3003 exercitus
1600 2944 1674 3017 regis
1697 2945 1758 2999 dia-

104 3062 211 3120 Christo
224 3061 447 3118 abhominantur.
477 3058 520 3114 Hii
545 3057 669 3129 profecto
683 3073 717 3113 cx
731 3056 818 3113 haedis
832 3064 905 3140 sunt,
921 3048 947 3113 G
962 3036 1016 3093 ΜΗ
1032 3036 1126 3099 Helii·
1142 3052 1204 3107 quae
1217 3035 1243 3090 in
1258 3036 1359 3091 ‘¹5¹⁰in
1374 3050 1437 3091 <ium
1453 3035 1579 3091 ”nivem
1594 3034 1694 3106 ll⁰l³¹²¹⁰
1708 3050 1758 3090 ³1¹⁰

102 3161 130 3209 et
155 3152 194 3207 hii
221 3168 239 3208 a
266 3151 384 3207 sinistris
413 3149 537 3204 stabunt.
559 3146 675 3219 Oportet
690 3162 759 3219 ergo
773 3161 824 3202 uos
844 3160 908 3217 pro·

103 3239 175 3297 ferre
207 3256 270 3313 quae
298 3239 394 3295 oribus
426 3243 583 3308 congruunt
611 3245 640 3291 et
667 3251 700 3291 ee
733 3251 795 3308 quoe
821 3235 908 3290 baedis

103 3330 279 3387 conueniunt.
306 3329 388 3384 Porro
409 3344 491 3384 verus
517 3334 612 3397 pastor
636 3324 786 3382 adveniens
802 3340 851 3381 xos
873 3324 909 3379 ab

104 3419 223 3475 invicem
238 3426 267 3474 ut
281 3434 348 3473 oves
362 3417 396 3472 ab
411 3415 497 3472 baedis
512 3414 671 3488 segregabit
686 3414 804 3485 lactet.
825 3416 906 3484 xxv),

105 3515 132 3564 et
146 3523 213 3565 ores
228 3508 339 3581 quidem
366 3506 394 3561 in
424 3506 486 3562 loco
520 3521 629 3577 pascuae
644 3503 690 3559 ubi
705 3503 746 3559 cis
759 3502 825 3559 nihil
840 3502 910 3559 dee·

105 3597 142 3653 rit
164 3596 313 3654 collocabit
340 3596 430 3668 (Prcl.
454 3596 536 3664 xxrr),
564 3594 660 3651 baedos
689 3600 779 3649 autem
808 3594 836 3648 in
863 3592 908 3647 in-

107 3686 184 3744 ferno
198 3686 245 3744 ubi
259 3701 334 3741 mors
353 3685 483 3757 depascet
498 3699 545 3742 eos
559 3683 648 3754 (Prot.
663 3684 774 3752 rcrrrr),
802 3681 908 3738 manci-

105 3775 193 3850 pabit.

141 3892 259 3964 Nempe,
274 3890 384 3959 fratres,
407 3890 470 3946 dum
493 3896 558 3945 sunt
571 3887 706 3954 civitates,
723 3902 839 3960 querum
853 3902 910 3942 una

106 3981 301 4050 Hierosolima,
318 3981 405 4055 altera
425 3988 541 4037 uocetur
556 3976 718 4050 Bnbylouie.
742 3976 832 4046 Huius
860 3992 910 4033 rex

108 4080 150 4128 est
177 4071 313 4141 Christus,
329 4070 404 4126 illius
418 4084 484 4126 uero
498 4068 624 4124 diabolus
642 4084 649 4123 :
666 4067 806 4139 utriusque
819 4074 910 4123 autem

106 4160 181 4218 cives
195 4169 258 4217 suut
271 4160 317 4215 bic
332 4158 459 4231 permixti
481 4165 507 4213 et
532 4157 609 4230 quasi
623 4156 670 4213 uui
686 4156 796 4212 miliciae
820 4156 910 4211 ascri·

106 4250 166 4323 pti;
182 4250 232 4306 sed
248 4264 347 4323 magna
367 4248 507 4305 discordia
521 4247 593 4303 inter
607 4262 637 4303 se
650 4246 780 4319 flagrant,
796 4254 824 4301 et
837 4261 910 4302 nunc

108 4339 189 4407 clam,
199 4356 273 4396 nuuc
295 4339 386 4411 palem
405 4338 569 4394 alterutrum
583 4338 683 4394 acriter
695 4336 867 4409 impugnent,
883 4343 910 4391 et

107 4429 161 4486 hoc
173 4438 313 4486 certamen
328 4429 432 4484 tamdiu
448 4427 558 4484 durabit
573 4425 704 4500 quamdiu
718 4426 838 4482 mondus
855 4425 907 4481 iste

108 4517 201 4574 stabit.
215 4519 258 4574 hd
273 4525 426 4575 extremum
435 4533 503 4573 vero
512 4514 587 4573 cives
597 4515 769 4572 Hierusalem
785 4532 847 4572 cum
858 4530 908 4571 suo

108 4605 178 4663 rege
191 4590 220 4645 in
234 4606 354 4662 superna
382 4589 456 4647 curia
475 4588 689 4660 triumphabunt,
718 4587 797 4646 cives
815 4596 908 4645 autem

108 4678 308 4752 Babyloniam
331 4678 456 4735 infernali
484 4676 625 4751 ergastulo
648 4684 750 4733 aeterne
773 4675 910 4749 supplicia

108 4784 171 4825 cum
184 4784 236 4824 suo
250 4784 318 4843 rege
333 4766 506 4825 cruciabunt.

146 4884 328 4958 Omnipotens
344 4901 464 4959 namque
479 4886 564 4951 Deos,
580 4900 702 4939 summus
716 4881 817 4955 opifex,
835 4898 909 4955 praa·

109 4974 291 5034 clarissimum
315 4975 424 5043 orbem,
449 4974 553 5033 seilicet
572 4974 744 5031 Hierusalem
758 4972 855 5046 (halt
870 4973 910 5045 νο)

109 5066 139 5123 in
153 5066 283 5139 supernis
297 5065 427 5131 condidit,
457 5064 485 5119 in
510 5079 564 5137 que
586 5063 815 5135 fulgentissimam
837 5079 910 5121 rem·

110 5157 248 5228 publicam
263 5155 457 5212 decentissimo
472 5154 561 5210 ordini
574 5153 698 5223 instituit,
723 5154 789 5209 dum
817 5153 902 5210 excel·

111 5246 264 5304 lentissimo
279 5244 507 5317 archangelorum
524 5242 597 5299 uelut
612 5243 751 5315 quendem
773 5258 911 5299 ueneran-

111 5334 177 5391 dum
203 5344 328 5392 seuetum
357 5334 506 5400 constituit,
527 5333 633 5406 reliqua
659 5348 725 5389 xero
749 5332 911 5406 angelorum

112 5424 224 5497 agmina
239 5425 318 5498 quasi
339 5424 464 5497 legiones
488 5423 629 5492 cujusdam
658 5420 750 5479 invicti
775 5422 912 5479 exercitus

112 5514 262 5571 distribuit.
277 5516 309 5571 ln
323 5516 376 5571 bac
391 5513 532 5585 republica
550 5511 656 5585 quidam
676 5511 804 5583 princeps
817 5519 912 5584 tyran·

112 5603 207 5662 uidem
222 5604 346 5678 arripuit,
361 5603 406 5677 qui
421 5604 524 5676 primus
538 5600 617 5659 ciuile
631 5600 732 5658 bellum
762 5602 845 5658 sociis
866 5601 912 5659 in·

961 3125 1054 3197 periit.
1074 3125 1139 3181 Seth
1153 3133 1254 3193 cirtem,
1271 3124 1316 3195 qui
1331 3126 1374 3180 hic
1390 3140 1443 3181 non
1453 3133 1610 3181 manentem
1622 3122 1760 3180 civitatem

961 3215 1054 3270 habuit
1072 3214 1165 3285 (Helm.
1186 3214 1257 3283 χιιι).
1271 3214 1320 3269 sed
1336 3212 1452 3269 futuram
1468 3230 1521 3270 non
1539 3228 1620 3269 mana
1649 3212 1758 3279 factam,

961 3304 1011 3359 sed
1026 3312 1156 3359 aeternam
1178 3303 1205 3359 in
1227 3302 1305 3361 coelis
1321 3303 1465 3375 acquisivit
1479 3302 1516 3370 (ll
1530 3300 1591 3359 Cor.
1607 3307 1635 3371 v)
1651 3300 1761 3357 exerci-

961 3401 1018 3448 tum
1034 3392 1131 3449 Christi
1146 3393 1273 3465 praetulit,
1291 3392 1337 3465 qui
1352 3397 1542 3463 tempestatem
1556 3390 1651 3448 diluvii
1664 3390 1692 3445 in
1716 3405 1762 3445 ar-

962 3483 1014 3540 cha
1026 3482 1099 3539 velut
1113 3482 1141 3537 in
1156 3482 1274 3555 quodam
1289 3492 1381 3537 castro
1395 3481 1511 3538 delituit.
1527 3482 1633 3537 Deinde
1657 3481 1691 3537 de
1714 3494 1763 3535 ar-

961 3581 1025 3647 cha,
1037 3580 1107 3636 sicut
1122 3580 1195 3651 prius
1210 3580 1244 3636 de
1260 3580 1408 3651 paradyso,
1421 3596 1469 3648 per
1484 3579 1554 3635 duos
1567 3579 1692 3635 homines
1707 3580 1762 3635 duo

962 3669 1097 3726 exercitur
1112 3669 1191 3741 quasi
1205 3669 1240 3725 de
1255 3670 1373 3741 quedam
1388 3668 1496 3726 civitate
1516 3668 1544 3723 in
1568 3668 1658 3725 locum
1673 3676 1762 3725 certa-

961 3759 1045 3815 minis
1059 3758 1229 3830 prodieruut,
1246 3758 1309 3813 dom
1325 3758 1403 3814 electi
1417 3758 1451 3813 de
1465 3756 1539 3821 Sem,
1562 3756 1673 3827 reprobi
1696 3772 1763 3815 vcro

962 3848 997 3904 de
1012 3846 1096 3903 Cham
1112 3846 1248 3903 exierunt.
1269 3846 1333 3902 Sem
1348 3846 1441 3918 itaque
1457 3845 1525 3902 civis
1535 3846 1654 3901 coelestis
1668 3846 1763 3901 Hieru-

963 3938 1050 3993 salem
1066 3943 1224 3993 terrestrem
1236 3934 1409 3991 Hierusalem
1420 3934 1447 3989 in
1457 3932 1545 4006 figura
1556 3935 1629 3990 illius
1637 3948 1763 4005 supernae

963 4026 1095 4096 condidit,
1112 4026 1139 4083 iu
1153 4042 1205 4099 que
1220 4025 1356 4083 exercitus
1371 4024 1521 4081 electorum
1539 4040 1569 4080 se
1590 4024 1762 4097 peregrinari

962 4116 1057 4173 doluit.

998 4206 1132 4263 Nemroth
1143 4212 1234 4263 eutem
1250 4204 1341 4279 giges,
1363 4204 1515 4261 desemine
1530 4204 1626 4272 Cham,
1641 4202 1762 4276 Babylo-

963 4294 1036 4351 niam
1062 4294 1196 4363 fundavit,
1218 4294 1247 4349 ln
1272 4310 1327 4367 qua
1353 4294 1488 4351 exercitus
1506 4295 1686 4367 reproborum
1711 4292 1762 4349 sub

921 4418 948 4480 D
963 4384 1085 4442 dominio
1096 4384 1172 4459 regis
1187 4384 1289 4441 diaboli
1304 4384 1505 4457 gloriabundus
1520 4384 1652 4459 regnarit.

1000 4501 1110 4557 Interea
1124 4498 1241 4573 populus
1267 4498 1318 4555 Dei
1346 4499 1373 4555 in
1403 4500 1519 4573 AEgypto
1540 4500 1766 4575 peregrinasse

965 4590 1105 4646 Pharaone
1119 4604 1185 4663 rege
1200 4589 1298 4663 iniquae
1311 4590 1397 4662 partis
1411 4591 1532 4663 graviter
1546 4590 1690 4663 affligitur,
1715 4592 1764 4648 scd

965 4695 981 4734 a
996 4694 1047 4736 suo
1062 4694 1127 4753 rege
1141 4678 1228 4751 siguis
1243 4686 1269 4735 ct
1284 4679 1419 4756 prodigiis
1445 4679 1607 4737 mirabiliter
1637 4680 1763 4752 eripitur,

966 4768 1000 4841 (f⁰
1015 4771 1078 4836 350)
1094 4785 1146 4840 per
1159 4783 1237 4826 mere
1251 4768 1374 4827 Rubrum
1398 4770 1472 4826 sicco
1500 4770 1615 4841 vestigio
1629 4769 1762 4839 educitur,

965 4858 1075 4915 Pharao
1088 4874 1260 4932 persequens
1278 4874 1342 4917 cum
1359 4859 1433 4916 omni
1455 4858 1558 4931 populo
1572 4874 1622 4915 suo
1636 4858 1765 4917 fluetibus
1850 4914 1853 4923 ,

964 4948 1138 5021 inmergitur.

1002 5066 1062 5123 Rex
1084 5071 1174 5121 eutem
1191 5064 1312 5123 eclesiis
1326 5064 1445 5123 civitatis
1467 5063 1599 5123 exercitui
1614 5081 1663 5123 suo
1676 5066 1764 5124 duca-

966 5162 1021 5210 tum
1038 5171 1090 5226 per
1104 5156 1260 5212 columnam
1271 5156 1343 5228 ignis
1353 5157 1379 5211 in
1390 5163 1481 5221 nocte,
1498 5172 1548 5227 per
1561 5156 1664 5213 nubem
1678 5156 1705 5211 fn
1720 5156 1765 5213 die

966 5245 1207 5317 prebebat,qucm
1222 5261 1293 5318 pane
1309 5246 1526 5319 angelicoomne
1535 5246 1765 5302 delectamentum

967 5334 1109 5390 suavitatis
1124 5335 1239 5390 habente
1254 5350 1303 5406 per
1317 5336 1364 5390 xl.
1379 5350 1467 5391 annos
1480 5336 1620 5407 pa'scebat,
1636 5334 1766 5391 melliflua

966 5438 1038 5496 equa
1053 5425 1087 5481 dc
1102 5431 1178 5495 petra
1193 5425 1324 5496 producta
1338 5424 1487 5492 reficiebat,
1504 5434 1530 5480 ct
1545 5426 1571 5480 in
1587 5434 1687 5481 terrem
1711 5422 1765 5480 llu-

967 5522 1059 5571 entem
1073 5513 1117 5570 lac
1141 5524 1168 5570 et
1186 5512 1240 5571 mel
1254 5514 1471 5583 introducebat,
1488 5514 1632 5571 debellatis
1646 5514 1767 5586 undique

966 5604 1094 5661 hostibus
1120 5604 1292 5661 Hierusalem
1320 5604 1459 5661 ciuitatem
1484 5604 1686 5662 Melchisedech
1707 5602 1768 5679 regi

114 5690 187 5781 tulit,
200 5694 268 5752 dum
280 5694 392 5753 Lucifer
405 5692 587 5766 archangelus
599 5690 732 5750 alussimo
754 5690 913 5765 imperatori
964 5692 1082 5764 justicia
1097 5693 1242 5753 reddebat.
1263 5690 1293 5749 ln
1307 5692 1518 5783 qualloridrex
1527 5696 1580 5753 sub
1590 5693 1679 5771 figura
1689 5694 1768 5762 Chri-
