3942 6067
211 336 264 393 979
562 334 712 394 trontotttt
731 334 986 393 auuustonttu.
1008 332 1084 391 OPP.
1108 334 1195 392 PARS
1215 336 1266 391 lll.
1286 364 1319 375 -
1336 330 1534 392 blTUllGlCh.

209 475 262 534 per
275 458 404 531 reddidit,
426 476 511 534 quem
533 469 629 534 postea
652 478 737 535 super
758 460 850 518 omnia
868 460 940 516 bona
961 474 1012 515 sua
1025 458 1053 519 Α
1066 474 1155 533 guare
1171 478 1200 519 se
1215 461 1243 517 in
1258 462 1405 519 oratorium
1430 462 1536 534 portari
1555 460 1671 535 rogavit,
1696 462 1874 534 munitusque

212 549 367 609 constituit.
385 549 505 621 Quidam
529 552 649 607 rusticus
673 567 690 607 u
717 551 834 625 quodam
858 549 945 606 milite
969 564 1021 620 pro
1078 551 1185 607 Domini
1198 552 1300 609 sanctis
1322 552 1501 609 sacramentis
1529 552 1600 607 inter
1629 551 1714 607 verba
1741 550 1877 607 orationis

214 638 297 695 rebus
311 638 370 695 suis
385 639 589 713 constringitur,
606 648 669 697 ante
684 657 786 713 equum
806 657 886 696 suum
907 639 942 695 ad
966 638 1023 695 cel.
1077 640 1185 697 beatum
1210 641 1334 713 spiritum
1348 640 1459 697 efflavit.
1491 639 1544 712 Qui
1570 641 1634 697 dum
1653 640 1687 696 ab
1709 640 1816 714 angelis
1846 638 1876 693 iu

147 763 155 775 .
215 727 300 783 lulum
313 728 452 785 Benedicti
467 729 571 785 rinctus
585 730 748 801 impellitur,
764 730 812 786 sed
838 745 855 785 a
877 730 934 786 viro
959 744 1023 783 san·
1076 745 1195 801 superna
1210 731 1299 802 patria
1314 730 1457 797 exaltatur,
1473 730 1530 800 ejus
1545 730 1694 803 perhennis
1717 728 1808 803 gloria
1826 730 1876 783 di-

212 824 256 873 cto
270 816 367 873 intuitu
380 818 442 874 solo
463 818 587 886 solvitur,
602 834 677 887 nam,
701 820 765 876 dnm
791 836 852 875 eum
874 819 901 873 in
924 818 1019 878 ocrrtos

214 904 316 962 ilerum
335 905 398 963 ilico
422 907 509 979 ruptis
538 907 637 965 uinclis
660 908 764 965 solutus
788 910 870 965 stetit.
892 907 1018 979 Quadam

212 993 303 1052 media
329 1003 420 1063 nocte,
447 996 611 1055 Benedictus
639 996 676 1053 ad
703 996 886 1055 confitendum
914 994 1017 1055 nomini

211 1083 323 1140 Domini
336 1084 468 1158 surgebat
489 1093 516 1143 et
536 1103 634 1159 preces
659 1104 721 1144 cunr
741 1088 831 1161 ymnis
855 1091 972 1147 Domino
988 1090 1016 1145 in

208 1173 278 1231 turri
291 1182 368 1231 stam
383 1173 419 1231 ad
443 1176 593 1233 fenestram
614 1175 755 1246 frindebat,
780 1186 807 1235 et
829 1194 895 1237 ecce
917 1188 1015 1253 aperto

208 1261 280 1328 coelo
293 1265 340 1320 tur
353 1263 486 1321 immensa
510 1282 566 1338 pra
595 1266 747 1323 meridiano
775 1268 833 1325 sole
861 1270 1015 1328 coruscarit

210 1352 367 1422 quantotius
380 1354 469 1410 noctis
483 1355 611 1411 tenebras
626 1354 767 1431 effugarit,
782 1358 811 1413 in
825 1359 903 1429 cuius
914 1360 1013 1431 iubare

207 1436 354 1506 ctdusdam
367 1438 497 1497 antistitis
512 1440 601 1496 anima
616 1441 701 1498 coelos
717 1444 870 1515 penetravit
891 1462 1011 1518 parsque

151 1524 157 1529 '
208 1524 288 1596 huius
302 1525 373 1585 lucis
385 1544 435 1599 per
449 1527 601 1587 fenestram
616 1538 646 1587 ut
656 1531 725 1589 solis
739 1532 833 1590 radius
847 1534 956 1592 intravit
974 1535 1010 1591 ad

1075 828 1186 901 scipulis
1201 829 1257 885 suis
1273 829 1355 903 longe
1366 829 1408 885 vel
1420 844 1505 901 prope
1518 828 1615 899 positis
1624 827 1755 883 divinitus
1764 826 1874 883 revela-

1073 924 1126 973 tur.
1145 918 1174 973 ln
1189 934 1273 989 specu
1288 934 1394 991 quoqne
1409 934 1464 991 quo
1477 916 1542 975 olim
1556 916 1634 973 latuit
1655 916 1753 973 mulier
1773 918 1875 972 insana

1072 1003 1215 1061 sanitatem
1230 1006 1343 1079 recepit.
1359 1008 1423 1063 Post
1435 1006 1512 1076 cuius
1532 1020 1684 1071 excessum,
1702 1018 1873 1077 paganorum

1071 1095 1206 1152 exercitus
1217 1096 1413 1152 monasterium
1429 1097 1487 1167 eius
1506 1095 1642 1152 destruxit
1653 1095 1722 1151 sicut
1744 1095 1804 1166 ipse
1826 1095 1873 1149 vi·

1069 1200 1137 1241 rens
1151 1184 1303 1257 praedicens
1317 1186 1449 1253 astruxit3
1467 1194 1493 1241 et
1506 1200 1570 1243 cum
1584 1184 1661 1241 loeus
1675 1190 1748 1241 esset
1770 1184 1873 1241 deser·-

1070 1282 1112 1330 tus
1127 1291 1141 1331 a
1160 1274 1321 1348 quibusdam
1340 1274 1479 1344 religiosis
1500 1274 1663 1331 translatum
1681 1281 1722 1329 est
1737 1273 1765 1328 in
1779 1272 1874 1330 Gallia

1067 1364 1127 1435 ejus
1142 1378 1254 1435 «corpus.
1271 1364 1340 1421 sicut
1354 1363 1437 1421 hodie
1452 1363 1604 1421 recolimus
1620 1362 1693 1437 quod
1717 1360 1813 1418 multis
1828 1362 1873 1417 si·

1066 1450 1129 1523 gnis
1142 1451 1167 1505 in
1178 1450 1273 1505 itinere
1283 1459 1364 1521 atque
1375 1450 1402 1503 in
1413 1449 1591 1521 perventione
1601 1446 1762 1505 clarificavit
1773 1447 1848 1503 Deus
1861 1462 1869 1519 ;

1065 1546 1091 1595 et
1107 1538 1173 1595 sicut
1191 1554 1253 1594 eum
1268 1540 1342 1594 Deus
1356 1537 1401 1595 hic
1415 1538 1545 1612 gloriosis
1562 1538 1651 1612 signis
1662 1537 1733 1592 inter
1744 1537 1872 1595 homines

107 3005 112 3019 ι
202 2936 309 2994 actibus
323 2936 473 2995 declararit
484 2941 558 3014 quod
571 2942 662 2999 verbis
677 2945 849 3016 praediceris.
860 2948 921 3004 Non
934 2950 1007 3007 enim

208 1628 266 1685 qua
280 1614 342 1686 (sic)
357 1616 520 1675 Benedictus
540 1625 617 1675 stans
645 1620 743 1689 oravit,
773 1629 800 1677 et
822 1622 888 1677 dum
914 1632 1009 1681 sancta
1062 1628 1229 1695 mirilicarit,
1247 1629 1281 1683 ita
1297 1628 1453 1684 nunciatur
1476 1643 1573 1685 omncs
1596 1636 1706 1685 sanctos
1731 1627 1867 1685 excellen-

206 1717 286 1759 mens
300 1704 359 1775 ejus
372 1703 401 1760 in
414 1706 473 1763 Deo
487 1705 624 1776 dilatatur,
641 1716 727 1766 totum
747 1712 879 1767 mundum
902 1714 930 1769 in
954 1714 1008 1771 hoc
1062 1723 1103 1773 ter
1116 1718 1206 1791 gloria
1220 1719 1363 1774 ethonore
1377 1718 1533 1773 coronarit.
1552 1717 1641 1787 Quem
1655 1717 1714 1789 ipse
1729 1734 1804 1774 nunc
1818 1718 1866 1771 in-

208 1791 286 1849 radio
299 1794 506 1867 contemplatur.
521 1797 582 1853 ntia
598 1798 667 1866 vice,
687 1800 752 1856 dum
772 1802 859 1858 curios
880 1803 1005 1875 intendit,
1020 1814 1048 1875 Β
1063 1814 1105 1864 ter
1117 1815 1189 1863 astra
1204 1807 1335 1863 matutina
1349 1807 1532 1879 resplendens
1544 1806 1642 1877 jubilat
1664 1815 1746 1877 atque
1767 1822 1868 1863 omnes

208 1881 315 1939 sororis
327 1899 389 1939 sum
411 1884 529 1942 animam
550 1886 580 1943 in
604 1888 699 1962 specie
720 1890 856 1948 columbae
874 1892 910 1949 ad
936 1901 1011 1951 astra
1065 1912 1096 1955 se
1110 1897 1247 1954 imitantes
1262 1912 1348 1971 seque
1362 1896 1460 1954 denote
1476 1896 1635 1954 invocantes
1649 1896 1683 1951 ad
1693 1896 1791 1952 eadem
1806 1912 1872 1967 per-

207 1968 273 2027 ferri
286 1972 320 2029 ab
336 1972 442 2049 angelis
470 1975 617 2049 conspicit.
650 1979 797 2053 Postquam
825 1982 868 2037 his
895 1992 922 2039 et
948 1984 1011 2039 aliis
1066 1987 1160 2044 venire
1174 1986 1272 2061 gaudia
1286 1987 1406 2059 adurat.
1423 1985 1491 2056 Quae
1504 1985 1599 2043 oculus
1614 1985 1750 2043 nonuidit
1765 1985 1869 2060 (ider.

207 2057 333 2133 pluribus
346 2062 487 2135 praeclaris
508 2064 594 2139 signis
613 2075 737 2141 tempora
757 2085 808 2126 sua
828 2072 941 2141 amavit,
965 2073 1011 2129 di·
1066 2077 1107 2149 u),
1124 2086 1150 2135 et
1164 2084 1276 2137 canem.

206 2147 319 2237 scipplis
334 2151 437 2241 obitum
452 2170 532 2213 suum
546 2157 752 2231 praenunciavit.
779 2160 935 2237 Correptus
952 2164 1010 2222 lan·

589 2554 659 2631 DE
688 2557 901 2636 SANCTA
927 2562 1102 2641 MARIA
1128 2564 1479 2643 MAGDALENA.

126 2760 133 2771 ⁴
236 2760 1011 2845 Nonacriresarcinatus,sedpeccctererndpoeniten·
1063 2802 1175 2857 coemp·
1195 2802 1241 2857 Ad
1256 2800 1497 2873 pedesoomqnip,

205 2849 278 2905 tium
292 2850 404 2922 tllatth.
420 2852 472 2922 xx).
487 2852 603 2922 Revera,
620 2854 768 2927 karissimi,
784 2857 860 2929 prius
875 2860 1008 2918 Dominus
1499 2801 1624 2869 '⁰⁰⁰hffi‘r
1637 2800 1698 2874 ‘1⁰5⁸
1708 2798 1783 2857 ‘³⁰¹0‘
1793 2800 1870 2874 tlu⁰d

1062 2891 1153 2948 multis
1167 2891 1334 2949 amatoribus
1350 2890 1509 2955 succubuit;
1535 2890 1623 2947 exitus
1645 2906 1779 2965 aquarum
1794 2890 1870 2947 oculi

1061 2980 1119 3050 ejus
1134 2982 1313 3047 deduxerunt,
1330 2982 1392 3054 quia
1407 2981 1499 3055 legem
1519 2980 1569 3037 Dei
1582 2995 1636 3037 non
1651 2980 1839 3037 custodierunt
1858 3002 1865 3047 ;

566 3120 571 3131 ,
709 3123 716 3135 ,
1059 3065 1177 3123 lacrimis
1192 3066 1287 3122 sordes
1301 3065 1401 3137 pedum
1417 3082 1447 3121 se
1472 3065 1587 3121 lavantis
1612 3064 1686 3133 lavit,
1708 3074 1736 3122 et
1763 3064 1826 3135 ipsa
1853 3072 1871 3109 ³

203 3116 408 3219 *ἦθῗνθηῧῦὓῐι
422 3118 472 3174 sed
496 3118 658 3192 ΡΠΜΙΟἏΠΟ8
671 3140 718 3195 (Ιΰῑ
732 3140 762 3181 ⁸0
775 3135 905 3200 990081οΓ
907 3145 937 3185 ⁸⁵
951 3131 1003 3187 ¹³¹¹·
1021 3148 1190 3212 Csorclihus
1211 3151 1355 3207 criminum
1382 3150 1455 3207 ablui
1486 3150 1603 3215 merarii:
1634 3150 1756 3207 crinibus
1780 3148 1871 3221 pedes

202 3206 303 3306 militer
313 3206 498 3309 affirmabant.
512 3208 590 3267 Unde
600 3226 649 3267 eos
658 3213 797 3313 publicani
808 3224 834 3272 et
844 3221 1006 3281 meretrices
1063 3240 1172 3295 pomini
1193 3240 1268 3296 pmii
1283 3256 1336 3313 quo
1355 3240 1431 3312 prius
1451 3255 1519 3296 ,um
1546 3240 1621 3311 (Μ)
1649 3240 1685 3296 ,p
1712 3238 1871 3295 illiciendos

202 3311 232 3351 ¹¹¹
245 3312 361 3369 ‘eduum
370 3297 426 3398 ,⁰⁰¹
440 3308 700 3401 llsae‘dssss‘il'lllll‘lu¹
711 3318 773 3359 ⁸⁰⁰¹
788 3304 904 3405 {lmifflffi
917 3311 1010 3381 D'dbli·
1061 3328 1178 3398 juvenes
1190 3326 1326 3397 compsit;
1341 3325 1438 3381 oscula
1451 3325 1576 3396 vestigiis
1591 3325 1650 3393 ejus
1664 3324 1755 3381 notive
1768 3321 1869 3389 intixit,

203 3398 336 3442 “fimum
350 3386 488 3446 dumm-
504 3387 583 3446 Unde
599 3399 626 3446 ⁰¹
641 3407 700 3464 ¹9⁵³
715 3392 879 3452 Phfflsffiuffl
894 3399 921 3454 in
938 3408 1009 3457 lem·
1064 3430 1125 3487 qnae
1139 3414 1213 3486 prius
1227 3414 1427 3472 delectabiliter
1442 3414 1647 3486 corruptoribus
1661 3412 1800 3483 exhibuit3
1819 3430 1870 3467 un-

204 3026 313 3085 rooavit
325 3027 481 3085 Pharisaeos
490 3038 516 3086 et
529 3029 600 3087 alios
608 3032 654 3105 qui
665 3050 694 3089 se
702 3034 791 3105 justos
802 3041 1005 3097 contumaciter

202 3473 249 3547 plo
263 3474 478 3551 debenegestis
503 3478 561 3534 suis
585 3495 615 3536 se
638 3491 813 3556 arrogantem
835 3488 1009 3559 reprobabitt
1065 3512 1167 3576 guento
1182 3504 1257 3559 unxia
1271 3520 1302 3561 se
1323 3502 1443 3561 lavantis
1464 3503 1560 3575 pedes,
1581 3518 1635 3575 qun
1656 3504 1732 3574 prius
1757 3517 1872 3559 minem

200 3561 377 3637 publicanum
392 3582 458 3624 vero
475 3567 512 3624 de
527 3568 598 3627 male
613 3570 700 3643 gestis
715 3574 773 3628 suis
788 3590 818 3631 se
833 3589 1010 3637 accusantem

198 3652 361 3723 justificavit
381 3654 458 3723 (Luc.
475 3658 569 3731 narrt).
584 3658 614 3715 ln
631 3676 715 3733 quern
730 3663 804 3719 enim
815 3667 906 3740 angeli
917 3668 944 3724 in
955 3686 1011 3727 cm·

203 3738 238 3798 lis
265 3741 424 3800 desiderant
439 3745 600 3820 prospicere
615 3750 640 3819 (l
656 3751 736 3807 Petr.
766 3754 786 3824 t)
803 3756 875 3811 uenit
896 3756 923 3812 in
939 3758 1011 3816 hunc

100 3842 104 3853 ’
207 3832 340 3889 mundum
354 3843 511 3907 peccatores
526 3836 617 3894 salros
641 3838 745 3897 iacere.
768 3842 867 3901 llultos
891 3847 925 3903 de
949 3848 1010 3903 lacu

214 3920 333 3978 miseriae
349 3930 375 3979 et
388 3922 423 3979 de
435 3924 493 3981 luto
513 3924 590 3984 ioecis
605 3930 694 4001 (Psoi.
711 3935 816 4004 xxxix)
834 3945 1012 4006 peccatorum

206 4009 339 4068 eduxerat
353 4011 399 4085 qui
413 4013 487 4070 venit
506 4031 630 4088 quaerere
652 4026 678 4074 et
700 4020 805 4077 salvum
825 4022 913 4081 lacere
937 4028 1012 4098 quod

1066 3606 1146 3648 suern
1160 3608 1317 3665 pemngens
1330 3592 1437 3649 attraxit
1451 3592 1568 3649 fetorem
1583 3608 1614 3647 sa
1638 3592 1754 3664 turpiter
1772 3608 1874 3647 antan-

1066 3676 1113 3743 tis;
1139 3685 1235 3734 cuncta
1251 3694 1312 3751 quae
1326 3678 1402 3749 prius
1418 3678 1578 3750 voluptuose
1594 3676 1708 3749 praebuit
1722 3676 1758 3733 ad
1777 3676 1873 3733 carnis

1066 3766 1200 3835 odicium
1217 3783 1290 3826 nunc
1304 3775 1415 3825 econtra
1444 3766 1526 3824 vertit
1550 3767 1674 3824 luctuose
1701 3766 1730 3821 in
1758 3766 1874 3823 Domini

1066 3857 1228 3930 obsequium
1240 3875 1247 3921 3
1271 3864 1299 3912 et
1313 3856 1377 3929 quia
1391 3872 1445 3913 non
1459 3856 1568 3913 ambuit
1582 3856 1658 3928 prius
1678 3871 1769 3913 coram
1783 3872 1874 3929 ange-

1066 3942 1101 3997 lis
1115 3941 1258 3999 volutabro
1273 3942 1456 3999 immundiciae
1470 3948 1499 3999 ut
1522 3958 1569 3997 sus
1588 3941 1699 4010 involvi,
1719 3956 1790 3997 nunc
1815 3957 1873 3997 non

1067 4035 1176 4083 veretur
1195 4043 1289 4084 coram
1309 4026 1515 4085 convivantibus
1538 4025 1694 4082 hominibus
1718 4024 1872 4093 conlundi,

206 4099 328 4174 perierat
341 4102 421 4175 (Luc.
434 4103 508 4173 xix).
525 4120 558 4161 ex
573 4106 671 4178 quibus
683 4108 813 4176 nobis,ut
827 4112 911 4169 hodie
927 4131 1012 4172 eran·
1067 4126 1093 4172 at
1109 4133 1163 4189 qun
1176 4116 1259 4173 modo
1277 4116 1367 4189 ipsum
1388 4116 1489 4172 iontem
1509 4116 1708 4173 nrisericordim
1728 4114 1766 4171 ibi
1789 4114 1871 4171 inve-

209 4184 427 4258 peliumsouuit,
444 4188 553 4244 beamm
572 4192 684 4247 biariam
709 4194 900 4269 Bagdalenam
915 4217 1012 4258 exem·
1067 4202 1115 4267 nit,
1133 4202 1167 4257 ab
1183 4201 1255 4257 omni
1275 4201 1337 4257 labe
1353 4208 1469 4273 purgata
1484 4200 1594 4255 recedit.
1612 4202 1644 4255 ht
1660 4198 1751 4255 inlelix
1767 4200 1873 4271 hospes

212 4272 287 4345 plum
301 4290 357 4330 suae
372 4275 524 4333 elementia
538 4279 639 4350 posuit.
655 4280 724 4338 llaec
736 4300 816 4340 soror
834 4287 928 4344 Lazari
943 4307 1011 4348 nar·
1067 4290 1269 4347 scandalizatur
1283 4290 1355 4362 quod
1373 4306 1403 4347 se
1429 4288 1561 4345 Dominus
1580 4288 1656 4361 tangi
1680 4304 1697 4345 a
1716 4289 1873 4360 peccatrice

202 4367 280 4418 ratur
307 4362 354 4435 qui
382 4365 539 4423 aDominc
565 4367 601 4424 de
628 4370 774 4441 sepulchro
802 4376 1010 4447 quadriduanus
1068 4392 1121 4431 non
1136 4374 1317 4449 dedignatur,
1341 4374 1421 4431 etiam
1443 4374 1605 4431 nouaclum
1630 4389 1745 4447 regnam,
1770 4376 1821 4430 sed
1843 4384 1873 4431 et

205 4450 399 4521 resuscitatur,
421 4468 555 4526 sororque
575 4456 768 4518 nichilominus
787 4464 900 4522 llartlrae
924 4470 1010 4525 extitit
1027 4506 1052 4568 D
1067 4464 1203 4523 medicum
1218 4464 1245 4521 in
1260 4464 1344 4521 corde
1368 4462 1505 4537 reprobat,
1526 4463 1588 4535 ipse
1605 4478 1668 4520 vero
1692 4464 1777 4519 miser
1791 4462 1873 4520 lehre

207 4538 428 4613 quebomtnnn
459 4541 584 4616 hospicio
604 4562 655 4605 suo
674 4550 775 4621 sapim
798 4555 918 4628 excepit.
946 4558 1011 4616 Haec
1067 4549 1144 4607 false
1155 4548 1272 4621 justiciae
1286 4548 1385 4605 acriter
1397 4548 1514 4604 laborat.
1536 4546 1670 4603 Dominus
1689 4554 1781 4603 autem
1796 4546 1873 4605 bona

211 4623 296 4681 bieria
310 4624 337 4681 in
352 4625 509 4699 Magdalum
530 4630 670 4687 castellum
696 4636 793 4693 marito
814 4640 936 4710 traditur,
962 4644 1011 4701 sed
1066 4640 1101 4695 ab
1115 4654 1149 4697 eo
1168 4636 1350 4710 pretermissa
1374 4644 1525 4703 enumerat,
1543 4638 1577 4693 ab
1592 4636 1638 4691 illa
1656 4651 1723 4693 vcro
1745 4637 1872 4708 impensa

212 4714 248 4773 ab
262 4731 295 4771 en
307 4714 335 4772 in
349 4714 562 4775 lherosolimam
578 4720 697 4795 lugiens,
718 4726 830 4799 generis
853 4728 1010 4790 immemor,

145 4834 149 4839 ·
202 4803 276 4877 lepis
289 4804 342 4862 Dei
354 4805 441 4863 oblita
454 4806 577 4882 culparis
591 4814 719 4869 meretrix
746 4814 869 4886 efficitur,
885 4828 913 4875 et
929 4829 1011 4893 post-

208 4908 289 4969 quam
304 4910 334 4951 se
349 4905 449 4968 sponte
461 4896 527 4956 iecit
538 4900 713 4973 turpitudinis
727 4906 920 4977 prostibulum,
936 4910 1011 4968 tacta

204 4983 321 5054 estiure
335 4982 533 5045 demoniorum
547 4990 702 5061 delubrum,
719 5009 781 5050 narn
801 4996 848 5051 tut
873 4998 1010 5057 damonia

202 5072 284 5129 simul
298 5073 326 5129 in
341 5087 375 5131 es
388 5074 522 5134 intrabant
536 5087 563 5135 et
584 5079 686 5155 iugiter
709 5098 771 5139 eum
788 5084 936 5143 immundis
959 5090 1010 5146 de-

208 5157 322 5216 sideriis
335 5160 486 5218 vexabant.
506 5163 572 5234 Quas
587 5166 622 5220 ad
636 5165 731 5223 Jcsnm
745 5184 762 5224 a
783 5186 877 5227 sorore
900 5189 950 5229 sua
969 5176 1011 5230 esl

208 5246 325 5306 adducta
338 5265 388 5321 per
401 5266 520 5325 eumque
535 5254 582 5309 vlt
597 5253 736 5313 (immunia
760 5260 852 5316 statim
876 5270 939 5318 sunt
953 5264 1011 5337 eje·

206 5341 260 5407 cta,
276 5346 303 5395 et
316 5353 385 5394 sana
399 5354 462 5397 cunr
483 5357 580 5399 sorore
604 5344 716 5400 domum
744 5354 786 5403 est
809 5350 935 5421 gaudens
963 5370 1010 5409 re-

206 5438 317 5495 gressa.
338 5426 484 5499 Postquam
504 5444 569 5486 raro
584 5430 717 5487 Dominus
728 5434 755 5486 in
771 5434 853 5491 domo
867 5437 1009 5507 cuiusdam

207 5510 339 5570 Pharisaei
354 5512 390 5570 ad
416 5516 569 5575 cousinium
592 5530 705 5595 rogatus
733 5522 880 5594 discubuit,
912 5543 929 5583 a
954 5545 1010 5601 quo

209 5597 359 5671 ipseprius
381 5601 485 5674 lepram
505 5608 618 5679 expulit,
642 5610 725 5666 illaria
749 5627 882 5685 persuasu
907 5618 1010 5675 sororis

212 5686 292 5741 nudis
306 5688 422 5759 pedibus
436 5692 572 5766 nudisque
591 5698 696 5771 capillis
719 5716 783 5758 cum
805 5704 935 5775 preciosis
956 5724 1009 5764 un-

228 5774 318 5833 uentis
331 5776 406 5834 venit
429 5796 489 5852 qua
506 5782 584 5856 prius
604 5786 631 5844 in
650 5804 730 5848 usam
749 5808 806 5850 suae
834 5794 1010 5869 turpitudinis

1067 4725 1189 4797 replicat,
1206 4734 1235 4781 ut
1249 4738 1299 4795 per
1314 4724 1366 4779 boc
1380 4722 1460 4777 nobis
1482 4722 1576 4777 innunt
1592 4720 1665 4795 quod
1692 4720 1726 4777 de
1740 4720 1872 4778 omnibus

1066 4813 1242 4888 negligentiis
1258 4812 1359 4868 nostris
1373 4810 1519 4869 vindictam
1535 4820 1632 4881 sumat,
1657 4810 1777 4883 propriis
1800 4827 1871 4869 nero

1066 4900 1163 4957 studiis
1177 4898 1233 4955 alta
1246 4897 1356 4969 premia
1372 4896 1505 4955 conferat.
1521 4896 1675 4953 blalirnlum
1691 4897 1782 4971 itaque
1802 4912 1872 4953 con·

1066 4988 1156 5045 iulans
1179 4989 1300 5045 clemens
1322 4988 1417 5058 judex,
1438 5001 1512 5043 ream
1538 5002 1569 5043 se
1592 4986 1681 5059 ipsam
1708 4986 1871 5059 punientem

1065 5077 1190 5144 absolvit,
1201 5092 1263 5133 curn
1278 5092 1346 5148 pace
1357 5092 1407 5148 pax
1419 5091 1487 5133 vera
1502 5075 1579 5132 abire
1593 5075 1735 5148 permittit.
1748 5074 1817 5147 Quae
1833 5078 1871 5133 ad

1066 5180 1188 5223 sororem
1204 5165 1405 5241 gratulabunda
1419 5166 1572 5231 revertitur,
1589 5164 1726 5237 reliquum
1741 5166 1804 5222 ritae
1818 5181 1870 5221 ca-

1066 5256 1200 5314 stimoniae
1222 5270 1329 5313 summo
1351 5256 1441 5311 studio
1455 5254 1631 5325 impenditur.
1657 5254 1870 5327 Deniqua,cum

1065 5346 1199 5402 Dominus
1220 5346 1254 5401 ad
1277 5346 1406 5400 llnrtham
1421 5344 1479 5414 ejus
1495 5359 1619 5400 sororem
1639 5343 1816 5409 declinasset,
1842 5354 1870 5401 et

1065 5438 1124 5508 ipsa
1140 5436 1199 5506 ejus
1212 5433 1329 5491 servicio
1345 5450 1510 5504 rnagnopere
1525 5432 1688 5501 insudasset,
1714 5434 1765 5489 ista
1785 5434 1869 5505 pedi-

1064 5527 1115 5581 bus
1130 5526 1188 5593 ejus
1203 5524 1342 5580 humiliter
1356 5522 1521 5589 adherebat,
1539 5524 1625 5581 uerba
1639 5522 1792 5580 dulcedinis
1807 5523 1869 5593 ejus

1065 5614 1203 5671 sitibundo
1225 5622 1336 5686 pectore
1351 5613 1503 5669 hauriebat.
1523 5614 1590 5669 Cum
1604 5612 1664 5684 ipso
1687 5621 1714 5669 et
1733 5612 1792 5669 suis
1816 5628 1868 5669 se-

1066 5703 1197 5778 quacibus
1210 5702 1378 5775 provinciam
1394 5702 1508 5759 circuire
1532 5701 1690 5769 anhelabat,
1706 5700 1732 5757 ei
1755 5700 1791 5758 de
1815 5717 1866 5757 sna

1065 5792 1218 5851 facultatula
1250 5790 1433 5849 ministrabat.
1461 5788 1547 5849 Licuit
1566 5790 1638 5848 eninr
1662 5788 1765 5847 leminis
1784 5791 1860 5862 apud
