3942 6067
118 243 171 304 ‘lita

633 245 827 306 Expostulo
848 243 883 300 ΙΝ
904 241 1065 300 PSALMOS
1085 245 1274 303 subtectus.

1724 249 1776 305 tbi

120 371 247 430 facundia
269 378 295 426 et
312 371 435 440 scientia,
453 389 502 446 per
518 388 579 444 quae
594 373 697 445 putarit
717 389 748 430 se
763 369 871 428 saltari.
888 371 921 423 h't
937 369 964 430 Α
979 379 1021 426 εει
1047 370 1081 426 dc
1106 371 1239 440 Ecclesia,
1268 388 1330 444 quae
1353 386 1424 428 nunc
1439 380 1481 428 est
1495 373 1699 429 tabernaculum
1715 375 1776 440 Dei,

120 469 271 542 prroeuutuit
288 470 318 524 itt
335 471 462 525 turuitutc
473 487 535 538 stru,
554 470 580 526 id
596 479 646 538 est,
659 470 764 543 putabit
779 485 808 524 se
820 483 924 540 praeta·

118 559 175 614 tcre
195 569 223 614 ct
245 556 379 614 dominari
397 559 524 614 omuibus
548 543 628 616 rutilis
652 569 678 616 ct
694 559 782 628 bonis,
799 559 827 612 iu
842 557 922 614 runi-

117 656 183 717 tate,
203 663 298 720 quase
312 647 399 704 ileum
414 647 535 704 docebit.
551 649 668 704 llaxirna
683 648 784 722 quippe
795 656 836 704 cst
848 646 921 700 raui-

117 745 169 802 tas,
197 735 270 808 epirod
287 735 418 808 despecto
433 735 494 792 Deo
509 753 539 792 se
561 745 590 792 ut
603 739 691 794 Deum
706 736 760 792 onii
782 735 916 808 praecipit.

118 825 147 880 ln
160 825 212 881 hac
224 825 266 880 bis
281 825 434 896 praevaluit,
447 826 546 900 quihus
557 843 587 884 se
602 828 688 884 Deum
699 843 759 882 esse
771 825 920 898 persuasit:

118 915 177 985 ipse
193 913 313 970 interibit
328 914 392 986 quia
408 914 489 970 arbor
503 915 604 972 sterilis
620 915 680 972 tuit.

155 1045 241 1100 Vens.
261 1046 303 1100 tu.
323 1075 358 1084 -
385 1047 442 1116 tipo
470 1049 575 1112 autem,
599 1045 770 1101 Christianus
794 1044 920 1116 populus,

117 1151 201 1206 «piretu
219 1134 278 1206 ip=c
293 1142 335 1189 est
357 1143 529 1205 persecutus,
547 1151 608 1190 sum
622 1135 699 1192 sicut
722 1136 796 1192 oliuu
817 1135 923 1206 fructi-

115 1231 179 1294 fera
192 1244 200 1284 ,·
217 1223 279 1278 ideo
295 1223 422 1278 salvabor
437 1223 463 1278 iu
478 1223 592 1282 saecula.
613 1223 711 1282 Oleum
727 1224 827 1280 dicitur·
842 1222 923 1277 mise·

118 1312 246 1378 ricordia,
265 1311 455 1369 trutctusolirae
465 1321 620 1384 strotopera
635 1311 840 1369 misericordiae.
851 1311 923 1368 Gen·

117 1401 175 1455 tilis
191 1399 309 1472 populus
324 1405 355 1455 ut
369 1399 488 1458 oleaster
501 1411 541 1458 εει
560 1402 680 1458 insertus
696 1403 774 1457 boum
788 1401 878 1467 olium,
894 1400 923 1456 id

118 1497 159 1544 est
178 1489 323 1560 primitivae
341 1489 484 1560 licclesiae,
507 1499 606 1548 unctus
621 1492 684 1548 oleo
700 1499 795 1547 saincte
809 1489 837 1544 in
853 1490 922 1560 hap-

119 1579 237 1646 tismate,
251 1579 294 1634 cui
308 1577 408 1635 coaluit
426 1578 478 1635 tude
494 1587 522 1634 et
536 1580 707 1651 operatione.
718 1581 750 1636 ha
765 1579 843 1635 rtorrro
857 1579 920 1638 Dei.

118 1667 144 1721 id
160 1667 241 1722 estin
254 1666 389 1724 cellrolica
404 1667 536 1736 Ecclesia,
554 1669 617 1724 ideo
633 1669 743 1742 sperent
762 1668 793 1723 itt
809 1669 921 1724 iniseri-

116 1756 163 1811 dic
189 1757 254 1824 bet,
270 1760 299 1811 cl
314 1758 343 1811 itt
363 1758 501 1812 aoecttluut
522 1759 631 1824 roecrtb',
654 1757 705 1814 boc
731 1764 781 1822 est,
799 1755 843 1813 hic
858 1764 883 1812 et
895 1755 923 1810 in

116 1845 217 1912 tuturo,
241 1861 296 1902 non
311 1845 339 1899 in
366 1844 475 1916 dividia,
499 1855 527 1901 ut
555 1845 738 1903 Antichristus
766 1853 925 1917 persecutor

117 1949 210 1990 ruens.

155 2061 243 2116 Vsus.
262 2063 303 2114 tt.
320 2091 354 2100 -
372 2061 532 2130 Cortfilrbor
557 2063 607 2118 tibi
628 2065 658 2118 iri
678 2063 813 2120 sucatum
830 2055 923 2118 sucuti

117 2158 185 2228 patu
201 2157 312 2228 fecisti.
336 2157 365 2210 ld
379 2143 429 2212 ‘est
451 2157 568 2214 laudabo
590 2167 615 2214 te
640 2159 733 2226 corde,
757 2175 816 2225 ore,
840 2175 925 2230 opere

118 2245 242 2314 ‹inandiu
265 2245 363 2314 risam,
381 2245 446 2318 quia
461 2263 504 2302 me
524 2248 606 2304 talem
627 2247 726 2320 iecisti,
752 2248 827 2304 etde
844 2248 924 2302 huti-

976 467 1064 538 ipsuut
1082 471 1229 540 crrtiprubit
1240 470 1350 541 ‹tuando
1361 469 1388 524 in
1397 477 1527 543 stagnum
1538 469 1610 541 iguis
1624 479 1652 526 ot
1666 471 1777 542 sulphu-

976 557 1016 612 ris
1030 558 1220 628 praecipitabit.
1242 559 1372 614 dedicent
1387 561 1450 630 ejus
1469 560 1503 614 de
1522 564 1600 615 terro
1622 560 1777 616 niucrttiuut

975 647 1084 711 evellet,
1114 663 1176 704 curm
1193 664 1289 703 semen
1308 647 1454 718 impiorum
1477 649 1511 703 de
1531 664 1619 722 reguo
1639 647 1775 705 caelorum

977 736 1085 807 penitus
1112 736 1272 804 eradicabit,
1290 745 1317 792 et
1344 735 1371 791 in
1396 743 1496 792 terrem
1521 738 1618 793 mortis
1633 737 1772 809 projiciet.

977 824 1159 882 Scrtuseuirn
1170 825 1250 897 Doeg
1264 841 1318 881 tion
1330 827 1448 882 manebit
1457 825 1484 880 in
1498 826 1581 882 domo
1589 827 1617 881 in
1628 835 1777 894 aeternum3

977 913 1049 970 tilius
1062 922 1152 970 autem
1164 913 1253 970 tidelis
1267 915 1383 986 populus
1398 923 1489 970 menet
1504 914 1530 970 in
1545 926 1690 972 aeternum.

1018 1003 1152 1060 lidebant
1158 1005 1234 1075 justi
1244 1003 1363 1060 terribile
1372 1004 1562 1074 lleijudicium
1572 1021 1655 1076 super
1664 1005 1777 1078 impium

979 1093 1112 1164 populum
1126 1098 1156 1149 ct
1171 1094 1323 1159 timebunt,
1341 1093 1390 1150 sed
1404 1093 1457 1148 boc
1471 1092 1568 1148 tiorore
1579 1095 1778 1164 purgabuntur.

978 1183 1011 1236 Et
1021 1198 1107 1255 super·
1120 1199 1184 1238 cnm
1205 1182 1349 1246 ridebunt,
1373 1180 1401 1236 id
1423 1190 1464 1236 est
1478 1182 1512 1238 de
1524 1183 1600 1252 justo
1615 1183 1665 1240 Dei
1677 1183 1780 1253 judicio

978 1271 1144 1342 gaudebunt,
1160 1270 1234 1344 quod
1256 1270 1398 1341 impiorum
1419 1271 1639 1341 persecutionem
1659 1281 1686 1328 et
1705 1288 1779 1343 prae-

979 1368 1086 1416 sentem
1113 1360 1318 1416 dauanationem
1346 1367 1490 1416 eraserunt
1508 1378 1514 1414 ι
1530 1364 1558 1416 ct
1577 1358 1696 1416 dicent:
1710 1362 1778 1418 liceo

978 1451 1068 1514 berrao,
1094 1449 1142 1522 qui
1167 1449 1362 1517 Antichristus,
1386 1464 1449 1504 cum
1472 1456 1529 1506 to'o
1550 1464 1668 1520 corpore
1688 1465 1737 1506 suo
1752 1451 1782 1504 iu

978 1537 1143 1611 supplicium
1152 1539 1272 1604 corruit;
1286 1540 1335 1611 pai
1346 1554 1404 1594 nort
1412 1539 1509 1611 posuit
1518 1539 1610 1594 Deum
1620 1539 1780 1611 adjutorem

977 1640 1070 1688 suurn,
1088 1623 1175 1680 sedin
1188 1623 1279 1680 multis
1294 1623 1395 1680 divitiis
1410 1639 1489 1696 spem
1505 1638 1582 1678 suam
1593 1623 1693 1694 posuit,
1710 1641 1780 1695 ques

937 1727 963 1788 Β
977 1735 1074 1776 ornnes
1083 1720 1181 1777 amisit.
1192 1722 1351 1792 Epoauteut
1367 1736 1415 1777 ero
1432 1722 1463 1776 in
1476 1723 1561 1778 Domo
1572 1723 1622 1777 Dei
1636 1719 1664 1775 in
1678 1721 1782 1777 caelesti

978 1809 1132 1866 Jerusalem
1145 1809 1247 1866 tlnrens
1269 1810 1297 1864 iu
1312 1807 1414 1882 gaudio
1432 1810 1508 1866 sicut
1521 1811 1605 1876 oliuu,
1622 1809 1668 1881 qui
1684 1824 1739 1865 uon
1755 1810 1782 1864 in

980 1899 1091 1966 divitiis,
1103 1899 1151 1954 sed
1160 1899 1270 1971 eperunt
1281 1899 1311 1954 irr
1325 1898 1383 1968 ejus
1398 1899 1612 1956 artisericortlic:
1628 1906 1654 1953 ct
1663 1899 1782 1954 laudabo

980 2005 1081 2045 nomen
1104 1989 1161 2058 eius
1190 1987 1217 2041 in
1247 1987 1391 2056 saeculum,
1407 1987 1468 2060 quia
1490 1987 1630 2059 conspicio
1645 2005 1783 2044 summurn

981 2078 1082 2134 beurim
1098 2077 1124 2132 iu
1140 2085 1283 2134 aeternum.

1105 2233 1248 2274 PROLOGUS
1268 2233 1297 2272 tu
1317 2232 1444 2274 estuabat
1463 2233 1657 2274 caxtestttuu.

118 2333 224 2389 christo
236 2335 340 2404 justum
346 2334 479 2404 judicium
489 2335 576 2394 iecisti
588 2355 595 2403 ;
609 2337 811 2409 ctorspectubo
823 2353 925 2394 ttoutcrt
1019 2336 1270 2408 Qrtinpuupesiruus
1282 2335 1410 2406 prolutus
1426 2333 1505 2391 currit
1519 2336 1782 2406 prenitenttunate

120 2427 216 2490 toturn,
242 2424 297 2479 boc
322 2432 363 2479 est
378 2423 516 2480 Cbristum
532 2425 629 2481 Filium
645 2433 730 2496 tuum,
748 2425 925 2496 adjudicium
982 2440 1045 2479 uero
1058 2425 1225 2479 centisimus
1234 2423 1459 2479 tnt'rcricordtum
1470 2424 1552 2496 ;puic
1557 2425 1709 2496 proauiam
1718 2426 1782 2480 utre

120 2521 267 2567 uenturum
284 2521 310 2568 ει
327 2511 393 2567 mihi
413 2530 464 2586 pro
484 2513 577 2570 labore
592 2513 734 2586 praemium
749 2514 810 2572 ritu)
832 2515 925 2570 reddi·
981 2515 1013 2568 ire
1032 2515 1142 2585 jarrlicio
1166 2513 1361 2584 reportabunt,
1383 2513 1431 2584 pai
1458 2514 1586 2580 tractum
1604 2515 1782 2585 penitentie

119 2609 212 2656 turum
224 2617 230 2670 ;
243 2603 378 2675 quonium
393 2603 495 2658 honrem
506 2609 548 2659 eat
559 2607 588 2660 ira
598 2609 750 2678 conspectu
760 2609 925 2660 carnotorum
981 2602 1168 2657 contentae-m
1191 2602 1222 2655 ira
1236 2601 1381 2673 patientia
1408 2601 1582 2655 attuleruut.
1609 2601 1642 2657 a’t
1656 2605 1721 2673 apte
1736 2601 1781 2656 bic

122 2695 248 2758 luorum,
273 2691 336 2764 quia
365 2701 428 2748 tuuc
450 2694 537 2750 sancti
561 2710 697 2750 summum
712 2693 812 2749 bonum
835 2693 927 2766 perci·
978 2691 1108 2764 pacturus
1125 2677 1193 2761 post
1201 2689 1404 2761 praecedentem
1419 2689 1546 2759 partitur,
1564 2690 1595 2744 in
1610 2705 1662 2762 prro
1671 2691 1782 2758 prettin-

121 2779 211 2850 piuut,
227 2780 337 2852 quaudo
352 2781 490 2836 Christum
502 2782 527 2836 in
543 2781 632 2856 gloria
649 2781 924 2854 Patrisconspiciunt.
982 2795 1048 2834 rum
1077 2782 1152 2833 actio
1179 2777 1308 2833 Ecclesire
1335 2793 1386 2848 pro
1414 2779 1594 2833 conierstone
1621 2778 1782 2834 tttdoeoruru

120 2869 227 2924 Aliter:
246 2871 308 2925 Non
330 2871 484 2942 properabo
500 2873 631 2946 consequi
647 2888 746 2928 nomen
763 2879 837 2926 tuum
853 2871 926 2943 quod
981 2869 1138 2934 scribitur‚·
1153 2867 1220 2939 puio
1234 2881 1299 2920 mou
1316 2865 1402 2935 fidem
1416 2865 1726 2937 tiirtrrorrrrnjudictum
1742 2869 1783 2922 ul·

122 2969 165 3014 est
179 2959 263 3024 Deus,
275 2960 313 3013 uti
329 2959 391 3016 tecit
405 2961 604 3028 hutichristus,
622 2961 670 3016 sed
681 2961 847 3034 exspectabo
855 2961 925 3016 bene
983 2957 1088 3012 timum
1102 2955 1239 3026 sequeitur.
1249 2954 1312 3010 ideo
1326 2955 1357 3009 ira
1368 2956 1521 3011 centesimo
1533 2955 1591 3010 loco
1601 2961 1784 3029 cornpututur·

120 3047 241 3104 virendo
263 3049 389 3120 accipere
414 3065 514 3106 nomeu
530 3059 624 3105 tuum:
641 3058 668 3105 ut
681 3050 731 3106 sim
748 3049 808 3106 Filii
822 3051 860 3106 tui
876 3065 924 3106 co·
982 3047 1049 3118 putu
1063 3044 1288 3100 euisceretesimu
1303 3045 1334 3099 tu
1350 3043 1455 3113 iudicio
1481 3059 1532 3116 per
1557 3045 1782 3103 aurisericordtcm

121 3139 224 3202 haeres,
240 3138 299 3209 ipsc
314 3139 434 3206 existens
449 3139 541 3206 Filius,
567 3139 606 3194 sie
628 3155 736 3212 qtroque
751 3155 925 3212 consequen·
977 3136 1024 3208 pii
1036 3134 1159 3208 pastoris
1177 3149 1295 3206 superno
1309 3133 1384 3205 prepi
1399 3135 1590 3190 consocietur.

121 3235 166 3282 ter
186 3235 214 3282 et
235 3227 320 3282 Deus.
337 3227 473 3296 Quoniam
487 3230 539 3285 hoc
561 3228 661 3284 bonum
677 3245 739 3285 esse
754 3229 926 3302 conspiciunt
982 3227 1020 3282 De
1035 3225 1130 3288 titulo,
1146 3225 1279 3289 materie,
1296 3222 1457 3277 intentione
1471 3239 1504 3278 ac
1517 3223 1780 3296 diuisioncpantmt.

122 3315 224 3381 sancti,
237 3317 283 3388 qui
298 3317 325 3370 iu
340 3317 394 3372 hnc
408 3333 515 3374 summo
531 3319 603 3374 hono
614 3325 694 3374 crunt
705 3335 752 3391 per
766 3335 868 3376 aeuum,
1018 3312 1122 3368 Titulus
1132 3310 1232 3383 psalmi
1246 3318 1288 3366 est
1304 3328 1310 3363 :
1329 3311 1461 3366 Psaluraa
1474 3313 1531 3384 ipsi
1544 3313 1640 3378 buutd,
1661 3315 1715 3370 boc
1729 3324 1781 3381 est,

981 3403 1034 3458 ista
1060 3401 1119 3457 laus
1142 3401 1224 3456 bonae
1246 3399 1414 3471 operationis
1430 3401 1586 3455 attribuitur
1596 3401 1650 3472 ipsi
1666 3403 1785 3472 Christo,

160 3437 219 3492 Ποῦ
235 3443 318 3492 [olum
334 3443 426 3508 potest
443 3437 542 3494 msam
557 3437 593 3494 ad
608 3453 709 3510 comus
723 3438 835 3506 dmh'
853 3439 928 3510 quod
982 3490 1079 3548 uictori
1091 3489 1188 3558 judici,
1209 3495 1325 3559 aspectu
1346 3487 1512 3544 delectabili.
1529 3489 1640 3545 dicteria
1655 3499 1717 3546 sunt
1732 3493 1787 3548 lle-

123 3533 187 3578 sunt
216 3541 312 3580 omues
335 3525 430 3598 iniqui,
454 3527 499 3599 qui
522 3535 584 3584 sunt
603 3527 726 3584 membra
746 3527 922 3584 Antichrisli.

124 3613 208 3686 Doeg
228 3613 363 3670 ldumaeus
385 3623 426 3672 est
448 3615 579 3672 ludoicus
602 3616 718 3688 populus
737 3633 790 3687 pro
813 3617 928 3676 terrenis

123 3707 297 3770 commotus,
327 3703 391 3760 Saul
421 3721 500 3761 mors
528 3705 572 3760 sel
600 3705 742 3770 diabolus;
772 3706 862 3764 Dauid
886 3715 929 3762 εει

123 3791 273 3858 Cluistus;
297 3793 395 3850 domus
418 3793 576 3850 thiruetectu
599 3793 753 3852 Jerusalem
774 3795 802 3850 iu
823 3793 927 3862 tudaeu,

124 3897 216 3953 regno
240 3881 327 3936 l'alris
348 3880 458 3938 Christi.
482 3881 569 3938 Dauid
592 3881 620 3938 in
639 3882 750 3938 doteurn
770 3882 928 3940 abimelech

124 3963 210 4030 veuit,
237 3965 344 4036 quando
365 3965 489 4021 Christus
512 3966 541 4022 in
565 3965 696 4038 ternplum
719 3966 927 4038 Hierosolymis,

123 4053 238 4108 ‹lourtrm
262 4053 348 4108 Patris
371 4054 412 4109 sui
431 4055 514 4112 teuit.
538 4056 616 4126 [leeg
637 4055 688 4112 boc
709 4055 782 4112 Sauli
798 4055 931 4110 nuntiavit

123 4143 238 4214 quando
260 4142 388 4200 luduicus
412 4143 530 4216 populus
545 4143 681 4200 Christum
698 4144 779 4200 morti
801 4143 926 4201 tradidit.

126 4235 181 4302 Qui
191 4232 334 4304 ploriutus
344 4237 388 4288 cst
403 4234 433 4288 ia
447 4233 636 4306 malitiaque
651 4235 798 4305 propbetas
809 4241 835 4290 ει
840 4234 931 4303 justos

124 4321 241 4378 occidit.
263 4323 365 4378 Potens
380 4323 411 4378 in
426 4323 580 4395 inipttitote
594 4321 653 4392 luit,
671 4338 722 4394 qua
736 4323 827 4394 ipsum
844 4324 933 4380 Domi-

125 4428 191 4468 num
206 4410 270 4467 neci
284 4411 371 4466 dedit.
393 4413 460 4468 totu
474 4411 530 4482 dte,
546 4411 599 4470 hoc
610 4419 651 4468 εει
661 4412 735 4468 omni
745 4420 877 4484 tenipore,
890 4413 934 4468 in-

126 4501 272 4566 iustitiam
302 4507 396 4556 eontra
410 4499 548 4558 Christum
570 4509 597 4560 ει
617 4500 758 4574 apostolos
776 4503 932 4573 capitanii:

126 4611 199 4670 quos
219 4603 250 4650 nt
272 4600 358 4652 acuto
383 4597 522 4654 rwuuctdu
542 4597 605 4654 dolo
632 4597 667 4654 de
687 4601 765 4654 terra
776 4597 932 4654 ludaeorum

127 4684 247 4740 abradi.
277 4685 359 4741 terto
380 4686 620 4758 preacipitutioraie
635 4686 749 4752 ditexit,
768 4686 878 4759 quando
892 4688 934 4744 eis

127 4773 272 4828 Christum
290 4772 443 4846 predicare
462 4774 601 4830 interdixit
617 4793 622 4828 z
640 4775 739 4848 quihus
754 4791 783 4832 se
799 4776 833 4832 de
848 4792 937 4849 regno

127 4864 156 4918 iu
171 4871 299 4930 mortem,
316 4871 343 4918 ut
358 4863 485 4920 diabulus
500 4863 535 4922 de
550 4863 629 4930 curlo,
647 4864 732 4920 eldam
750 4864 785 4920 de
806 4865 937 4935 paradiso

128 4951 325 5024 preceptum.
345 4955 498 5026 l'roptcreu
513 4953 813 5010 montemacutum
829 4955 938 5029 detege

129 5043 237 5098 cuutsit
252 5058 314 5100 euru
330 5041 494 5108 decivitate,
507 5043 657 5114 emiprnuit
671 5042 781 5098 eumde
797 5051 871 5100 terre
887 5057 939 5101 sue

130 5133 203 5186 inter
216 5138 318 5206 ςεειεε
328 5135 356 5188 ct
368 5131 503 5198 redicem,
516 5130 603 5198 idest,
616 5147 733 5204 permen
747 5132 846 5201 eiusde
860 5137 938 5190 tcrrn

132 5221 303 5286 vinealium,
320 5219 372 5278 hoc
387 5227 428 5276 εει
442 5219 476 5276 dc
491 5220 625 5276 Ecclesia.

169 5359 270 5414 Totum
286 5357 367 5413 etiam
383 5357 606 5430 corpusdiaboli,
617 5355 690 5430 quod
700 5371 771 5412 nunc
786 5357 816 5412 ire
826 5357 939 5415 inutilia

132 5447 291 5520 plortotur,
301 5455 327 5503 et
334 5451 468 5520 potenter
478 5447 566 5518 justos
575 5446 714 5520 opprimit,
725 5447 797 5503 Deus
807 5449 837 5502 tu
852 5447 940 5520 fineen

134 5535 268 5594 destruct
288 5536 372 5594 :dum
383 5536 412 5592 in
426 5536 480 5593 bna
495 5536 588 5593 muudi
604 5553 701 5594 omnes
714 5535 814 5610 impios
829 5539 938 5609 perdet,

982 3579 1074 3636 clesin
1088 3577 1187 3635 hierita
1207 3577 1351 3646 injudicio
1365 3579 1575 3633 remuneranda.
1601 3579 1716 3636 lutontio
1734 3589 1785 3648 est,

982 3685 1034 3726 nos
1046 3693 1050 3700 ·
1061 3667 1167 3724 hortari
1183 3667 1285 3722 bouum
1299 3665 1392 3723 tacere
1407 3675 1433 3722 et
1458 3681 1475 3721 a
1502 3667 1576 3722 malo
1604 3668 1746 3724 declinare
1760 3679 1790 3724 ut

982 3757 1123 3830 posumus
1137 3755 1356 3812 misericordIanr
1378 3755 1406 3810 in
1418 3755 1522 3824 judicio
1534 3765 1683 3827 reportare.
1699 3757 1789 3814 Verba

984 3854 1094 3918 sumpta
1108 3853 1172 3899 suut
1187 3844 1222 3899 de
1239 3843 1374 3916 regimine
1389 3844 1486 3907 David,
1508 3844 1554 3916 qui
1573 3859 1688 3917 regnum
1705 3847 1788 3900 lsrael

985 3935 1056 3990 hene
1080 3932 1159 4003 rexit,
1177 3931 1265 3987 malos
1281 3931 1344 3987 odio
1359 3931 1460 3996 babuit,
1482 3932 1570 3988 bonos
1580 3931 1692 4000 dilexit;
1707 3942 1734 3988 ει
1748 3934 1788 3988 si·

985 4021 1097 4096 giribcat
1112 4021 1239 4096 regimen
1252 4020 1364 4087 Christi,
1381 4019 1426 4093 qui
1446 4019 1601 4077 Ecclesiam
1625 4022 1695 4078 bene
1718 4022 1790 4095 regit

986 4112 1075 4168 malos
1090 4112 1158 4178 odit,
1176 4113 1263 4168 bonos
1271 4109 1371 4183 diligit.
1390 4111 1465 4166 Duras
1477 4110 1711 4180 behetsectioues,
1725 4113 1791 4185 quia

985 4201 1056 4260 actio
1076 4201 1211 4260 Ecclesiae
1234 4199 1315 4256 trahet
1329 4200 1400 4254 dues
1414 4199 1574 4266 divisiones,
1590 4199 1697 4258 scilicet
1718 4201 1791 4258 natu

987 4291 1117 4357 deuitare,
1144 4289 1218 4346 bona
1232 4305 1328 4364 apere.
1345 4289 1407 4345 llaa
1428 4296 1552 4359 pareest
1567 4290 1791 4349 misericerdiam

988 4385 1017 4436 et
1036 4381 1194 4453 turibium,
1225 4379 1251 4434 in
1275 4395 1331 4451 qua
1354 4386 1460 4450 septem
1475 4377 1790 4445 notautmdeelinanda,

988 4467 1082 4537 altere,
1099 4471 1175 4526 oculi
1197 4468 1263 4534 treci,
1280 4467 1308 4524 in
1324 4484 1376 4540 qua
1404 4483 1453 4524 sex
1480 4467 1643 4524 meditantur
1665 4467 1792 4528 iacienda

989 4559 1047 4615 Vox
1062 4567 1104 4614 est
1119 4557 1263 4614 Ecclesiae.

1222 4697 1373 4771 Repetitio
1384 4700 1490 4770 psalmi
1506 4701 1537 4756 C.

1028 4825 1115 4880 l'uus.
1134 4827 1157 4877 t.
1174 4853 1208 4861 -
1225 4822 1444 4880 lliacrt'cordt'cut
1465 4827 1494 4880 et
1512 4825 1659 4894 juditium
1673 4828 1792 4886 carriolo

993 4914 1053 4979 tibi,
1082 4913 1223 4968 Dotrrirrc:
1248 4910 1436 4966 rniserieordia
1450 4920 1492 4968 est
1515 4911 1550 4970 de
1565 4916 1702 4984 praesenti,
1716 4917 1793 4986 judi·

991 5002 1063 5058 cium
1090 5001 1125 5056 de
1148 5000 1239 5056 tuturo
1265 5000 1382 5057 canitur.
1413 5001 1436 5057 0
1458 5001 1574 5058 Domine
1587 5003 1715 5070 Trinitas,
1730 5021 1793 5060 cum

989 5088 1158 5161 jucunditate
1178 5089 1346 5145 annuntiabo
1368 5087 1431 5146 aliis
1451 5089 1664 5146 misericordiam
1684 5092 1732 5146 tibi
1746 5109 1792 5148 as-

994 5177 1165 5244 cribendam,
1201 5194 1281 5249 quam
1308 5177 1422 5233 extribcs
1452 5178 1497 5234 hic
1530 5178 1732 5249 poenitentibus,
1766 5191 1796 5238 et

991 5267 1137 5338 judicium,
1156 5267 1231 5338 qtrod
1253 5266 1375 5322 ostendis
1395 5265 1422 5320 in
1437 5264 1529 5321 tuturo
1545 5265 1573 5320 in
1587 5265 1689 5323 dirutis
1701 5270 1794 5327 cordis

994 5355 1218 5428 permanentibus
1233 5372 1240 5408 ε
1265 5369 1328 5410 natu
1343 5353 1403 5409 istis
1425 5354 1533 5424 gaudia,
1555 5353 1610 5410 illis
1623 5354 1674 5411 das
1686 5359 1794 5430 suppli·

995 5447 1048 5504 cia.

1032 5537 1120 5595 Vens
1136 5541 1162 5594 Ξ.
1173 5565 1207 5575 -
1216 5535 1343 5592 Paatlout
1355 5537 1383 5590 ct
1394 5533 1558 5606 itttcltipurrt
1568 5535 1599 5590 in
1610 5536 1796 5594 abtbnrttucu·

134 5627 170 5682 de
191 5625 334 5684 consortio
356 5625 490 5696 justorum
524 5625 589 5680 illud
612 5627 722 5694 crollet,
746 5627 856 5699 quando
874 5625 941 5686 illud
999 5628 1060 5684 latu
1072 5643 1078 5680 :
1090 5625 1143 5682 boc
1158 5631 1210 5693 est,
1223 5622 1381 5695 conjudex
1397 5639 1429 5680 es
1440 5623 1539 5693 justus,
1550 5625 1796 5695 operaborltonum

136 5715 286 5784 ventilans,
302 5715 395 5788 paleas
419 5715 534 5772 atritico
548 5714 633 5773 tollet.
651 5717 687 5772 lte
705 5715 897 5788 tabernaculo,
913 5715 941 5770 id
997 5713 1138 5777 abstinens
1154 5711 1276 5768 amalis.
1289 5713 1406 5768 Contere
1418 5711 1582 5784 pertinetad
1592 5716 1797 5786 comemplatio-
