3942 6067
106 3192 110 3198 ’
188 3190 314 3248 habebis.

172 211 176 218 ’
204 219 256 272 tes
475 213 623 274 HONOilll
644 215 893 277 AUGUSTODUN.
915 215 993 274 OPP.
1014 215 1112 282 PARS.
1133 220 1157 274 Ι.
1180 170 1598 278 ..cancerauma
1800 219 1853 278 tut

200 343 260 400 uies
275 345 392 415 prinam.
413 343 462 398 Hic
476 350 566 399 autern
588 359 692 400 memor
712 353 781 409 esto,
802 342 849 399 nbi
869 358 932 398 cum
948 357 996 397 uu·
1011 341 1039 402 A
1052 341 1144 398 lendis
1157 344 1268 415 Aprilis,
1280 345 1339 405 sive
1354 343 1511 411 retro,sive
1522 344 1622 400 inante
1633 345 1721 411 abest,
1733 353 1773 400 tot
1790 344 1848 402 die-

200 449 293 490 merus
311 433 485 504 supradictus
505 432 691 508 vedraqinta
715 432 864 489 excesserit
888 429 998 488 tricesi-
1052 429 1103 486 bus
1117 433 1327 504 septuagesimae
1341 433 1505 490 terminusa
1524 432 1618 506 quinto
1632 432 1749 490 Kalend.
1765 433 1851 490 Febr.

199 537 283 590 mum,
295 537 390 579 rursus
404 538 554 580 remanens
567 530 607 578 est
621 520 713 579 clavis.
900 555 903 565 .
1055 514 1098 572 νει
1117 515 1145 569 in
1158 525 1232 584 ante,
1248 518 1294 573 uel
1307 525 1380 576 retro
1395 519 1457 576 erit.

318 647 387 703 Car.
407 647 466 703 Cli.
484 678 519 688 -
532 648 570 703 lle
587 648 710 704 termino
721 645 864 716 paschali.
1195 641 1262 698 Cer.
1279 641 1346 698 CIV.
1358 671 1393 682 -
1409 643 1446 697 lle
1459 641 1710 716 quadrupectmoti.

233 744 522 816 Terminuspeschalis
532 751 572 800 est
583 744 690 800 decima
701 750 798 815 quarta
809 741 874 798 luna
883 741 995 814 Aprilis,
1087 739 1151 797 Post
1165 745 1292 796 octavum
1307 739 1372 796 ldus
1388 739 1489 806 Martii,
1506 737 1554 794 ubi
1577 737 1644 794 luna
1663 737 1784 794 secunda
1799 740 1852 794 ob-

198 842 224 889 et
238 834 342 906 pascha
359 832 551 890 Hebraeorum.
567 834 644 905 Ergo
666 839 729 904 post
751 829 861 888 vernule
876 830 1000 903 aequino-
1052 827 1168 895 venerit,
1184 829 1317 886 terminus
1332 827 1559 902 Quadrupesimae
1573 825 1635 894 erit,
1654 842 1736 898 quem
1749 843 1767 885 a
1782 829 1852 886 duo-

197 923 279 980 ctium
291 922 446 994 ubicunqne
461 921 566 982 decime
581 931 679 985 quarta
701 921 765 976 luna
779 920 942 988 occurrerit,
959 919 998 976 ibi
1051 916 1159 976 declino
1174 917 1291 974 Kalend.
1314 919 1415 980 Alart.;
1434 917 1470 974 ad
1491 917 1577 972 instar
1599 917 1739 973 Posctrelis
1754 917 1856 974 distare

196 1009 301 1082 absque
314 1010 397 1067 dnbio
411 1011 543 1067 terminus
556 1009 694 1082 paschalis
708 1009 769 1075 erit,
786 1017 813 1065 ει
827 1008 855 1064 in
873 1007 999 1082 sequenti
1050 1005 1185 1064 invenies.
1198 1006 1335 1063 bissextili
1348 1021 1420 1062 anno
1434 1005 1643 1078 septuagesimae
1657 1013 1782 1078 aquarto
1798 1008 1852 1062 Ka·

195 1097 339 1155 [lominica
353 1107 476 1155 nostmm
490 1099 592 1170 pascha
613 1097 758 1155 constabit.
774 1097 803 1154 Si
824 1097 955 1153 terminus
970 1095 999 1154 in
1051 1093 1128 1151 lend.
1156 1096 1275 1162 Febru.‚
1293 1093 1465 1170 Quadraqes.
1489 1094 1524 1150 ab
1553 1093 1700 1151 undecimo
1729 1094 1851 1153 Kalend.

195 1187 338 1244 Dominieo
348 1187 393 1244 die
403 1188 554 1256 obvenerit,
564 1187 592 1242 in
603 1187 728 1259 sequenti
738 1185 879 1244 Domiuies
893 1185 999 1242 Paseba
1050 1182 1139 1244 llartii
1156 1183 1272 1255 require.

196 1265 390 1332 celebrandum
406 1275 468 1342 erit,
483 1276 554 1334 huuc
570 1276 714 1332 terminum
731 1291 780 1346 per
794 1290 890 1332 versus
905 1275 998 1330 Nona·
1085 1272 1248 1346 Septuaqes.
1264 1272 1377 1346 quidem
1390 1271 1465 1328 omni
1479 1271 1613 1328 bissextili
1627 1286 1710 1328 anno.

195 1379 254 1419 rum
272 1363 382 1435 Aprilis,
399 1372 427 1420 et
440 1364 523 1420 terias
539 1363 668 1420 facillime
682 1363 806 1435 reperire
821 1363 938 1436 poteris.
1086 1359 1260 1434 Qaedraqes.
1276 1377 1342 1418 vero
1357 1369 1470 1429 tantum,
1485 1376 1549 1419 eum
1561 1359 1694 1418 terminus
1713 1367 1777 1418 ante
1792 1361 1853 1418 bis-

230 1479 335 1534 Atttcr.
354 1509 389 1520 -
403 1479 552 1534 Terminia
573 1477 737 1535 duodecimo
762 1476 881 1534 Kalend.
907 1477 995 1548 April.
1051 1449 1178 1506 Μυκη]
1194 1457 1324 1507 evenen‘·
1621 1546 1627 1560 ·

194 1582 282 1638 usque
304 1566 339 1624 ad
362 1567 469 1624 tertium
491 1567 628 1626 decimum
652 1567 772 1622 Kalend.
796 1567 858 1624 licii
877 1576 941 1623 sunt
954 1582 998 1623 re·
1211 1546 1281 1601 CM’·
1301 1545 1358 1602 CV·
1377 1576 1412 1586 “·
1426 1547 1465 1604 Βθ
1479 1547 1689 1620 Βθιθῑῑθῆῑῦω·

196 1655 331 1728 quirendi.
346 1654 422 1724 Quos
444 1663 470 1713 ει
484 1656 525 1714 aio
548 1655 674 1713 invenire
697 1655 811 1727 poteris.
837 1655 996 1712 terminum
1088 1645 1231 1702 Terminus
1258 1645 1439 1718 boeotiorum
1468 1653 1511 1702 est
1537 1644 1668 1702 viceritne
1694 1643 1761 1703 tuna
1780 1643 1852 1699 nati.

194 1743 377 1816 precedentis
401 1745 466 1800 anni
489 1760 561 1817 pone
584 1745 613 1802 in
636 1743 725 1816 primo
750 1743 864 1802 articulo
888 1744 998 1816 porticu
1052 1735 1131 1792 uuna
1145 1735 1256 1807 require
1270 1749 1287 1789 a
1301 1733 1387 1790 Nonis
1402 1732 1517 1801 usiani
1530 1749 1627 1806 ruere·

195 1833 271 1890 laevae
286 1849 393 1902 munus,
416 1842 443 1892 et
465 1849 516 1906 per
539 1833 667 1908 singulos
688 1832 819 1896 articulos
838 1847 999 1907 unguesque
1229 1833 1297 1891 Cae.
1310 1831 1379 1890 cvl.
1396 1862 1430 1873 -
1444 1832 1484 1890 Dc
1497 1833 1673 1890 Pentecoste.

195 1921 345 1994 digitorum
358 1922 483 1992 eiusdem
505 1939 613 1989 manus,
629 1921 690 1980 dies
715 1921 897 1980 terminorum
921 1937 998 1980 cour·
1088 1930 1234 1987 'seminus
1248 1931 1422 1988 Pentapoases
1430 1937 1473 1986 eat
1486 1938 1582 2002 quarm
1596 1929 1659 1986 tuns
1671 1928 1756 2000 junii.
1775 1929 1857 1986 tinne

194 2019 272 2082 pute.
292 2011 346 2080 Qui
360 2011 493 2070 terminus
506 2011 541 2068 ad
565 2011 683 2083 primurn
705 2010 848 2068 articulum
868 2025 999 2068 occurre·
1052 2035 1119 2076 vero
1132 2034 1149 2075 s
1161 2019 1270 2076 decima
1284 2018 1365 2075 tertia
1379 2018 1494 2075 Kalend.
1511 2017 1620 2090 require
1637 2033 1688 2090 per
1708 2017 1858 2084 cruciant

194 2099 239 2171 rit,
256 2101 389 2157 terminus
404 2101 467 2156 erit.
1051 2125 1143 2182 supra.
1159 2109 1202 2165 Ad
1215 2107 1411 2165 inveniendam
1423 2107 1531 2174 leriam,
1542 2106 1723 2163 terminorum
1734 2121 1855 2164 coneur-

229 2217 374 2273 Αιὶιεν.-ὴ
396 2217 416 2273 A
435 2215 550 2274 termino
577 2215 711 2288 cujusque
734 2215 799 2272 anni
822 2215 940 2286 inchoa,
969 2222 997 2272 et
1051 2204 1143 2297 ΜΨ*
1165 2196 1309 2296 lmen&
1329 2195 1395 2253 ⁸⁰⁰1
1415 2195 1590 2295 letulffl'ibu?
1609 2196 1714 2294 junge3
1735 2195 1759 2293 ξῑ
1778 2193 1853 2252 inst*

193 2313 267 2361 retro
293 2321 379 2379 usque
406 2305 442 2362 ad
472 2304 662 2362 duodecimam
686 2304 806 2360 litteram
828 2304 941 2374 calcula,
969 2312 997 2362 et
1051 2294 1196 2385 “limium
1210 2285 1292 2341 ¹¹¹⁸?ss
1306 2300 1445 2351 numeru&
1467 2285 1596 2384 ²³¹¹Sff¹²
1617 2283 1697 2384 fimi
1721 2301 1745 2341 ⁸¹
1768 2283 1852 2350 ²¹¹⁸&

192 2393 309 2450 habebis
325 2393 469 2450 terminum
485 2392 625 2465 sequentis
639 2393 715 2460 anni,
731 2393 755 2448 si
777 2393 933 2450 communis
953 2399 996 2450 est
1050 2375 1166 2431 ⁸⁰b¹⁸¹¹⁸
1180 2382 1287 2448 semem
1299 2372 1373 2446 K¹¹⁰d
1388 2382 1569 2441 mmmm»
1585 2372 1665 2431 sesm-

192 2499 286 2540 annus.
303 2481 331 2540 Si
345 2491 436 2542 eutem
450 2481 648 2538 embolismalis
661 2489 703 2538 εει
717 2481 746 2538 in
759 2497 847 2550 anno,
867 2489 995 2554 computa
1235 2497 1302 2552 epp,
1318 2495 1400 2553 cun,
1414 2526 1450 2536 ..
1463 2497 1502 2554 pe
1517 2495 1663 2552 Admau,

123 2559 125 2566 ’
191 2587 278 2644 usqne
292 2571 328 2628 ad
341 2570 502 2628 vicesimam
515 2570 646 2636 litteram,
664 2578 691 2627 et
704 2570 820 2628 babebis
833 2571 992 2630 terminum.
1083 2593 1217 2667 Aquqmo
1228 2593 1488 2652 Kuqeuqnoeemb,
1505 2607 1591 2666 usque
1605 2593 1641 2648 qq
1655 2591 1773 2650 mum·
1789 2593 1853 2649 Non

192 2659 275 2716 Verbi
288 2657 387 2732 gratie,
402 2675 419 2716 a
435 2659 551 2716 termino
577 2659 660 2730 primi
680 2659 754 2729 anni,
779 2659 825 2732 qui
850 2669 892 2716 εει
913 2661 989 2716 Νοιι.
1048 2683 1182 2753 ejusdem,
1197 2683 1353 2755 ubicunque
1371 2681 1514 2739 Damania
1534 2682 1693 2753 occurrerit,
1709 2681 1852 2740 Adventus

191 2748 295 2818 April..
308 2755 383 2804 retro
397 2763 521 2812 numera.
539 2756 565 2804 et
580 2747 607 2802 iu
627 2747 782 2806 duodicima
805 2747 906 2815 littera,
932 2766 994 2822 quse
1048 2772 1159 2829 pomini
1171 2773 1237 2828 affl,

190 2845 232 2892 cst
246 2843 343 2892 octava
368 2835 488 2892 Kalend.
514 2835 604 2906 April.
624 2836 768 2892 leoninum
792 2837 905 2894 meandi
928 2838 992 2894 anni
1201 2867 1267 2922 CM..
1283 2865 1383 2923 Cpffl⁸
1403 2897 1438 2908 ,
1451 2869 1491 2923 03
1506 2867 1683 2925 moll-m·

190 2923 315 2990 babebis,
330 2923 376 2996 qui
391 2931 433 2980 est
446 2923 612 2981 eommunis.
631 2925 674 2980 Ab
689 2926 740 2983 hes
763 2941 851 2998 usque
871 2925 899 2980 in
914 2925 993 3000 vige·

189 3013 288 3070 simam
301 3011 429 3078 litteram,
446 3011 473 3068 in
484 3028 567 3086 quum
581 3012 685 3080 incidit,
704 3013 768 3070 idus
792 3013 893 3088 Aprilis
916 3030 992 3072 eom-

188 3112 261 3172 pum,
277 3109 304 3160 et
318 3102 463 3158 terminum
478 3101 549 3157 tertii
562 3102 638 3172 anni,
654 3102 700 3175 qui
721 3109 764 3160 est
780 3103 989 3172 embolismalis,

1082 2967 1189 3022 Primus
1209 2965 1388 3022 embolismus
1401 2973 1498 3038 quarto
1517 2966 1593 3022 Non.
1624 2964 1757 3022 Decemb.
1773 2967 1851 3023 Luna

1005 3054 1031 3118 C
1044 3055 1133 3128 prima
1147 3055 1175 3110 in
1190 3055 1311 3112 seeundo
1324 3071 1396 3111 anno
1409 3055 1668 3112 decemnovennalis
1679 3055 1766 3130 spolie

1083 3142 1218 3202 secundus
1233 3153 1331 3217 quarto
1346 3144 1421 3200 Non.
1447 3144 1585 3216 Septemb.
1602 3145 1631 3201 in
1644 3144 1739 3217 quinto
1754 3158 1847 3210 anno;

1082 3233 1177 3289 tertius
1192 3233 1316 3290 secundo
1327 3233 1402 3288 Non.
1421 3233 1510 3289 llartii
1524 3233 1553 3288 in
1572 3241 1671 3291 octavo
1689 3217 1782 3290 anno.'

224 3307 322 3364 Aliter·
340 3337 375 3347 ··
389 3308 412 3362 Α
426 3306 518 3364 Mitt
534 3305 642 3379 tl0ffi⁰i⁸
655 3307 763 3376 inchoa,
779 3315 806 3365 θ*
823 3325 874 3380 W
890 3309 991 3383 tiflbss·
1080 3321 1185 3378 Eodem
1200 3336 1273 3377 anno
1287 3321 1378 3392 primo
1392 3319 1507 3378 Kalend.
1524 3321 1587 3377 Kaii
1604 3321 1654 3378 erit
1665 3321 1730 3377 luna
1744 3321 1850 3378 vicesi-

188 3395 230 3451 los
242 3395 372 3452 articulos
395 3396 475 3453 trium
496 3395 643 3468 digitorum
666 3405 742 3456 retro
769 3397 885 3468 celenis,
913 3407 940 3455 et
961 3399 989 3454 in
1045 3423 1088 3462 ma
1102 3405 1228 3478 septima,
1243 3413 1270 3461 et
1284 3405 1312 3459 in
1326 3404 1445 3460 Kalend.
1464 3405 1526 3460 lulii
1549 3405 1647 3478 viginti
1668 3421 1768 3461 novem
1782 3421 1848 3477 epe-

188 3493 284 3558 questo
299 3484 384 3557 digiw
398 3485 515 3552 hebebis
531 3485 687 3542 terminum·
704 3485 788 3544 Verbi
801 3487 911 3560 gratia:
926 3487 988 3560 pri·
1045 3495 1096 3553 ctis
1109 3493 1363 3561 intervenientibus,
1378 3493 1432 3549 nisi
1447 3493 1482 3550 sit
1498 3493 1646 3550 bissextus.

187 3589 233 3632 mo
246 3589 319 3630 anno
333 3572 377 3631 die
391 3573 533 3632 Nonarum
548 3573 648 3646 April,
664 3575 786 3631 secundo
801 3575 885 3642 Non..
907 3575 989 3632 tertio
1080 3584 1200 3654 Quartus
1214 3583 1404 3650 embolismus,
1429 3589 1525 3656 quarto
1539 3583 1611 3638 Non.
1631 3582 1692 3638 len.
1714 3582 1743 3639 in
1757 3581 1846 3640 unde·

187 3662 272 3728 Non..
287 3669 384 3735 quarto
408 3661 481 3718 Nou.
505 3661 594 3720 Primo
619 3661 734 3721 Kalend.
754 3662 840 3734 April,
865 3664 990 3723 secundo
1043 3671 1115 3728 aimo
1130 3687 1211 3728 anuo.

187 3749 314 3808 Kalend..
329 3750 409 3807 tertio
425 3748 552 3816 Kalend..
569 3757 665 3823 (ιῦῠῐῑι)
675 3747 805 3820 Kalend„
820 3750 915 3825 quinio
929 3753 990 3809 Kt-
1080 3761 1185 3818 Eodem
1199 3776 1272 3817 anno
1286 3761 1337 3817 erit
1351 3761 1416 3816 luna
1430 3760 1562 3817 vicesima
1575 3768 1683 3828 octava,
1696 3759 1725 3816 in
1737 3760 1839 3818 Kalen.

184 3838 277 3904 lend.,
295 3847 372 3896 sexto
386 3837 515 3906 Kalend,
531 3836 648 3909 septimo
666 3837 799 3909 &leudo
816 3841 989 3911 ⁰018t0sst·
1042 3851 1123 3906 biart.
1143 3850 1248 3922 epactis
1262 3847 1515 3916 intervenientibus,
1532 3849 1584 3905 nisi
1599 3849 1633 3904 sit
1647 3848 1796 3905 bissextus.

183 3925 259 3985 lend.
275 3927 394 3988 occurrit
408 3926 549 3983 terminus.
1077 3937 1193 4007 Quintus
1208 3937 1258 3994 erit
1271 3945 1370 4010 quarto
1384 3937 1456 3994 Non.
1471 3936 1606 3995 Novemb.
1617 3937 1645 3993 in
1661 3935 1770 3993 decimo
1788 3945 1846 3993 ter-

219 4017 371 4090 Repulsi-es
385 4015 510 4085 ejusdem
524 4012 633 4074 termini
648 4015 689 4072 sic
703 4015 829 4076 invenies
846 4035 852 4072 ι
870 4018 985 4077 Kalend.
1043 4026 1080 4083 tio
1094 4041 1177 4082 anno.

183 4104 272 4176 April.
290 4120 340 4176 pro
354 4102 635 4176 primsleriapoucs‚
650 4103 732 4160 etsie
757 4106 902 4178 usquead
926 4115 985 4164 ter·
1077 4114 1176 4171 Sextus
1197 4115 1250 4170 erit
1270 4123 1365 4187 quarto
1381 4114 1537 4187 Nonlnp.
1568 4113 1597 4168 in
1626 4113 1735 4170 decimo
1764 4121 1844 4171 sexto

184 4191 287 4248 minum
301 4191 424 4261 ejusdem
439 4191 505 4245 anni
520 4190 579 4246 dias
593 4205 719 4246 numera.
736 4190 828 4260 Quota
849 4193 919 4250 teria
932 4195 985 4251 erit
1041 4218 1122 4260 anno,

182 4279 324 4346 terminus,
339 4286 378 4334 tot
390 4287 470 4334 erunt
481 4278 636 4353 regulares.
652 4277 733 4336 Verbi
743 4281 832 4354 gratie
847 4299 853 4336 ε
867 4281 983 4340 Kalend.
1076 4290 1560 4365 sepvmugefiqoen501v0„‚quq
1588 4291 1616 4344 q„
1639 4290 1749 4347 dem
1767 4307 1842 4349 nono

182 4369 272 4440 April.
287 4368 322 4425 da
333 4365 514 4435 Dominicam‚
526 4367 636 4425 etNon.
653 4367 739 4440 April.
751 4369 898 4427 obvenient
908 4371 984 4444 quin·
1039 4397 1122 4438 anno,

182 4473 235 4529 que
251 4457 336 4515 leriae.
352 4455 478 4528 Quinque
501 4473 569 4532 ergo
588 4458 640 4515 erit
648 4458 798 4532 regularis.
818 4459 862 4518 Sic
886 4459 914 4516 in
929 4417 1025 4518 cae-D
1074 4470 1181 4528 Eadem
1194 4483 1270 4526 anno
1283 4469 1350 4528 tuns
1362 4467 1413 4525 erit
1425 4465 1556 4526 vicesima
1574 4477 1672 4526 octava
1692 4469 1721 4526 in
1735 4469 1836 4527 Kalen.

181 4545 257 4602 teris.
276 4546 361 4601 Porro
376 4546 399 4600 si
414 4544 546 4602 terminus
559 4555 601 4604 est
623 4555 684 4605 ante
701 4547 806 4618 leriam,
831 4555 903 4607 retro
922 4550 981 4606 eal·
1036 4557 1183 4616 Antistia
1206 4557 1323 4614 Kalend.
1352 4561 1467 4631 August.
1497 4564 1593 4614 contra
1619 4565 1739 4630 epactes,
1767 4559 1842 4615 lunae

181 4633 252 4692 cula.
269 4633 296 4691 Si
310 4641 372 4706 post
387 4634 505 4690 Kalend.
534 4635 561 4690 in
586 4634 738 4709 antiphona
760 4646 887 4710 computa
905 4647 981 4696 retro
1037 4646 1107 4705 ausu
1121 4647 1194 4706 tapso
1208 4646 1332 4706 insulto.
1347 4644 1466 4714 Quodsi
1484 4644 1653 4702 seruolum,
1672 4646 1838 4703 tranitem.

180 4723 232 4780 hoc
245 4722 328 4778 modo
344 4740 351 4776 ε
367 4722 518 4790 Dominica,
535 4721 695 4791 Sabbatum,
712 4723 780 4783 ieris
794 4733 881 4796 sexta,
898 4735 927 4784 et
941 4728 982 4784 sic
1037 4736 1145 4794 patiami
1157 4735 1260 4795 lupatio
1270 4733 1431 4808 negligitur,
1443 4734 1472 4792 in
1482 4734 1591 4792 Aesim
1604 4750 1679 4793 2000
1692 4750 1765 4792 am
1778 4743 1838 4792 aar.

179 4827 228 4883 per
243 4811 377 4868 ordinem.
395 4811 425 4865 ln
448 4811 595 4886 antiphona
623 4821 711 4870 nutem
731 4814 782 4869 hoe
799 4815 882 4873 modo
900 4833 907 4872 :
925 4817 980 4875 Do·
1037 4825 1128 4880 minus
1149 4824 1289 4882 Pnsebalis
1312 4822 1421 4880 decimo
1446 4822 1540 4894 quinto
1562 4823 1680 4881 Kalend.
1704 4823 1768 4882 llaii
1788 4824 1837 4881 itio

180 4899 288 4968 mirica,
304 4899 370 4956 teria
384 4899 513 4966 secunde,
531 4906 557 4958 ει
584 4900 675 4970 tertia;
706 4909 733 4958 et
756 4901 795 4958 sic
824 4919 875 4975 per
903 4905 978 4962 ordi-
1034 4929 1107 4972 anuo
1125 4913 1258 4971 nouerit.

180 5005 254 5045 nem·
1141 5011 1209 5068 Cae.
1225 5009 1304 5068 clx.
1324 5013 1411 5067 -De
1426 5011 1522 5069 dicbus
1537 5009 1719 5082 AEoyptlues's.

262 5085 333 5148 cm.
352 5086 471 5142 cru-
486 5088 524 5144 oe
540 5088 905 5164 terratwreetseorrtmoe·
1070 5110 1136 5168 ntea
1150 5108 1303 5185 sapore
1317 5107 1380 5165 tneo
1395 5107 1536 5175 oemio,
1551 5107 1615 5179 qua
1639 5107 1673 5163 aa
1697 5106 1832 5181 Aigyptits

215 5194 279 5252 Post
292 5192 435 5265 septimum
450 5193 516 5252 ldus
527 5194 661 5262 tannarii,
695 5195 851 5271 ubicunque
873 5199 979 5258 decima
1034 5205 1098 5254 sunt
1109 5197 1224 5254 inventi.
1240 5196 1275 5252 Et
1288 5195 1354 5268 quia
1366 5195 1500 5268 AEqyptns
1512 5192 1615 5250 dieitur
1630 5193 1762 5259 tenebrae.
1782 5193 1835 5264 ipsi

177 5280 242 5336 luna
256 5281 416 5350 occurrerit,
438 5281 570 5338 terminus
584 5285 794 5358 septuagesima
808 5288 871 5344 erit.
889 5288 977 5358 Quem
1032 5287 1172 5346 tenebrosi
1184 5286 1250 5344 inde
1264 5288 1449 5355 nominantur,
1466 5301 1500 5342 eo
1513 5285 1588 5357 quod
1602 5284 1727 5341 incautos
1742 5284 1776 5339 ad
1790 5291 1834 5339 te-

178 5369 218 5426 sia
230 5369 351 5440 reperies
369 5387 376 5424 :
393 5377 459 5441 quot
481 5369 578 5427 diebus
593 5371 724 5430 terminus
738 5375 876 5446 paschalis
890 5393 907 5434 a
921 5378 977 5434 Ka·
1033 5376 1134 5434 nebrss
1146 5373 1243 5433 mortis
1256 5376 1409 5448 perducere
1424 5373 1603 5432 affirmantur.
