3942 6067
110 247 180 307 ιιιι
238 230 243 235 ’

623 293 625 302 ,
706 246 1174 324 acuereaumn.-eru.11.

1691 256 1760 315 tttc

109 417 163 458 Μ
177 401 293 473 propp„
306 397 490 457 obedientiam
505 402 564 473 eju,
580 417 700 477 como„
712 402 823 471 intrem,
839 399 914 459 omni
926 371 956 435 A
969 378 1108 446 renovari,
1124 386 1153 435 ut
1167 377 1270 436 dieitur
1286 397 1294 436 z
1311 379 1421 450 Omnes,
1432 382 1480 453 put
1489 380 1521 437 tn
1535 382 1624 441 Adeon
1636 357 1785 441 murtae?

109 489 293 547 admiratione
315 496 344 545 et
361 489 436 545 omui
454 498 570 564 stupore
589 500 632 551 est
651 493 844 551 admirandum
865 506 916 549 cur

110 587 177 638 eunt
190 578 219 635 in
231 577 381 647 internum,
397 579 419 636 si
442 578 509 637 illud
530 582 729 654 corpusculum
750 598 813 639 mox
832 580 915 640 tuerit

110 668 271 727 mortuum?
285 699 320 710 —
335 669 371 724 Μ.
388 668 475 737 Deus,
491 685 508 725 a
523 687 578 745 quo
591 674 681 727 omnis
696 672 803 729 bonitus
817 679 844 729 et
856 686 917 728 om·-

113 757 158 814 nis
173 756 306 814 sauctitas
322 765 379 827 est,
402 773 459 815 non
480 758 534 815 nisi
555 761 640 819 bonas
661 765 690 818 et
710 769 821 818 sanetas
840 768 916 818 creat

111 847 228 913 animos,
243 852 271 903 et
292 846 359 919 ipsae
382 847 544 906 naturaliter
567 850 725 907 desiderant
746 866 848 923 corpus
868 849 914 905 iu·

109 942 198 1006 trare,
212 944 241 993 ut
253 950 307 992 nos
325 936 484 993 naturaliter
496 938 624 1011 cupimus
639 939 751 1011 viuere3
768 943 914 996 verumta-

110 1040 175 1082 meu
190 1040 253 1083 cnm
267 1024 427 1081 intrauerint
450 1026 519 1083 illud
539 1026 711 1085 immundum
733 1036 760 1085 et
781 1028 915 1101 pollutum

110 1113 269 1179 cuculum,
295 1120 370 1170 tanta
392 1114 521 1173 aviditate
549 1115 619 1174 illud
648 1118 861 1191 amplectuntur,
885 1125 915 1175 ut

108 1203 174 1276 plna
195 1202 264 1259 illud
287 1202 403 1277 diligant
417 1220 498 1278 quam
513 1206 612 1263 Deum.
636 1206 745 1263 lustum
767 1206 850 1280 igitur
872 1215 914 1264 est

110 1298 156 1360 ut,
179 1306 244 1351 cum
269 1291 337 1365 ipse
359 1292 499 1351 sordidum
519 1288 588 1362 vas,
607 1295 663 1353 imo
682 1312 837 1366 carcerem,
859 1312 914 1371 quo

109 1381 301 1450 includuntur,
311 1382 400 1440 cruori
414 1381 466 1441 Dei
482 1394 658 1457 praeponant,
670 1402 718 1442 eas
732 1385 806 1443 Deus
820 1402 835 1442 a
849 1401 914 1445 con-

110 1472 196 1531 toruo
210 1486 263 1528 suo
277 1469 412 1530 excludat.

147 1561 183 1618 D.
202 1560 298 1619 Sciunt
323 1560 422 1619 enimn
445 1561 550 1635 aliquid
576 1562 605 1619 in
632 1565 798 1637 corporibus
821 1564 913 1622 insnu-

110 1649 177 1709 num
187 1649 202 1706 i
214 1681 250 1691 -
264 1650 303 1707 Μ.
322 1650 436 1726 legitur
450 1651 485 1709 de
500 1654 530 1709 ll.
546 1652 670 1711 iohanne
686 1654 822 1727 Baptista,
838 1654 911 1729 quod

110 1738 204 1798 ammo
215 1740 275 1811 eius
288 1739 379 1797 adhuc
392 1739 422 1795 in
435 1748 522 1799 matre
538 1742 657 1799 senserit
669 1742 806 1801 Christum
828 1745 910 1802 ades·

110 1843 142 1887 ne
156 1843 165 1885 ε
179 1828 253 1888 unde
265 1835 342 1902 patet
356 1828 465 1888 animas
487 1830 597 1903 quidem
620 1833 796 1904 paruulorum
820 1834 913 1892 scien·

111 1917 148 1975 tia
171 1933 230 1977 non
252 1932 357 1986 carere,
382 1919 432 1975 sed
455 1935 515 1991 prm
536 1920 678 1978 debititate
692 1937 763 1995 opus
776 1922 828 1979 Dei
840 1923 913 1996 (228)

108 2022 166 2067 non
178 2023 263 2080 posse
277 2022 419 2066 exercere.
434 2007 541 2067 Dicitur
549 2017 641 2067 nmen
653 2012 729 2083 qrrod
738 2011 814 2068 nullu
823 2013 914 2069 auimo
989 2062 994 2073 .

108 2112 204 2169 perse
224 2096 313 2171 ipsnm
335 2096 482 2171 plusquam
505 2114 607 2172 corpus
629 2101 711 2171 sciet,
726 2101 779 2157 nisi
792 2117 809 2157 a
822 2100 913 2160 viviti-

106 2193 187 2244 cante
199 2186 295 2259 spiritu
309 2185 438 2260 accipiat.

107 2311 153 2368 lb.
167 2310 308 2383 Quomodo
330 2316 481 2386 peccatum
496 2316 714 2387 transfunditur
726 2316 813 2373 etiem
828 2334 846 2375 u
863 2334 914 2392 pc·

352 2402 483 2459 rentibus
497 2404 666 2477 bcptlcutts.

145 2525 179 2582 D.
196 2524 345 2584 Currouas
359 2542 462 2600 eorpus
475 2526 646 2585 immundum
660 2529 695 2587 de
708 2530 822 2588 bomine
837 2530 912 2590 cbri-

110 2614 202 2672 stiano
216 2618 329 2672 uatum?
339 2616 419 2672 -Μ,
435 2615 509 2688 Quia
523 2618 558 2674 de
572 2617 714 2676 immundo
728 2620 834 2679 semine
849 2636 915 2678 cou-

109 2703 220 2777 cipitor,
236 2711 266 2761 ut
279 2704 380 2763 dicitur
396 2723 403 2761 ι
420 2704 489 2775 Quis
502 2711 595 2781 potest
611 2710 709 2781 secere
722 2710 862 2767 mundun
882 2711 915 2768 de

114 2794 264 2853 immundo
284 2797 914 2871 conceptumseminettlobxrv,bletaiibi:

113 2883 147 2940 tn
161 2883 366 2958 iniquitatibus
379 2890 531 2961 conceptor
542 2903 606 2944 rum
621 2889 711 2959 (Prot.
726 2904 747 2957 1,
762 2888 804 2960 7).

151 2972 190 3030 D.
208 2972 279 3029 Cum
294 2974 376 3032 bomo
390 2981 463 3031 totus
475 2974 504 3030 in
518 2975 680 3047 baptismate
699 2978 874 3048 emundetur,
890 2986 917 3036 et

108 3061 269 3137 conjugium
285 3062 389 3119 bonum
404 3064 578 3135 predicetur,
591 3067 728 3139 quomodo
742 3084 837 3125 semen
853 3068 912 3141 ejus

108 3150 280 3209 immundum
301 3150 422 3210 dieitur?
445 3183 480 3196 -
500 3155 540 3212 Μ.
570 3157 657 3215 Homo
690 3157 719 3214 in
746 3158 911 3230 baptismate

109 3240 226 3298 interius
240 3247 267 3298 et
282 3241 619 3313 cinnomannorum
636 3247 686 3303 sed
695 3264 802 3304 rursum
817 3264 912 3306 semen

110 3327 170 3399 ejus
184 3344 236 3403 per
250 3326 343 3386 caruis
356 3330 608 3404 concupiscentiam
622 3334 827 3408 coinquinatur.

147 3414 184 3469 D.
204 3412 273 3471 Cum
293 3413 340 3471 illu
358 3416 518 3475 commixtio
533 3427 655 3491 nequeat
668 3419 728 3477 lieri
741 3420 845 3496 absque
860 3423 912 3481 de·

109 3500 254 3561 luctatione
273 3504 396 3574 cernuli,
419 3512 447 3563 et
466 3506 513 3565 ille
533 3507 625 3565 iulans
644 3526 700 3567 non
719 3512 806 3584 possit
827 3529 913 3586 repu-

109 3593 387 3667 guarepnrentibus,
403 3602 513 3668 utputa
535 3598 626 3655 edbuc
645 3598 824 3673 informatus,
841 3619 912 3675 quo-

113 3681 197 3739 medo
226 3680 288 3755 ipse
310 3690 354 3741 est
376 3682 551 3754 immundus,
574 3694 621 3742 eut
643 3688 733 3760 culpas
756 3698 802 3745 eut
825 3706 914 3762 poeum

110 3770 314 3828 obnoxiusi-
332 3774 371 3831 Μ.
391 3773 500 3831 Crimen
523 3775 601 3847 buius
622 3776 779 3850 pollutionis
803 3787 915 3853 propter

110 3858 194 3918 tidem
209 3860 328 3935 coniugii
343 3871 474 3936 parentes
489 3864 607 3935 deserit;
631 3866 668 3923 ob
691 3866 849 3938 injustitiam
862 3886 914 3926 au·

110 3956 165 4006 tem
193 3948 293 4023 primm
327 3952 566 4025 praevaricationis
601 3955 807 4028 transcenditur,
836 3960 916 4033 quusi

111 4039 288 4098 hereditario
300 4043 372 4110 iure,
387 4042 415 4098 iu
429 4044 610 4113 generatione
625 4045 728 4119 prolis;
743 4055 771 4104 et
783 4048 847 4105 ideo
870 4058 915 4105 te-

111 4133 213 4187 nentur
225 4129 339 4187 obnoaii
351 4130 439 4204 culpe
453 4133 530 4201 nde,
546 4134 574 4189 in
589 4150 644 4210 quo
660 4152 757 4193 omues
780 4152 914 4209 peecare·

111 4220 184 4280 runt,
202 4220 230 4270 et
243 4213 272 4269 in
287 4230 343 4287 quo
357 4230 453 4271 ornnes
467 4218 567 4274 mortui
583 4228 658 4276 suut.

146 4302 184 4359 D.
203 4301 232 4359 Si
247 4317 345 4361 omues
358 4301 388 4360 in
402 4305 493 4361 Adam
509 4308 607 4364 monui
622 4314 695 4376 sunt,
712 4310 851 4383 quomodo
865 4330 916 4371 nu·

110 4394 225 4444 scantur
237 4386 313 4445 uiuit
326 4419 363 4431 -
377 4389 417 4445 Μ.
437 4390 512 4448 Sicut
526 4391 550 4447 si
564 4392 626 4466 quis
649 4394 683 4449 nd
701 4395 820 4469 aliquam
836 4396 915 4456 senc·

110 4483 199 4532 stram
214 4490 245 4532 se
258 4475 437 4547 demonstret,
453 4486 481 4535 et
494 4481 586 4537 statim
601 4490 762 4552 reuertatur,
774 4486 815 4543 sic
829 4487 912 4545 bomo
925 4462 953 4529 11

110 4575 229 4617 nascens
253 4562 332 4635 quasi
354 4579 385 4619 se
403 4563 572 4622 demonstret
591 4566 619 4622 io
641 4568 753 4637 mundo,
769 4580 795 4627 et
807 4588 871 4629 mox
885 4574 913 4629 in

110 4653 228 4703 mortem
242 4646 402 4705 revertitur.

147 4734 186 4790 D.
205 4732 233 4791 Si
254 4745 366 4808 peccatu
379 4734 536 4795 relexantur
548 4739 577 4795 in
592 4740 743 4813 baptismo,
759 4759 810 4802 eur
823 4747 915 4819 bapti-

112 4829 209 4879 zantur
222 4823 267 4896 qui
283 4824 318 4882 de
332 4824 373 4881 eis
387 4834 550 4884 nascuntur.
568 4859 603 4870 -
617 4830 653 4889 Μ.
677 4832 708 4889 si
729 4834 819 4908 aliqua
837 4845 915 4908 peste

110 4919 221 4964 veneno
234 4906 316 4965 inerit
330 4918 474 4982 corrupto,
491 4928 588 4969 omues
601 4929 686 4986 panes
700 4934 734 4974 ex
747 4935 782 4975 ea
795 4920 915 4980 confecti

970 471 1030 533 tur,
1045 470 1077 525 in
1095 467 1205 526 Christo
1221 470 1443 540 vivificabuntur
1457 470 1483 541 (l
1496 471 1562 529 Cor.
1584 486 1634 539 xv,
1651 472 1712 543 22).

1004 557 1037 612 Ι).
1055 555 1083 615 Si
1097 574 1250 633 praegnans
1263 559 1362 616 mulier
1376 559 1539 631 baptisatur,
1550 561 1664 631 prodest
1673 560 1771 619 intanti

968 645 1016 702 illa
1029 645 1188 719 baptizatio,
1205 648 1271 705 siin
1286 664 1319 705 ea
1334 648 1469 706 moritur?
1483 680 1518 691 —
1531 651 1558 705 Μ
1564 692 1571 706 .
1589 648 1674 727 Nihil.
1689 651 1771 709 Non·

968 728 1034 786 dum
1048 731 1122 787 euim
1136 732 1206 790 sieut
1220 732 1313 788 Arium
1326 733 1374 789 luit
1390 742 1492 801 nutus;
1507 738 1533 791 et
1544 733 1606 791 ideo
1621 734 1648 791 ia
1660 734 1770 795 Christo
1824 792 1839 815 ..

967 836 1024 877 non
1035 819 1174 891 judicatur
1187 831 1311 879 renatus.

1004 910 1041 965 D.
1070 908 1124 966 Cur
1146 927 1200 967 non
1224 911 1356 983 permittit
1378 910 1451 967 Deus
1480 904 1614 982 quosdam
1642 909 1719 967 nasei
1742 918 1771 967 ut

967 992 1150 1065 baptizentur,
1168 1004 1213 1053 aut
1227 1004 1305 1053 ustos
1330 996 1405 1068 prius
1427 994 1561 1051 subtrabit
1581 994 1671 1066 morti,
1687 1009 1770 1067 quam

967 1083 1186 1157 regenerenturl
1211 1116 1245 1127 -
1267 1088 1303 1141 Μ.
1329 1085 1433 1142 iudicia
1457 1084 1506 1140 Dei
1528 1084 1643 1156 abyssus
1671 1084 1767 1153 multa,

966 1170 1084 1244 ideoque
1099 1171 1215 1243 occulta,
1228 1174 1354 1245 quamvis
1368 1188 1449 1231 ceusu
1464 1172 1490 1227 in
1506 1171 1548 1229 bis
1560 1172 1635 1244 (229)
1651 1172 1767 1241 elucent,
1823 1220 1831 1235 ,

967 1269 1139 1318 namnetum
1154 1262 1188 1319 sit
1203 1262 1275 1335 quod
1290 1270 1402 1335 propter
1412 1262 1514 1318 electos
1527 1260 1571 1315 fiat
1583 1277 1590 1315 :
1604 1267 1633 1317 ιιι
1643 1260 1770 1319 videlicet

967 1350 1768 1425 cumistostemimmeritosetpenesinepeceetoriderint

956 1439 995 1523 'in
1008 1455 1098 1512 poeuu,
1115 1445 1143 1497 et
1158 1457 1189 1497 se
1201 1449 1264 1513 post
1276 1441 1359 1497 multa
1377 1440 1567 1499 incineratum
1583 1438 1718 1496 indebitos
1740 1440 1769 1497 in
1813 1494 1817 1501 .

967 1530 1066 1604 pteris,
1082 1530 1193 1587 uberius
1205 1530 1355 1602 jubilantes
1365 1532 1424 1587 Deo
1439 1538 1531 1603 grates
1545 1528 1677 1598 referant,
1690 1529 1768 1601 ouius

966 1620 1126 1695 gratiolam
1140 1620 1251 1677 meritas
1264 1634 1362 1694 peenas
1376 1626 1532 1677 evaseruut.

924 1732 954 1799 B
1004 1709 1041 1766 D.
1060 1709 1146 1781 Quam
1160 1726 1271 1783 poenam
1292 1710 1395 1766 babent
1417 1706 1521 1781 parvuli
1545 1706 1604 1763 sine
1628 1706 1769 1780 baptismo

968 1796 1136 1856 monuit-
1150 1800 1187 1855 Μ.
1204 1799 1343 1856 Tenebras
1359 1805 1473 1855 tuntum.

1003 1888 1038 1946 D.
1054 1888 1142 1945 Nocet
1156 1888 1259 1961 aliquid
1273 1888 1430 1953 infantibus,
1446 1886 1520 1959 quod
1533 1885 1568 1942 de
1582 1884 1676 1943 illicito
1700 1900 1769 1943 con-

964 1977 1054 2051 jugio
1070 1977 1174 2034 seilicet
1189 1977 1224 2033 de
1239 1976 1382 2041 adulterio,
1397 1976 1441 2032 vel
1456 1974 1591 2049 cognatis,
1615 1974 1659 2031 uel
1682 1990 1770 2032 cane·

966 2062 1049 2129 necis,
1066 2061 1110 2119 rel
1123 2061 1273 2130 monachis,
1289 2061 1334 2118 rel
1348 2058 1600 2117 sanctimonialibus
1620 2058 1663 2116 vet
1685 2067 1769 2116 caete·

967 2150 1007 2207 ris
1021 2151 1134 2207 incestis
1156 2150 1393 2208 commixtionibus
1407 2150 1478 2221 (230)
1491 2147 1662 2205 nascuntur?
1676 2177 1711 2190 -
1725 2148 1753 2205 Μ
1757 2186 1765 2204 .

966 2240 1040 2297 Nihil
1059 2239 1182 2305 omnium
1198 2239 1223 2297 si
1238 2239 1337 2297 luerint
1360 2236 1496 2312 baptisma
1520 2237 1676 2308 consecuti3
1701 2235 1771 2294 sicat

967 2346 1019 2387 nee
1034 2328 1125 2387 tritico
1139 2336 1230 2401 nocet,
1247 2329 1271 2386 si
1285 2328 1405 2387 furatum
1421 2327 1575 2401 portarem
1590 2326 1672 2383 tuerit
1684 2325 1770 2383 semi·

967 2428 1165 2561 11811Ῑῖῃιιιοιιειιι
1179 2506 1292 2574 peccata
1312 2506 1456 2571 pareutum
1480 2494 1559 2564 tiliis,
1584 2494 1629 2553 vel
1652 2494 1770 2551 filiomm

967 2593 1147 2666 parentibus?
1158 2591 1224 2645 -Μ
1229 2632 1236 2645 .
1251 2589 1389 2663 Scriptum
1403 2596 1444 2644 est
1455 2603 1462 2645 :
1475 2588 1561 2645 Peter
1575 2601 1634 2643 non
1647 2584 1771 2659 portabit

968 2684 1155 2758 iniquitatem
1164 2680 1230 2753 filit,
1243 2696 1295 2737 nec
1305 2679 1384 2751 filins
1391 2676 1517 2757 portabit
1528 2674 1713 2749 iniquitatem
1724 2690 1774 2751 pu·

970 2776 1024 2831 tric
1043 2773 1156 2844 (Enecb.
1175 2786 1260 2839 xvrrr,
1271 2768 1329 2841 20).
1352 2766 1382 2824 Si
1405 2765 1453 2821 sitii
1474 2763 1631 2838 parentibus
1646 2760 1771 2822 inmelis

968 2860 1246 2930 nouconsenserint,
1269 2862 1317 2915 aut
1342 2863 1469 2928 parentes
1488 2853 1558 2910 tibus
1582 2867 1647 2910 suos
1670 2852 1705 2911 ab
1727 2850 1770 2909 bis

969 2950 1121 3024 probibere
1144 2966 1199 3006 uon
1220 2946 1376 3022 potueriat,
1398 2944 1465 3001 nibil
1489 2942 1626 3001 nocebunt
1660 2948 1771 3017 peccata

970 3040 1165 3098 alterutrorum
1181 3037 1337 3104 alterutrim
1352 3035 1422 3092 sient
1437 3049 1488 3091 nec
1497 3033 1580 3090 Josue
1590 3028 1683 3089 nocuit
1697 3028 1770 3103 quod

968 3146 1081 3204 prauum
1096 3138 1204 3201 putrem
1225 3126 1331 3193 babuit,
1347 3133 1374 3183 et
1388 3140 1502 3183 rursum
1516 3137 1572 3179 non
1586 3118 1675 3177 obtuit
1697 3116 1772 3193 quod

965 3236 1081 3295 nequem
1096 3216 1181 3275 filium
1195 3217 1300 3293 genuit.
1318 3214 1346 3273 Si
1361 3222 1451 3271 antem
1471 3219 1599 3285 parentes
1622 3208 1700 3277 tiliis,
1726 3206 1771 3265 rel

965 3310 1016 3370 filii
1030 3309 1370 3383 parentibuseonsensum
1396 3301 1563 3376 praebuerint
1587 3298 1614 3356 in
1638 3295 1769 3371 peccatis,

964 3400 1031 3457 muti
1045 3407 1109 3456 sunt
1123 3414 1186 3457 eum
1201 3397 1279 3471 ipsis,
1305 3403 1332 3453 et
1352 3396 1409 3467 jam
1431 3407 1487 3449 non
1508 3406 1557 3467 pro
1580 3388 1702 3455 illorum,
1718 3383 1769 3444 sed
1815 3389 1820 3403 ¹

964 3506 1016 3563 pro
1030 3490 1088 3547 suis
1101 3488 1181 3545 matis
1196 3486 1407 3545 dernuabuntur.

968 3643 1011 3699 tu.
1027 3644 1067 3700 De
1081 3640 1221 3700 connubio
1236 3656 1302 3697 cum
1319 3635 1581 3709 consurrectionem
1599 3636 1769 3695 commatre.

1158 3746 1193 3787 nc
1206 3728 1308 3800 filiolo,
1322 3727 1398 3785 etde
1412 3725 1583 3799 polypemtu.

1003 3859 1040 3916 D.
1060 3858 1109 3915 Est
1130 3872 1214 3931 greve
1238 3862 1391 3927 peccatum,
1417 3852 1517 3909 ducere
1540 3848 1711 3923 cognatam?
1734 3875 1769 3891 ·-

968 3944 1007 3999 Μ.
1028 3940 1182 3999 Secundum
1197 3946 1332 4004 naturam,
1348 3935 1468 4004 nullum;
1486 3934 1535 3991 sed
1551 3931 1702 3991 secundum
1715 3936 1770 3988 sta·

968 4040 1056 4089 tutum
1069 4028 1209 4095 Ecclesiae,
1228 4043 1371 4101 magnum.

1004 4121 1042 4178 D.
1061 4118 1205 4190 Quomodo
1219 4119 1270 4176 boc
1285 4116 1408 4191 probast
1418 4144 1454 4157 -
1468 4114 1505 4170 Μ.
1518 4110 1631 4171 Nullum
1645 4108 1696 4167 tuit
1708 4122 1772 4184 pec·

968 4216 1059 4266 catum
1080 4206 1228 4265 comedere
1250 4220 1377 4279 pomum;
1400 4204 1450 4261 sed
1475 4209 1572 4261 contra
1601 4206 1769 4273 praeceptum

968 4298 1020 4355 Dei
1035 4298 1189 4363 comedere,
1207 4294 1258 4355 tuit
1271 4295 1434 4352 maximum.

1005 4406 1039 4462 D.
1055 4405 1144 4476 Quare
1158 4403 1224 4461 olim
1239 4402 1327 4461 saneti
1341 4410 1434 4476 putres
1458 4401 1591 4461 duxeruut
1616 4412 1679 4455 suas
1704 4410 1771 4455 con·

968 4494 1155 4571 sanguineas?
1169 4526 1204 4536 -
1219 4494 1254 4548 Μ.
1269 4493 1394 4551 Charitas
1408 4492 1479 4564 apud
1493 4490 1555 4548 illos
1576 4504 1631 4545 uon
1647 4484 1773 4547 extendit

968 4597 998 4638 se
1012 4580 1092 4636 tatius
1106 4594 1188 4652 quam
1201 4578 1237 4637 cd
1252 4578 1367 4645 amieos,
1383 4584 1412 4633 ut
1426 4574 1548 4635 dieitmt
1570 4574 1676 4647 Ditipes
1695 4570 1771 4628 emi·

968 4688 1044 4739 cnm,
1061 4674 1089 4727 et
1105 4670 1167 4727 odio
1182 4668 1292 4725 bebetis
1302 4668 1454 4725 inimicum
1465 4662 1577 4738 tttettlz.
1597 4678 1625 4731 v,
1642 4662 1700 4733 ta).
1716 4658 1771 4715 De-

968 4758 1085 4816 buerant
1112 4773 1180 4832 ergo
1208 4764 1390 4829 cognatorum
1412 4754 1480 4811 satias
1504 4752 1645 4824 accipere,
1671 4748 1771 4821 quibus

968 4855 1081 4920 possent
1104 4862 1230 4904 amorem
1257 4845 1429 4917 impendere.
1447 4840 1528 4914 Apud
1542 4856 1593 4897 nos
1607 4845 1699 4898 autem
1719 4852 1772 4893 ex·

968 4932 1054 4990 tendit
1077 4948 1107 4988 se
1133 4930 1254 4987 ebaritas
1268 4931 1352 4987 etium
1373 4928 1407 4985 ad
1428 4926 1572 4993 inimicos,
1594 4929 1623 4979 ut
1646 4922 1770 4980 dicitur:

111 5003 175 5053 sunt
188 4996 322 5054 mortiferi
338 5015 346 5055 t
362 4998 403 5057 sic
416 4998 445 5055 ia
459 5001 548 5058 Adam
564 5002 612 5061 tuit
626 5020 718 5063 massa
733 5019 871 5083 cormptn,
888 5020 916 5069 et
968 5022 1085 5094 bicipite
1097 5020 1228 5077 tntmtccs
1244 5023 1350 5078 uestros
1362 5018 1451 5090 (totu,
1462 5015 1518 5087 tt).
1530 5011 1601 5085 Quia
1615 5010 1698 5086 igitur
1708 5010 1770 5083 ipse

112 5084 178 5143 ideo
190 5100 224 5142 ex
240 5100 274 5145 co
287 5087 344 5144 anti
358 5096 420 5145 sunt
434 5105 530 5147 omues
544 5101 658 5165 peccato
672 5098 794 5171 corrupti
807 5118 814 5167 ι
829 5109 857 5157 et
869 5100 915 5158 id·
967 5108 1082 5185 sanguis
1094 5126 1146 5167 uos
1160 5110 1376 5183 cogitcoguatus
1385 5106 1521 5179 diligere;
1537 5100 1630 5159 statuit
1644 5097 1772 5157 Deciens

112 5172 187 5232 1111111
202 5174 577 5251 1110111ᾰὶ8111,11111111111111
599 5182 627 5237 111
644 5193 732 5243 morte
746 5188 914 5261 aecempro-
968 5198 1163 5273 perspiritum
1183 5206 1322 5265 sanctum,
1347 5196 1497 5251 alienemur
1520 5190 1590 5248 tilius
1613 5189 1724 5255 ducere,
1741 5194 1772 5243 nt

112 5262 401 5339 1112111111111111111111
425 5266 567 5327 1111111111·
596 5272 671 5330 Sicut
695 5292 764 5349 erto
786 5289 915 5350 parentes
967 5290 1123 5347 uxorinter
1144 5304 1196 5347 nos
1219 5294 1247 5345 et
1269 5294 1414 5344 extraneos
1437 5283 1472 5340 sit
1495 5278 1650 5339 dilectionis
1673 5276 1769 5335 dnou-

112 5367 166 5427 ΡΜ)
180 5352 280 5428 seipsis
299 5354 329 5411 in
351 5355 517 5429 baptismale
540 5369 603 5417 sunl
625 5364 777 5435 emundati,
793 5366 830 5423 ita
844 5366 916 5424 filios
966 5373 1035 5443 lum,
1050 5390 1104 5449 quo
1117 5374 1235 5433 chariin!
1249 5386 1279 5431 ω
1293 5370 1387 5430 dilatet
1399 5384 1451 5443 per
1464 5382 1546 5425 omne
1559 5378 1650 5441 genus
1669 5363 1769 5421 hum·
1849 5406 1852 5414 ,

111 5449 220 5516 oportet
233 5460 285 5517 pro
301 5444 400 5519 seipsis
413 5461 464 5518 per
477 5456 593 5507 mortem
607 5450 708 5509 Christi
726 5454 755 5511 in
779 5454 914 5529 baptismo
967 5480 1048 5523 nom.

148 5620 225 5695 (228)
240 5621 286 5693 t,
303 5624 483 5698 deponenti.

153 5709 231 5787 (αις)
243 5712 268 5772 Α
299 5725 355 5773 om·
369 5715 403 5774 ιη
415 5714 460 5773 M,
1004 5642 1078 5717 (2³⁰)
1092 5643 1129 5700 t.
1148 5656 1207 5699 om.
1225 5641 1347 5697 vetent.
1369 5638 1428 5695 too.
1444 5649 1546 5695 comm.
