3942 6067
90 274 159 339 tica

618 263 700 325 vttn
719 268 750 323 n.
768 246 948 321 nudatam
969 262 1207 324 utnontnusts.

1675 276 1741 336 ftttt
1777 286 1779 293 ’

85 415 151 463 tnnc
166 401 296 473 temporis
311 396 449 471 pontifice,
465 394 580 468 primam
602 387 716 449 missam
735 387 926 448 celebrauitA
941 396 1029 454 stunt;
1044 388 1082 446 ita
1092 399 1182 449 tamen
1196 393 1270 466 quod
1282 393 1412 451 orationis
1427 401 1454 451 et
1468 394 1567 453 silentii
1582 400 1739 476 religionis-

86 498 114 550 in
128 494 174 551 dic
188 497 285 548 sartcto
300 488 416 545 Paschae
428 486 457 541 in
470 482 636 541 monasterio
649 481 744 555 ligneo
755 481 812 550 jam
823 477 887 533 edi·

87 584 179 648 ficato,
204 582 231 635 in
251 576 430 651 possessione
453 590 535 646 quam
558 573 612 629 sibi
626 576 795 627 memoratus
808 567 883 638 prin·

86 689 152 744 ceps
174 672 311 727 hott-ocus
332 666 497 722 donaverat.
523 664 553 717 ln
577 663 628 719 bac
650 675 719 717 vero
741 656 889 715 solitudine

86 761 203 817 multum
218 758 271 813 sibi
284 755 392 821 dilecta,
409 770 443 810 eo
456 752 530 825 quod
551 750 679 812 divinitus
702 749 791 805 fuerat
815 761 889 817 prae·

86 856 249 912 monstrata,
265 846 307 900 vir
327 845 378 899 het
401 848 559 898 constanter
586 840 754 910 viriliterque
779 836 887 907 agebat,

88 940 242 1009 fratresque
264 934 300 989 ad
314 930 519 988 edificationem
543 928 597 985 loci
611 926 735 984 studiose
748 923 888 987 incitabat,

89 1036 116 1083 et
130 1025 251 1082 caelestis
265 1023 327 1079 vitae
341 1018 494 1092 disciplinis
512 1027 594 1090 atque
614 1015 812 1073 eruditionibus
833 1020 889 1067 stu·

88 1116 193 1173 diosins
204 1107 377 1177 informabat,
387 1110 484 1165 dicens
501 1126 508 1162 ε
523 1107 595 1175 «En,
607 1105 707 1162 fratres
720 1101 887 1169 charissimi,

87 1222 161 1261 nnnc
174 1218 305 1269 eremum,
322 1199 409 1256 locum
424 1196 492 1253 satis
512 1195 593 1253 nobis
607 1200 818 1267 competentem,
842 1206 889 1246 sa-

88 1293 125 1351 tis
136 1299 271 1364 apertum,
287 1287 395 1345 silentio
408 1302 442 1343 ac
457 1282 541 1358 quieti
556 1298 718 1357 congruum,
731 1279 889 1351 divinisque

86 1363 313 1438 meditationibus
341 1384 367 1433 et
396 1374 566 1433 orationibus
601 1378 795 1445 opportunum.
838 1368 889 1423 llic

87 1470 188 1529 Christi
201 1484 268 1526 crux
283 1475 326 1523 est
339 1463 499 1534 bajnlanda;
515 1463 560 1520 hic
574 1458 808 1517 immarcessibilis
825 1456 889 1514 ritae

86 1576 191 1616 corona
207 1555 400 1629 promerenda,
416 1568 498 1626 quam
514 1552 561 1609 diu
571 1549 695 1624 quaesiuit
705 1547 888 1605 vestradeto·

87 1648 135 1712 tio,
152 1662 233 1720 quam
256 1644 335 1702 vobis
353 1651 415 1715 post
438 1640 551 1697 modum
572 1638 698 1697 conferre
722 1636 834 1708 dignata
848 1639 889 1689 est

940 493 995 549 que
1008 478 1127 535 studium
1140 496 1194 537 nou
1209 489 1386 554 postponunt.

977 574 1022 629 'lf.
1038 576 1122 631 Erant
1150 593 1269 651 namque
1295 581 1447 637 sanctitatis
1472 582 1580 641 fervore
1605 593 1741 660 succensi,

943 663 1083 733 quodlibet
1093 668 1264 739 paupertatis
1273 684 1343 724 onus
1356 669 1426 727 ferre
1436 673 1532 742 parati,
1545 674 1744 737 habitatoribus

941 750 1014 807 illius
1030 754 1124 823 patriae
1139 757 1245 826 penitus
1260 757 1355 829 ignoti,
1373 759 1491 817 lubitum
1508 764 1615 833 quidem
1646 784 1744 823 tnona-
1840 756 1844 767 ¹

943 841 988 897 chi
1002 840 1145 906 habentes,
1163 846 1211 900 scd
1227 846 1318 913 vilent,
1334 848 1476 915 incultum,
1506 853 1642 919 villosum,
1659 872 1675 910 ι
1691 872 1743 913 ιιι-

942 937 1062 985 terorum
1075 932 1167 987 habitu
1182 936 1376 992 monachorum
1392 938 1471 994 valde
1484 940 1656 1007 dissimilem,
1681 947 1741 1001 ori-

943 1018 998 1073 bus
1012 1019 1079 1090 ipsis
1094 1036 1109 1075 a
1124 1022 1225 1093 quibus
1240 1032 1364 1096 sumptus
1380 1026 1740 1090 fueratvaldeconsimilem.

943 1108 1113 1179 Paupertatis
1137 1112 1236 1167 etenim
1260 1113 1416 1185 imperium,
1446 1132 1506 1188 quaa
1535 1119 1614 1175 vilius
1629 1132 1743 1191 possent

942 1196 1104 1268 comparari,
1121 1214 1170 1255 eos
1184 1200 1287 1257 babere
1315 1201 1475 1260 indumenta
1504 1209 1701 1278 compellebam
1726 1228 1741 1267 a

943 1300 998 1356 quo
1012 1294 1040 1342 et
1053 1286 1085 1342 S.
1104 1286 1243 1345 Benedicti
1258 1291 1372 1362 Regula,
1389 1294 1465 1362 cuius
1473 1295 1645 1364 professores
1653 1310 1739 1367 mant,

942 1372 1054 1430 minime
1069 1375 1251 1446 discrepabat.
1267 1378 1355 1435 Porro
1369 1380 1524 1451 hujusmodi
1549 1385 1670 1443 habitum
1695 1406 1741 1445 ru-

943 1466 993 1517 des
1008 1470 1087 1535 atque
1103 1463 1232 1521 bestiales
1246 1466 1380 1536 homines,
1398 1469 1424 1524 in
1440 1469 1494 1525 illis
1509 1474 1632 1542 partibus
1661 1477 1742 1533 halti-

943 1556 1040 1619 tantes,
1057 1552 1118 1624 quia
1135 1560 1215 1610 antea
1231 1570 1284 1611 non
1299 1565 1446 1627 noverant,
1461 1559 1664 1630 abhorrebant;
1686 1582 1743 1623 nec

942 1640 1091 1696 monachos
1119 1657 1178 1709 eos,
1206 1644 1255 1699 sed
1285 1644 1445 1714 Saracenos,
1475 1664 1526 1719 pet·
1549 1652 1743 1711 subterraneas

87 1738 188 1793 divinae
203 1734 338 1806 largitatis
352 1732 396 1803 pia
409 1731 545 1805 dignatio.
565 1731 598 1785 tt
620 1728 643 1783 si
658 1726 735 1784 vobis
750 1724 885 1796 displicet,
902 1734 1078 1793 Basternas
1093 1730 1127 1785 ad
1143 1729 1326 1801 explorandos
1334 1733 1407 1791 cives
1418 1751 1482 1791 suos
1493 1738 1640 1800 advenisse
1648 1743 1743 1797 existi·

89 1826 163 1899 quod
176 1823 271 1879 usibus
286 1819 426 1878 bominum
442 1836 496 1875 non
512 1817 637 1890 congruit
651 1816 709 1884 ejus
735 1813 887 1887 ,habilitns3

89 1915 133 1969 vel
160 1915 214 1969 boc
237 1912 352 1983 placeat,
372 1910 446 1982 quod
467 1907 531 1964 uiris
551 1904 738 1961 tantummodo
751 1902 891 1977 religiosis

89 2012 172 2075 atque
187 2000 333 2057 solitariam
348 2002 434 2057 vitam
448 1996 633 2069 quaerentibus
647 1994 706 2063 ejus
720 2000 761 2049 est
776 2008 890 2064 compe-

90 2101 150 2148 tens
164 2090 319 2147 solitudinis
342 2086 539 2160 opportunitas,
564 2086 617 2140 boc
640 2083 754 2154 insuper
768 2080 891 2137 conferet

89 2180 168 2238 vobis
183 2180 262 2249 hujus
276 2177 330 2235 loci
344 2177 489 2248 asperitas,
513 2174 586 2247 quod
609 2171 738 2229 falsorum
766 2171 889 2236 fratrum,

89 2270 180 2325 bonos
196 2283 287 2324 mores
300 2265 394 2337 prauis
407 2262 551 2335 colloquiis
565 2276 599 2318 ac
620 2258 737 2315 sinistris
759 2257 890 2328 exemplis

89 2356 331 2428 corrumpentium,
347 2353 390 2409 vel
407 2361 518 2424 propter
538 2351 625 2421 ipsam
649 2364 738 2405 rerum
759 2346 888 2419 inopiam,

91 2448 195 2503 diutius
209 2461 265 2501 non
279 2444 331 2501 erit
345 2441 423 2499 vobis
437 2437 552 2498 condeta
566 2437 699 2495 societas.
722 2460 732 2485 ι

124 2602 172 2654 to.
192 2598 268 2654 Tunc
282 2595 412 2667 temporis
435 2608 521 2649 causa
548 2591 689 2661 cujusdam
711 2590 808 2646 eluviei
832 2590 891 2661 plu·

90 2688 207 2753 viarum,
224 2703 285 2758 quae
300 2683 326 2740 in
340 2681 565 2739 antecedentibus
587 2679 666 2735 annis
681 2689 888 2751 praecesserant,

90 2777 151 2833 solo
165 2784 247 2833 ten-e
260 2788 315 2830 non
329 2772 437 2828 valente
452 2770 568 2827 reddere
582 2768 687 2841 fruges,
710 2776 784 2823 tanta
803 2770 890 2823 taines

90 2874 160 2931 erat,
176 2876 205 2919 nt
218 2863 304 2919 multa
318 2861 404 2917 millia
418 2859 557 2915 hominurn
572 2857 653 2929 panis
666 2858 759 2929 inopia
773 2864 891 2929 cogente

89 2962 261 3010 morerentur
288 2953 354 3021 (513.
384 2947 527 3005 binltitudo
554 2955 644 3003 autem
681 2946 889 3014 monachornm,

90 3059 150 3116 quae
164 3057 225 3097 cum
240 3038 380 3095 bernardo
395 3043 465 3103 erat,
481 3050 590 3091 annona
603 3034 721 3107 penitus,
737 3034 787 3089 sed
801 3039 828 3089 et
838 3050 889 3105 pe-

945 1816 1069 1872 mabant.
1086 1816 1146 1887 Qtto
1158 1835 1269 1875 rumore
1283 1822 1399 1891 permoti
1414 1822 1507 1881 afflatas
1527 1824 1664 1901 indigene
1679 1830 1743 1887 mit-

945 1912 1003 1959 tunt
1020 1905 1209 1977 exploratores
1226 1926 1235 1962 ι
1250 1909 1295 1979 qui
1310 1912 1431 1980 protinus
1459 1914 1633 1983 accedentes,
1650 1920 1743 1975 consi-

945 1993 1040 2049 derant
1056 1995 1180 2051 homines
1192 1996 1317 2053 imbelles
1334 2008 1415 2072 atque
1429 2001 1560 2072 inermes,
1591 2006 1657 2061 nihil
1680 2009 1745 2065 mali

945 2082 1141 2152 machinantes,
1158 2083 1243 2141 cellas
1261 2086 1384 2143 modicas
1411 2098 1544 2159 texentes,
1571 2108 1626 2149 non
1654 2106 1745 2157 castra

945 2180 988 2227 aut
1005 2178 1096 2227 turres
1119 2172 1274 2247 crigentes;
1300 2176 1347 2246 qui
1361 2178 1502 2235 nonhella
1515 2180 1672 2253 fremerent,
1695 2185 1744 2242 sed

944 2260 1068 2331 psalmos
1080 2262 1253 2335 hymnosque
1268 2265 1450 2324 ruminarent.

980 2386 1027 2443 72.
1047 2384 1171 2441 Redeunt
1186 2401 1235 2457 spe
1249 2386 1364 2443 meliora
1377 2399 1560 2461 reportantes,
1577 2412 1679 2469 reaque
1693 2414 1746 2469 pc·
1788 2388 1793 2399 ⁸

944 2479 1019 2528 ctora
1034 2474 1186 2543 tundentes,
1203 2476 1412 2551 renuntiantque
1429 2480 1497 2549 suis,
1512 2498 1566 2539 non
1582 2486 1742 2555 Saracenos,

944 2562 994 2617 sed
1009 2563 1156 2633 propbetas
1170 2579 1257 2622 novos
1271 2580 1288 2620 a
1302 2566 1360 2622 Deo
1375 2568 1477 2625 missos
1505 2573 1642 2630 resedisse
1657 2576 1684 2630 in
1698 2576 1745 2633 de-

944 2658 1030 2707 serto.
1047 2650 1107 2720 Quo
1120 2651 1272 2723 divulgato,
1300 2663 1383 2711 ruunt
1398 2659 1501 2729 populi,
1518 2659 1616 2717 divites
1633 2672 1659 2719 et
1673 2680 1745 2735 pau·

944 2756 1024 2809 peres
1038 2740 1150 2811 pariter,
1166 2741 1260 2798 videre
1271 2744 1372 2815 cupidi.
1392 2745 1439 2800 Vir
1453 2748 1541 2820 itaque
1556 2760 1666 2807 satiatus
1675 2769 1747 2815 eon·¹

944 2828 1065 2899 spiciens
1080 2836 1181 2885 tantam
1196 2830 1393 2889 multitudinem
1412 2834 1567 2905 adventare,
1594 2840 1683 2910 prodit
1709 2842 1744 2897 ad

943 2916 1091 2987 publicum,
1107 2916 1205 2975 affatur
1218 2919 1360 2991 populum,
1373 2922 1455 2979 docet
1469 2942 1551 2996 quem
1561 2927 1744 2985 timerecuive

944 3005 1062 3063 debeant
1077 3007 1183 3065 servire
1195 3022 1202 3077 ;
1221 3010 1340 3066 ttortatnr
1353 3027 1402 3067 eos
1413 3012 1534 3069 coelestia
1544 3019 1662 3073 terrenis
1671 3036 1746 3089 pra>-

89 3131 171 3189 cunia
184 3128 257 3185 unde
271 3127 324 3184 emi
338 3132 442 3199 posset,
458 3124 588 3191 carebat;
602 3131 629 3180 et
643 3131 743 3189 ιιιιιιι,
765 3138 891 3195 evange·
905 3095 930 3157 C
942 3110 1057 3165 Ρθΰθΐθι
1074 3096 1202 3152 1131131101
1203 3096 1229 3153 5²
1248 3113 1300 3169 pro
1324 3104 1434 3156 aelffl'ssis
1461 3112 1644 3161 commutare.
1675 3108 1745 3162 Dum

87 3222 143 3278 lico
170 3219 367 3289 obtemperans
394 3213 518 3280 oraculo,
548 3229 666 3287 regnum
693 3212 744 3268 Dei
762 3213 891 3267 attentius

90 3308 242 3383 quaerebat,
258 3321 309 3363 nee
322 3313 425 3361 caeteta
439 3303 491 3358 sibi
515 3301 679 3373 deneganda
707 3299 886 3356 formidabat.

90 3396 148 3452 illis
162 3395 252 3466 itaque
266 3394 302 3449 dc
316 3390 410 3447 divina
425 3389 549 3463 largitate
563 3388 676 3443 mirrhae
696 3386 890 3454 diffidentibus,

90 3490 175 3557 atquc
188 3482 317 3554 precibus
326 3488 358 3549 get
371 3479 459 3535 labori
469 3485 683 3549 perseveranter
690 3476 890 3544 insistentibus,

90 3573 137 3630 ille
151 3571 197 3644 qui
212 3570 342 3624 misertus
358 3565 524 3622 famulosne
549 3564 665 3633 Danieli,
690 3580 740 3634 per
763 3565 892 3620 llabacuc

92 3663 126 3717 dc
139 3660 233 3715 Jndaea
248 3654 393 3728 prandium
409 3652 560 3710 transmisit
575 3652 601 3707 in
617 3649 803 3723 Babyloniam,
819 3652 893 3706 idem

91 3752 151 3821 ipse
181 3744 319 3803 Willermi
346 3742 414 3816 (52),
444 3745 509 3797 tunc
533 3739 664 3813 temporis
682 3739 893 3795 Nivemensinm

92 3836 223 3907 consulis,
239 3833 359 3891 animum
374 3830 542 3903 provocavit,
557 3835 586 3884 nt
600 3828 661 3886 viro
676 3827 726 3883 Dei
741 3826 892 3897 bernardo,

91 3928 120 3984 in
145 3922 323 3981 abditissimis
348 3919 448 3977 Pertici
471 3920 602 3975 silvarum
625 3916 816 3974 solitudinibus
831 3916 894 3972 lati-

95 4016 171 4080 tanti,
198 4030 279 4085 qnem
306 4010 422 4067 necdum
447 4009 500 4065 nisi
514 4009 587 4063 fama
601 4015 777 4079 cognoverat,
795 4006 895 4077 ingens

94 4116 147 4154 aas
160 4113 274 4154 aureum
288 4096 323 4152 de
337 4094 496 4165 burgundia
510 4094 628 4148 mitteret
650 4093 716 4162 (aa),
742 4106 797 4163 quo
825 4106 894 4146 ven·

94 4196 149 4251 dita
164 4210 271 4251 annona
285 4190 438 4262 comparari
459 4197 563 4262 posset,
592 4205 654 4262 quaa
681 4187 825 4243 monacbis
848 4187 895 4243 illo

95 4292 257 4362 intempore
273 4304 366 4344 secum
380 4285 574 4353 habitantibus,
591 4300 643 4341 nec
664 4300 721 4339 nott
743 4293 770 4340 et
784 4283 895 4339 mendi·-

94 4390 134 4447 cis
148 4388 292 4444 sufficeret.
309 4383 368 4440 'feli
381 4384 465 4456 igitur
479 4383 614 4456 presagio
627 4382 756 4439 divinitus
770 4380 892 4449 animati,

944 3182 1031 3255 igitur
1045 3182 1081 3241 ad
1095 3200 1125 3240 se
1137 3186 1305 3243 confluentes
1319 3187 1357 3245 sic
1372 3188 1528 3259 instrueret,
1545 3201 1570 3248 ιι
1586 3210 1666 3265 quam
1682 3197 1745 3268 glo-

944 3274 1049 3329 riosum
1064 3280 1147 3343 atque
1162 3273 1288 3332 mirabile
1304 3276 1337 3332 sit
1350 3277 1491 3335 bominem
1515 3280 1634 3339 deificari
1661 3287 1745 3355 parti-

945 3361 1083 3434 cipatione
1097 3362 1196 3418 summi
1209 3363 1275 3420 boni
1288 3364 1451 3433 declararet,
1482 3386 1562 3440 quam
1589 3372 1691 3429 misera
1713 3390 1746 3431 ac

946 3451 1104 3507 transitoria
1118 3452 1153 3507 sit
1169 3451 1230 3509 vitae
1244 3454 1323 3523 bnjns
1338 3454 1454 3511 felicitas
1481 3457 1690 3530 demonstraret,
1718 3468 1747 3519 et

946 3554 1029 3610 quam
1045 3540 1104 3595 dire
1119 3549 1204 3612 utque
1218 3544 1407 3612 permanentia
1422 3553 1555 3603 tormenta
1579 3552 1651 3620 apud
1673 3552 1746 3608 infe-

946 3642 993 3683 ros
1006 3628 1195 3698 peccatoribus
1210 3636 1402 3697 postmortem
1429 3645 1555 3690 maneant
1581 3639 1746 3709 comproba-

947 3724 998 3779 ret,
1014 3714 1091 3771 multi
1105 3715 1189 3772 territi
1204 3723 1286 3788 atque
1300 3722 1464 3789 compuncti,
1478 3724 1578 3779 saeaulo
1603 3728 1745 3785 renuntia·

947 3804 1021 3873 bant,
1038 3804 1285 3877 monachicumque
1308 3807 1431 3863 habitum
1454 3820 1634 3885 assumentes,
1656 3817 1746 3889 magi·

948 3892 1033 3948 sterio
1048 3891 1121 3949 illius
1134 3909 1196 3951 sese
1209 3894 1413 3952 submittebant.

984 4002 1028 4057 ts.
1045 4000 1143 4055 Nostra
1171 4016 1279 4073 quoqne
1307 4002 1419 4075 pagina,
1447 4006 1528 4076 quasi
1555 4008 1746 4080 vilipendendo

949 4089 1075 4161 quaedam
1089 4089 1211 4157 minima,
1228 4106 1282 4145 non
1306 4092 1431 4165 negligat
1452 4110 1592 4164 enarrare,
1620 4114 1672 4169 per
1686 4117 1746 4172 qnae

950 4192 1057 4233 summa
1071 4177 1242 4249 providentia
1256 4180 1299 4234 sni
1319 4180 1409 4235 militis
1432 4184 1601 4239 sanctitatem
1626 4186 1747 4259 diligen-

949 4283 991 4331 ter
1005 4275 1090 4331 voluit
1105 4276 1259 4347 propalare.
1278 4277 1428 4349 virileque
1443 4279 1561 4347 Domini,
1577 4282 1641 4337 dum
1665 4284 1748 4343 Tiro-

949 4372 1002 4428 nire
1016 4372 1170 4428 solitudinis
1184 4372 1273 4429 incola
1290 4388 1384 4437 ,novius
1413 4374 1552 4444 existeret,
1582 4378 1696 4454 contigit
1719 4388 1748 4437 ut

94 4494 176 4559 atque
190 4485 248 4542 viri
262 4484 312 4541 Dei
325 4484 431 4541 crebris
445 4481 677 4539 admonitionibus
691 4480 845 4547 confortati,
856 4479 891 4535 ad
907 4448 934 4509 D
948 4478 1042 4541 pailot
1056 4469 1222 4526 buculffl'ltm
1236 4468 1319 4539 illius,
1334 4472 1453 4543 quadum
1468 4471 1538 4531 f01'le
1552 4474 1748 4553 dienegligen·

94 4583 303 4642 edificationem
317 4581 370 4638 loci
384 4597 447 4638 sese
470 4580 627 4653 accingunt,
654 4578 794 4635 laboribus
821 4578 890 4634 insi·

94 4800 196 4848 nostres
206 4790 377 4863 praesentiam
387 4790 463 4857 adiit,
474 4789 618 4863 postulans
627 4797 657 4845 nt
666 4804 893 4847 consecraremus

95 4862 236 4931 cnjtrsdam
251 4862 369 4918 coenobii
383 4862 572 4918 caemeterium
599 4876 682 4931 super
708 4858 830 4927 durium,
846 4862 893 4933 qni

94 4934 185 5004 Tyron
199 4940 323 4999 vocatur,
343 4932 371 4987 in
395 4948 477 4989 usum
502 4932 684 5004 quorumdam
703 4932 895 5005 religiosorum

94 5005 303 5073 monachorum,
322 5026 333 5050 ι
350 5011 406 5058 ιιι.

132 5078 188 5142 (st)
203 5074 295 5144 Epist.
310 5074 363 5130 aot
378 5073 412 5128 ad
428 5074 590 5130 Pascbalem
605 5089 703 5145 papam
717 5074 825 5143 asserit,
836 5097 847 5123 ι
860 5090 893 5130 ex

94 5145 238 5201 sterilitate
261 5152 340 5201 terrae
364 5144 435 5201 farne
455 5160 588 5216 pauperes
599 5144 725 5203 affectos.
747 5148 893 5214 »Meierns

94 5217 130 5272 ad
158 5230 260 5271 annum
290 5215 359 5270 1110
389 5216 563 5281 :sterilitas
590 5216 687 5289 inquit.
702 5227 783 5273 terrae
810 5216 893 5285 hujus

94 5287 195 5359 gravis,
212 5287 276 5359 gelu
291 5286 446 5341 diuturnum
459 5302 520 5342 cum
535 5287 610 5342 nive.
631 5309 643 5337 ι
669 5288 811 5344 hfatthaeus
839 5289 893 5342 Pa-

93 5359 176 5413 risius
191 5360 228 5414 ud
241 5371 343 5413 aunum
358 5358 442 5413 ftll.
462 5379 474 5405 ι
492 5358 641 5413 hlortalitas
655 5364 719 5414 tnnc
746 5366 804 5414 erat
830 5358 893 5413 ani-

93 5429 210 5484 malium
235 5428 365 5494 maxima,
391 5429 476 5483 fames
496 5428 591 5483 valida
605 5427 633 5482 in
646 5428 859 5485 Nortbmannia.
879 5452 891 5476 ι

94 5500 249 5556 chronicon
264 5501 295 5555 S.
314 5498 444 5554 Maxentii
456 5499 491 5553 ad
514 5514 615 5553 annum
631 5500 701 5555 ttto
716 5516 725 5557 t
740 5522 752 5547 a
768 5499 893 5556 Mortali-

93 5577 135 5625 tas
149 5578 177 5625 et
190 5569 278 5625 fames
289 5584 400 5641 magna,
416 5578 443 5624 et
457 5569 496 5624 sal
511 5571 613 5625 charus
621 5569 715 5625 nimis.
737 5592 749 5617 a

129 5640 188 5708 ιιι)
203 5640 233 5695 ln
248 5640 302 5694 rita
316 5640 438 5697 secunda
454 5642 483 5695 tt.
499 5640 612 5697 liuberti
626 5642 661 5697 de
675 5639 845 5708 arbrisellis,
857 5644 893 5697 25

93 5710 244 5784 Februarii,
259 5729 335 5771 nunt.
353 5713 396 5782 11,
412 5710 511 5770 dicitur
523 5712 893 5772 «tluiflclntusNivcruensis

950 4568 1113 4641 tiusagens,
1129 4566 1248 4623 vitulum
1274 4566 1301 4623 in
1327 4567 1398 4625 silva
1425 4570 1636 4645 derelinqueret,
1666 4594 1748 4649 quern

950 4782 1095 4857 religiosus
1123 4798 1228 4848 comcs,
1258 4783 1431 4857 exigentibus
1458 4787 1519 4843 vitta
1547 4804 1604 4844 snae
1631 4790 1744 4859 meritis,

949 4857 1050 4913 charus
1065 4854 1200 4911 exstitisse
1216 4855 1334 4927 utrique,
1353 4882 1365 4905 n
1381 4858 1414 4914 B.
1444 4858 1564 4914 ttoberto
1588 4859 1691 4915 scilicet
1721 4870 1747 4918 et

948 4928 988 4983 B.
1008 4926 1163 4982 Bernerdo.
1180 4926 1230 4983 Hic
1254 4930 1289 4981 ad
1315 4935 1467 4982 extremam
1494 4926 1550 4983 fere
1577 4940 1746 4989 senectutem

948 4997 1082 5069 pervenit,
1098 5004 1134 5062 et,
1151 5005 1219 5053 teste
1233 4997 1367 5053 monacho
1383 4998 1623 5069 Antisciodorcnsi,
1643 5026 1654 5050 a
1674 5018 1746 5060 auno

949 5069 1029 5136 1117,
1045 5066 1141 5123 ιιιίιιι
1156 5067 1248 5124 saeculi
1261 5068 1426 5138 principatu,
1439 5076 1465 5123 et
1480 5071 1554 5125 omni
1568 5071 1671 5129 honore
1685 5074 1745 5131 aal-

948 5146 1021 5203 cato,
1037 5139 1209 5195 Cartbusiam
1223 5138 1309 5210 petiit,
1335 5138 1427 5209 ibique
1447 5140 1531 5212 digne
1553 5142 1611 5197 Deo
1641 5143 1668 5199 in
1696 5146 1745 5200 bu·

948 5210 1061 5266 millima
1075 5217 1232 5281 paupertate
1248 5222 1425 5277 conversans,
1454 5210 1526 5266 infra
1553 5228 1652 5268 annum
1677 5229 1746 5271 con-

948 5282 1084 5340 versionis
1098 5296 1154 5335 suae
1169 5279 1275 5334 felicem
1289 5278 1444 5336 terminavit
1458 5297 1566 5338 cursum
1582 5284 1656 5341 vilse.
1677 5308 1689 5333 a

983 5354 1040 5425 (53)
1068 5350 1232 5421 burgundiae
1259 5349 1370 5406 ducatus
1396 5366 1446 5406 seu
1469 5354 1546 5425 regni
1560 5353 1625 5411 olim
1638 5364 1746 5427 partem

947 5424 1086 5480 exstitisse
1099 5420 1254 5477 Niversium
1270 5436 1318 5475 sen
1346 5420 1494 5478 Nivernum
1522 5426 1625 5507 passim
1650 5442 1745 5483 omnes

946 5502 1055 5551 notant.
1075 5492 1174 5549 Subest
1186 5492 1243 5562 jam
1260 5490 1430 5561 parlamento
1445 5494 1600 5561 Peristensi,
1629 5504 1656 5551 et
1683 5515 1746 5569 pro·

947 5565 1063 5622 vinciam
1077 5570 1234 5635 separatam
1250 5561 1345 5617 elficit.
1367 5562 1438 5619 Urbs
1451 5565 1500 5621 sita
1510 5568 1745 5627 estarlcontluen·

946 5638 1010 5693 tiam
1022 5636 1129 5710 Ligeris
1145 5641 1171 5691 et
1184 5632 1311 5691 Niternis
1329 5633 1487 5693 fluviorum.
