3942 6067
221 250 252 305 aa
501 176 650 298 nouom}
668 228 922 295 auousronurt.
943 224 1020 285 ore.
1039 223 1129 283 raas
1147 224 1168 284 t.
1184 254 1220 310 .··
1234 223 1375 285 mnaso.
1393 216 1439 283 ar
1455 223 1594 286 maroa.
1713 210 1716 213 ’
1835 232 1875 289 52

222 372 363 431 Platonem
377 368 518 443 quesisse,
535 382 584 425 cur
602 364 689 437 magis
713 360 822 417 dicatur
844 365 916 413 terra
936 366 1018 427 quam
1031 351 1056 407 A
1071 356 1186 421 tautum,
1202 350 1252 409 sad
1279 353 1343 420 duo,
1359 350 1464 413 scilicet
1477 368 1578 427 aquam
1591 360 1620 411 et
1636 368 1738 413 aeram.
1754 355 1874 413 sienim

222 478 292 537 aqua
305 477 367 519 cum
380 460 421 517 sic
430 454 621 515 dissolvatur?
633 453 673 509 sic
683 448 862 523 intelligimus
873 444 950 501 illum
965 456 1022 499 non
1075 440 1163 497 solam
1177 458 1273 515 aquam
1288 443 1361 499 inter
1374 459 1408 498 ea
1420 443 1582 515 possuisset,
1598 459 1660 501 cum
1683 445 1745 517 plus
1763 446 1799 501 ad
1813 454 1874 503 ter-

222 552 301 626 loqui
315 550 349 607 de
364 550 498 607 elemento
519 544 568 614 ibi,
587 540 686 598 sedda
708 546 786 612 parte
807 532 943 599 elementi,
960 545 1023 604 quae
1075 545 1230 603 remquam
1252 533 1287 589 ad
1308 533 1402 607 ignem
1425 547 1455 590 se
1480 533 1579 591 habeat
1597 532 1693 605 (habet
1711 535 1787 591 euim
1807 551 1874 593 cum

227 643 268 699 sio
288 638 466 705 dissolvitur;
488 647 625 706 nunquam
650 628 723 695 enim
747 634 833 684 totum
855 624 1023 680 elementum
1076 625 1147 676 terra
1163 622 1557 692 conjunctionemsecuudum
1570 623 1768 697 corpulentiam
1782 633 1808 682 et
1823 626 1876 683 ob-

225 728 391 787 dissolritur.
407 725 565 795 Dicitergo,
577 717 783 792 quodsolritur,
795 730 850 771 aon
860 722 962 769 terram
973 708 1023 765 sed
1077 710 1214 767 tuaitatem
1229 729 1236 767 ι
1252 728 1315 769 cum
1331 713 1396 784 igue
1419 712 1622 785 mobilitatem),
1646 712 1802 784 conjunctio
1824 714 1878 771 ing

225 827 358 886 terreum,
376 814 404 869 id
419 819 460 869 est
474 816 581 883 partem
594 817 684 871 terrm,
700 805 749 860 sod
760 803 1023 877 quodremauetre-
1075 813 1132 855 uon
1148 799 1266 857 duraret.
1285 801 1417 859 Similiter
1439 802 1464 857 si
1485 802 1576 869 solum
1596 816 1675 868 aera,
1695 801 1775 859 babet
1799 804 1877 864 euim

227 910 316 965 tineus
329 903 524 977 proprietatem
538 906 628 965 terrae,
643 894 849 951 dicunttemam
861 896 887 947 et
901 888 1023 945 elamen·
1076 902 1221 945 commune
1247 906 1309 947 cum
1330 890 1397 964 igne
1423 891 1603 948 subtilitatem
1625 900 1652 949 et
1679 894 1877 964 mobilitatem,

227 1006 284 1053 tum
296 1014 303 1052 ι
315 994 365 1049 sed
379 992 414 1050 de
427 993 489 1056 boc,
505 989 563 1045 Deo
574 992 719 1052 annuente,
733 980 799 1039 satia
810 980 943 1037 dicemus.
953 978 1023 1037 Sunt
1078 992 1142 1034 cum
1157 986 1232 1035 terra
1246 978 1430 1037 obtusitatem.
1442 980 1506 1049 Sed,
1518 981 1592 1039 dicet
1600 981 1709 1055 aliquis,
1720 990 1748 1040 et
1757 984 1781 1039 si
1790 1001 1877 1041 unum

143 1094 150 1108 .
225 1100 293 1158 ergo
307 1084 443 1140 elementa
457 1092 602 1150 corporum
617 1073 757 1147 praedictas
777 1069 928 1144 particulae,
944 1074 974 1123 ut
988 1066 1025 1123 ait
1077 1070 1194 1127 istorum
1218 1084 1273 1125 non
1301 1069 1446 1138 sufficeret,
1471 1071 1559 1143 potuit
1584 1073 1660 1128 Deua
1684 1071 1777 1131 lacere
1800 1074 1878 1146 qaod

226 1170 433 1234 Constantinus.
455 1167 509 1225 Sed
529 1166 664 1222 elementa
689 1160 784 1217 mnndi
807 1175 867 1233 quaa
893 1157 1023 1215 videtur:
1079 1156 1252 1229 sufficerent,
1271 1158 1321 1215 sed
1336 1158 1452 1215 dicimus
1466 1175 1518 1216 uos
1532 1175 1587 1217 nou
1607 1176 1711 1234 ponera
1728 1162 1877 1219 terminum

226 1262 381 1335 dequibus
402 1254 559 1327 huiusmodi
584 1259 714 1309 tractatus
735 1248 878 1307 habeadus
904 1246 1023 1314 ridetur,
1075 1246 1213 1304 indiviae
1234 1248 1365 1319 potentia,
1388 1247 1438 1305 aed
1460 1248 1578 1306 dicimus
1596 1250 1633 1306 de
1650 1250 1695 1305 hia
1715 1267 1776 1324 quae
1800 1260 1876 1320 aunt,

226 1366 312 1428 quare
325 1345 540 1419 unumquodque
556 1342 657 1399 lactum
672 1341 716 1409 sit,
733 1354 817 1412 quara
833 1343 962 1410 quatuor,
974 1348 1026 1391 uec
1079 1335 1183 1392 nullum
1205 1352 1287 1409 possa
1309 1335 1445 1405 sufficere,
1465 1353 1518 1394 nec
1536 1338 1616 1410 iuxta
1632 1346 1758 1397 naturam
1781 1356 1879 1397 rer-am

227 1439 369 1516 pauciora.
385 1436 439 1492 Sed
454 1433 517 1507 quia
537 1429 672 1487 infirmior
692 1436 734 1485 est
753 1427 863 1484 illorum
888 1422 1025 1483 sententia
1079 1442 1162 1497 posse
1174 1426 1280 1497 aliquid
1292 1442 1364 1496 esse,
1382 1427 1456 1499 quod
1475 1425 1625 1485 sufficeret.
1647 1428 1712 1495 Sed,
1736 1428 1799 1501 quia
1817 1432 1880 1500 iam

228 1546 290 1605 quae
304 1524 463 1585 auctoritate
481 1520 613 1594 sapientis
634 1518 766 1586 innititur,
787 1514 926 1589 quidinde
950 1513 1027 1569 Plato
1080 1515 1251 1571 ostendimus
1274 1531 1358 1588 quare
1386 1532 1471 1573 uuum
1499 1532 1536 1573 ex
1564 1516 1626 1572 istis
1654 1532 1709 1573 nou
1727 1517 1878 1592 sufficeret,

229 1617 345 1677 sanserit
372 1613 569 1671 ostendamus:
593 1609 699 1675 Dicini,
729 1605 824 1679 inquit,
848 1605 959 1678 generis
982 1602 1027 1659 vet
1081 1620 1163 1679 quara
1176 1603 1279 1677 aliquid
1293 1620 1356 1663 esse
1369 1621 1424 1661 uou
1438 1614 1543 1678 posset,
1552 1605 1701 1677 aperimus.
1709 1606 1778 1663 Cum
1794 1608 1882 1679 igitur

227 1704 527 1771 decantationem
539 1700 628 1757 talem
638 1692 1061 1766 mundumcrearcdirponen
1079 1693 1151 1750 inter
1168 1694 1263 1766 aliqua
1285 1694 1350 1762 duo,
1373 1702 1437 1750 sunt
1464 1695 1527 1753 duae
1553 1695 1699 1752 contrariae
1720 1696 1881 1769 qualitates,

229 1796 405 1869 ret,pcippe,
415 1792 463 1865 qai
472 1792 563 1847 visum
570 1791 721 1863 poteratur
731 1789 760 1843 at
772 1788 882 1842 tactum
894 1797 944 1839 :aa
955 1780 979 1837 si
989 1779 1030 1836 di·
1080 1783 1146 1857 quia
1158 1781 1281 1840 binarius
1294 1783 1323 1838 in
1337 1783 1391 1840 duo
1404 1799 1484 1857 aequa
1498 1791 1589 1856 potest
1603 1784 1700 1853 diuidi,
1709 1793 1801 1857 potest
1815 1803 1884 1845 ως

230 1892 319 1943 aeret:
330 1883 397 1939 Cum
408 1882 482 1938 Deua
495 1879 553 1935 sola
568 1876 699 1943 bonitate,
714 1872 935 1947 uooiodigentia,
946 1886 1026 1925 mun·
1080 1874 1195 1947 aliquid,
1211 1872 1284 1945 quod
1300 1872 1497 1945 proprietatem
1511 1872 1725 1947 uniuscujusque
1745 1874 1883 1945 retinens,

229 1975 297 2031 dum
306 1986 401 2029 creare
408 1969 576 2041 disponeret,
587 1966 689 2039 quippe
696 1964 741 2038 qui
748 1962 869 2036 periccte
877 1960 965 2018 bouus
974 1966 1027 2025 eat,

228 2063 313 2119 talem
322 2058 489 2117 voluitillum
499 2056 568 2125 lieri,
579 2055 626 2129 qui
634 2062 661 2111 et
670 2054 810 2113 videretur
816 2059 843 2107 et
853 2057 1031 2123 tangeretur:

228 2159 259 2209 ut
266 2152 353 2207 bomo
364 2149 447 2207 etiam
460 2146 547 2204 oculis
566 2159 659 2201 rerum
683 2142 860 2210 creationem,
877 2146 903 2196 et
921 2138 1030 2212 guber-

1081 1964 1110 2020 iu
1123 1963 1215 2020 medio
1229 1962 1362 2030 sufficiat,
1377 1962 1440 2031 ubi,
1455 1977 1516 2019 cum
1531 1970 1605 2019 terra
1619 1970 1645 2019 ct
1658 1978 1708 2019 aer
1720 1964 1790 2021 duaa
1812 1981 1885 2023 oon-

1082 2053 1181 2109 trarias
1194 2052 1313 2109 babeant
1327 2050 1473 2126 qualitates
1488 2053 1542 2123 (eat
1555 2052 1657 2110 etenim
1679 2060 1756 2109 terra
1778 2052 1887 2128 frigida

1083 2150 1111 2201 et
1124 2142 1215 2205 sicca;
1231 2156 1280 2197 aar
1295 2140 1400 2198 calidus
1414 2148 1441 2199 et
1461 2141 1602 2213 humidus)
1615 2157 1684 2215 aqua
1697 2142 1803 2200 babens
1816 2160 1887 2199 om-

228 2240 339 2298 natioae
353 2238 475 2295 divinam
488 2234 639 2307 potentiam
653 2240 681 2289 et
695 2230 856 2304 sapientiam
879 2237 906 2287 at
920 2227 1030 2283 bonita-

230 2336 288 2388 tem
301 2327 467 2402 percipiens,
481 2333 508 2381 et
523 2324 672 2395 potentiam
686 2321 804 2386 timeret,
822 2328 850 2376 et
868 2316 1032 2389 sapientiam

232 2398 407 2478 veneraretur
419 2434 425 2471 :
438 2414 586 2470 bonitatem
595 2411 756 2467 imitaretur.
765 2408 870 2465 Deinde
880 2404 1032 2477 subjungit:
1085 2419 1179 2466 aurem
1192 2408 1350 2481 aliquorum
1362 2408 1545 2465 contrarietas
1564 2408 1592 2465 in
1613 2408 1700 2465 trium
1714 2410 1750 2465 sta
1765 2411 1889 2483 quatita.

233 2499 760 2573 donrtubntuatumnibilpoaaavidrri
769 2498 832 2555 aine
846 2498 921 2569 ιριιιι
932 2495 1034 2564 benafi·
1086 2498 1170 2565 tibus,
1185 2497 1255 2553 sicut
1269 2512 1321 2555 nec
1335 2497 1471 2553 ternarius
1480 2497 1573 2555 induo
1587 2514 1668 2571 taqua
1678 2497 1764 2555 uiridi
1779 2508 1885 2571 potest,

231 2600 284 2665 cio,
296 2611 386 2669 neque
395 2593 476 2666 teupi
486 2592 548 2649 sine
558 2590 655 2657 solido,
666 2604 755 2663 neque
765 2586 886 2645 relidam
899 2601 958 2643 esse
969 2587 1033 2641 sitta
1087 2587 1191 2643 nullum
1204 2586 1337 2654 medium,
1353 2587 1427 2658 quod
1438 2587 1473 2643 ad
1488 2602 1523 2643 ea
1535 2604 1566 2644 se
1575 2587 1825 2661 eqmltterhnbeat
1834 2606 1890 2662 po-

231 2694 319 2755 terro,
337 2683 471 2757 qnoowdo
485 2682 562 2739 claua
572 2681 633 2736 sinc
647 2681 712 2751 tpttc
726 2694 786 2735 aare
797 2692 855 2733 nort
865 2676 969 2749 possit,
979 2689 1032 2731 rtcc
1087 2684 1139 2734 test
1152 2676 1288 2744 inveniri;
1304 2682 1411 2749 oportet
1420 2675 1502 2745 enim,
1514 2676 1587 2749 quod
1601 2678 1636 2734 de
1647 2693 1701 2735 uno
1712 2680 1890 2737 uuamacci-

239 2774 373 2847 tangibile
386 2774 547 2835 sineterra,
558 2769 703 2841 loquentes
713 2766 746 2823 dc
756 2766 885 2822 sensibus
897 2764 1032 2837 corporis,
1087 2766 1151 2838 piat,
1167 2766 1201 2821 de
1211 2764 1359 2838 alodum,
1375 2764 1416 2821 sic
1426 2764 1510 2833 euim,
1520 2781 1574 2822 neo
1583 2766 1663 2835 aliter
1673 2766 1784 2841 integre
1793 2777 1889 2840 potest

240 2863 430 2922 comedamus.
441 2859 540 2913 Postea
557 2853 769 2912 addit:lclcirco
779 2854 851 2929 jecit
865 2854 937 2910 Deua
951 2851 1034 2923 quast
1087 2854 1173 2911 dividi
1190 2854 1336 2910 ternarius.
1366 2852 1495 2923 Qualitas
1523 2870 1589 2912 uero
1615 2871 1666 2927 per
1686 2856 1807 2914 medium
1828 2874 1890 2914 non

234 2951 456 3024 [armamentum
466 2947 561 3019 gurm
571 2949 600 3001 et
611 2949 729 3011 terrum,
741 2942 797 3010 aad,
810 2941 1034 3015 quooiomineia
1088 2942 1227 3009 dividitur,
1242 2958 1298 2998 non
1311 2950 1402 3014 potest
1416 2957 1482 3015 ergo
1506 2958 1569 3000 esse
1589 2944 1719 3012 medium,
1743 2946 1797 3002 nisi
1817 2962 1890 3019 par-

234 3039 469 3104 coatruriatutes,
480 3036 582 3109 quippe
591 3037 672 3091 terro
682 3035 725 3089 cst
735 3030 1033 3106 corpulentaobtrtso,
1054 3033 1206 3113 ctieipana
1224 3048 1277 3087 uua
1292 3039 1319 3088 et
1340 3032 1460 3088 duabus.
1479 3034 1580 3090 Iterum
1593 3033 1665 3091 dicet
1685 3052 1692 3091 :
1713 3035 1764 3092 atsi
1782 3051 1889 3093 secun-

234 3125 493 3200 connotatio-ipati
501 3122 753 3190 subtilismobills,
765 3125 868 3178 ocatur
876 3118 947 3175 Vidit
955 3120 1031 3175 Deus
1086 3124 1152 3181 dum
1176 3123 1248 3179 hanc
1263 3113 1386 3194 συζνγὶαν
1400 3122 1560 3196 qualitatum
1575 3139 1659 3180 unum
1683 3124 1805 3180 medium
1825 3142 1892 3183 esse

234 3218 293 3276 sine
308 3216 399 3275 medio
413 3231 445 3272 ea
459 3230 515 3271 nou
529 3229 608 3287 posse
622 3212 768 3286 conjungi,
785 3215 813 3268 ct
832 3210 892 3267 idco
907 3211 985 3265 irater
1000 3224 1034 3265 ec
1086 3220 1185 3285 potest,
1201 3211 1305 3269 scilicet
1318 3212 1393 3267 illam
1409 3227 1471 3284 quaa
1484 3209 1514 3265 fit
1528 3212 1636 3268 duabus
1645 3212 1832 3285 qualitatibus,
1849 3215 1889 3269 il-

236 3308 363 3365 mcdium
377 3306 494 3363 creauit.
510 3304 546 3359 Et
560 3300 691 3375 quoniam
706 3301 740 3357 de
762 3300 954 3370 conjunctione
968 3298 1033 3356 illo·
1087 3302 1137 3357 lud
1147 3302 1250 3358 babere
1261 3308 1419 3373 potuerunt.
1431 3300 1461 3356 Si
1470 3299 1543 3357 euim
1554 3301 1728 3375 interiguem
1738 3310 1764 3359 et
1773 3318 1888 3375 aquam,

237 3413 299 3453 rum
312 3395 426 3452 fecimus
441 3393 618 3459 memillssem·
634 3390 756 3447 difflfflsss
771 3389 835 3462 quid
859 3388 893 3444 Sil
917 3388 1033 3445 0⁰mmi-
1089 3407 1150 3464 quae
1164 3390 1317 3447 contrarias
1332 3391 1434 3445 habent
1449 3389 1596 3461 qualitates
1609 3398 1652 3446 eat
1665 3406 1721 3455 aer,
1738 3392 1783 3464 qui
1797 3394 1890 3463 parti.

239 3486 300 3556 stio,
318 3484 383 3558 quid
394 3481 548 3554 coniunctio
559 3480 765 3539 contrariorum.
782 3477 951 3536 Commistio
967 3492 1036 3550 ergo
1089 3480 1164 3553 cipat
1177 3495 1184 3535 :
1199 3496 1254 3535 una
1267 3478 1348 3535 unius
1365 3494 1372 3533 τ
1387 3478 1438 3534 alia
1453 3478 1580 3545 alterius,
1595 3494 1682 3551 quare
1701 3480 1772 3537 inter
1794 3481 1891 3553 iguem

238 3574 438 3633 contrariorum
457 3579 499 3629 est
519 3569 627 3643 quaudo
651 3585 683 3625 ex
703 3568 808 3624 duobus
828 3567 865 3623 ita
887 3565 918 3622 iit
939 3582 1034 3637 unum,
1090 3577 1116 3625 et
1130 3575 1239 3637 terram,
1256 3584 1316 3641 qooe
1330 3568 1359 3624 iu
1373 3568 1486 3642 aurugia
1509 3568 1624 3625 duarum
1646 3569 1815 3641 qualitatum,
1832 3586 1890 3627 non

238 3666 311 3739 quod
324 3670 452 3720 neutrum
468 3667 602 3727 remanet,
617 3658 646 3715 id
667 3658 739 3731 quod
760 3664 822 3713 ante
844 3656 950 3713 luerat:
966 3664 997 3711 ut
1012 3654 1036 3711 ai
1089 3656 1190 3713 habent
1203 3658 1315 3713 omnino
1330 3672 1377 3713 eas
1391 3656 1558 3725 contrarias,
1584 3674 1668 3713 uuum
1687 3658 1820 3729 medium,
1835 3660 1893 3717 nisi

237 3753 434 3811 calidissimum
461 3749 640 3823 frigidissimo
677 3746 835 3817 misceatur,
851 3746 880 3800 lit
900 3744 1035 3817 tepidum,
1089 3748 1232 3819 utriusque
1246 3763 1331 3802 unum
1344 3746 1490 3818 acciperet,
1507 3763 1570 3803 esse
1583 3762 1640 3803 non
1653 3747 1761 3819 potuit⁹
1775 3748 1826 3803 list
1842 3758 1890 3805 et-

236 3860 327 3917 neque
341 3840 518 3910 calidissimo,
539 3854 631 3911 neque
654 3835 836 3910 frigidissimo
860 3842 1032 3891 remanente.
1090 3836 1163 3892 enim
1177 3835 1250 3909 iguis
1264 3836 1377 3903 calidus,
1392 3844 1462 3892 terra
1479 3834 1582 3910 irigida
1594 3844 1623 3892 et
1641 3837 1726 3895 sicco.
1742 3838 1799 3894 Nos
1819 3854 1892 3895 sero

240 3933 407 4007 donjonctio
417 3945 484 4003 ergo
493 3926 696 3985 contrariorum
706 3933 758 3993 est,
767 3925 875 3998 quaudo
887 3923 1037 3981 enduobua
1091 3924 1215 3983 dicimus.
1230 3926 1288 3981 Nec
1302 3925 1452 3982 secumdum
1464 3926 1536 3983 hanc
1549 3925 1670 3981 medium
1692 3925 1775 3983 [uim
1789 3942 1893 3984 neces.

237 4023 276 4079 iiss
290 4022 320 4078 fii
335 4036 448 4087 ulmum,
465 4018 537 4091 q⁰0d
547 4026 690 4089 otmmque
705 4022 841 4082 feminei.
858 4014 885 4069 id
900 4014 973 4086 <lu⁰d
989 4026 1038 4067 ΕΠ·
1091 4014 1205 4082 sarium,
1222 4029 1275 4071 cun
1289 4014 1317 4069 in
1332 4015 1424 4087 aliquo
1438 4015 1613 4081 conveniant,
1636 4015 1740 4072 seilicet
1762 4016 1790 4071 iu
1810 4016 1894 4073 sicci-

236 4120 283 4167 taa
296 4109 391 4174 luerat,
416 4107 491 4179 quod
509 4106 537 4160 iu
564 4104 709 4163 contrariis
732 4102 898 4159 habentibus
921 4113 1038 4173 agentes
1091 4111 1145 4159 tate
1159 4120 1210 4159 nec
1223 4119 1286 4159 esse
1300 4104 1397 4174 potuit.
1413 4105 1443 4160 Si
1461 4120 1550 4177 neque
1569 4104 1672 4177 aliquid
1696 4104 1750 4161 tale
1768 4106 1892 4163 medium

238 4194 392 4273 qualitates,
409 4196 467 4251 sine
482 4192 572 4248 madio
594 4209 657 4248 esse
680 4206 735 4247 non
756 4198 879 4261 possunt.
899 4189 971 4245 Sunt
985 4203 1038 4244 au·
1092 4200 1175 4260 esset,
1192 4192 1264 4265 quod
1275 4192 1308 4246 ab
1319 4202 1433 4266 utroque
1443 4193 1545 4265 aliquid
1556 4193 1702 4268 acciperet,
1714 4193 1803 4251 veleb
1818 4194 1892 4269 igne

237 4298 293 4345 tem
307 4293 421 4358 agentes
436 4282 588 4355 qualitates,
604 4282 692 4349 color,
707 4278 868 4353 frigiditas,
886 4277 920 4335 de
936 4294 992 4349 qua
1008 4294 1038 4334 re
1092 4281 1229 4355 acciperet
1242 4280 1373 4347 calorem,
1389 4290 1495 4337 eterra
1515 4279 1681 4349 siccitatem,
1705 4289 1733 4338 et
1753 4282 1793 4339 sic
1815 4283 1892 4339 idem

237 4378 381 4449 loquentes
391 4374 425 4430 de
435 4372 545 4429 bomine
558 4370 682 4427 dicemus
692 4368 761 4439 (lib.
774 4368 825 4441 ιι).
840 4368 869 4425 Si
880 4368 953 4424 enim
967 4384 1039 4425 unus
1053 4406 1077 4461 D
1093 4378 1167 4427 esset
1180 4371 1254 4443 quod
1269 4378 1339 4427 terra
1351 4386 1357 4425 ε
1370 4371 1413 4427 vel
1427 4371 1464 4426 ab
1478 4371 1542 4445 igne
1553 4371 1685 4440 calorem,
1697 4388 1714 4429 a
1725 4380 1801 4429 terra
1810 4372 1894 4445 frigi-

237 4465 319 4523 alteri
331 4469 485 4535 opponatur
500 4466 666 4533 repugnant,
686 4456 812 4514 dissolvit
832 4473 917 4513 uuum
939 4456 1013 4514 aliud
1030 4474 1037 4514 ι
1093 4459 1213 4529 ditatam,
1225 4461 1388 4532 praeterboc
1403 4468 1431 4517 ut
1445 4461 1553 4532 opinor,
1566 4460 1638 4517 nihil
1648 4468 1739 4533 potest
1753 4460 1891 4535 ceulingi,

1083 2247 1218 2288 nemcum
1243 2238 1315 2287 terra
1332 2228 1519 2303 frigiditatem,
1540 2246 1604 2287 cum
1612 2247 1674 2288 aere
1683 2232 1886 2302 humiditatem,

1084 2320 1156 2376 inter
1169 2319 1216 2376 illa
1231 2320 1290 2376 sola
1309 2334 1382 2393 aqua
1399 2319 1500 2392 frigida
1522 2327 1550 2376 et
1570 2320 1681 2377 humida
1699 2320 1808 2379 sufficit.
1834 2324 1889 2379 Sin

136 4622 139 4628 ¹
240 4560 347 4627 oportet
356 4567 423 4626 ergo
434 4559 463 4607 ut
473 4548 631 4619 subsistant,
644 4546 764 4603 medium
776 4562 856 4603 assa:
877 4538 949 4620 quod
959 4546 1039 4605 situle
1093 4550 1142 4605 aed
1156 4549 1325 4621 impossibile
1338 4558 1379 4606 est
1392 4549 1494 4622 aliquid
1507 4566 1569 4606 asse
1578 4549 1697 4606 calidum
1708 4559 1735 4606 et
1745 4549 1892 4623 [rigidum.

240 4643 322 4699 luerit
336 4641 410 4716 quod
423 4640 485 4711 plus
499 4639 600 4695 babeat
615 4653 645 4694 sc
660 4636 695 4693 ad
711 4652 794 4693 uuum
805 4652 887 4709 quam
902 4638 937 4693 ad
952 4636 1037 4708 aliud,

239 4730 371 4804 paulatim
393 4729 492 4785 transit
513 4728 544 4783 in
562 4726 635 4782 aliud
659 4726 694 4783 ad
717 4727 791 4797 quod
811 4726 873 4798 plus
892 4743 921 4782 se
943 4727 1036 4797 babet,

240 4826 268 4877 et
281 4819 311 4873 lit
324 4819 372 4875 illa
386 4816 551 4888 conjunctio,
564 4823 594 4872 ut
609 4814 635 4870 si
648 4814 718 4871 inter
737 4814 932 4872 calidissimum
948 4825 974 4872 et
988 4815 1038 4871 iri-

241 4908 415 4982 gidissimum
429 4905 529 4979 aliquid
545 4911 674 4977 ponatur,
685 4904 746 4975 plus
761 4904 864 4962 liabens
879 4922 909 4961 se
919 4906 954 4961 ad
969 4906 1036 4962 rali-

242 4998 316 5065 dum,
331 4994 430 5068 peribit
445 4994 584 5069 frigidum,
597 5002 623 5050 et
637 4992 803 5050 dissolvetur
813 4994 860 5049 illa
871 4994 1036 5065 coniunctio.

243 5086 307 5154 Sed,
325 5084 348 5141 si
362 5083 415 5141 tale
430 5082 513 5140 luerit
522 5082 652 5150 medium,
665 5083 739 5155 quod
749 5082 889 5156 equaliter
899 5084 997 5140 babeat
1007 5100 1037 5139 se

242 5175 349 5233 addua
369 5180 505 5242 extrema,
529 5188 584 5229 nou
604 5171 665 5243 plus
683 5172 821 5229 transiens
842 5172 870 5227 in
894 5173 1037 5229 materiam

241 5264 322 5320 unius
337 5280 417 5338 quam
431 5262 552 5328 alterius,
569 5261 787 5331 conjunctionem
811 5261 883 5318 illius
904 5261 1038 5317 observa-

241 5350 290 5409 bit.
304 5352 408 5409 Voleas
423 5368 489 5425 ergo
503 5351 631 5424 praedicta
646 5352 700 5407 duo
722 5351 859 5407 elementa
883 5365 938 5407 nou
958 5366 1038 5407 com-

245 5439 365 5509 misceri,
382 5442 430 5497 sed
441 5444 566 5514 jungere,
584 5450 613 5497 ut
627 5449 780 5513 utrumque,
796 5440 823 5495 id
839 5438 911 5512 quod
926 5448 976 5510 est,
994 5457 1038 5498 re·

242 5538 377 5601 maneret,
394 5531 513 5589 medium
527 5531 599 5590 inter
612 5530 660 5589 illa
674 5530 729 5587 duo
748 5529 861 5599 creavit,
882 5545 938 5586 nou
954 5547 1037 5587 uuum

1093 4637 1159 4694 Cum
1176 4639 1249 4695 euim
1264 4638 1319 4693 siat
1332 4638 1605 4712 elementaquatuor,
1616 4646 1644 4695 et
1653 4647 1768 4711 quatuor
1777 4638 1892 4697 illorum

1094 4726 1249 4802 qualitates,
1273 4727 1337 4783 inde
1359 4727 1429 4782 liunt
1456 4744 1505 4782 sex
1532 4727 1751 4799 complexiones,
1774 4743 1894 4801 quarum

1092 4825 1208 4890 quatuor
1222 4825 1284 4872 suut
1298 4817 1455 4889 possibiles,
1471 4815 1532 4873 date
1545 4816 1743 4889 impossibiles.
1758 4818 1827 4874 Sunt
1840 4834 1893 4873 au-

1092 4912 1148 4961 tem
1163 4914 1280 4977 quatuor
1293 4903 1452 4977 possibiles,
1463 4906 1588 4963 calidam
1598 4909 1753 4975 atriorum,
1765 4906 1894 4965 calidum

1092 5000 1122 5051 ct
1137 4995 1295 5061 humidum,
1321 4995 1460 5066 [rapidum
1482 4999 1510 5051 et
1536 4995 1695 5063 humidam,
1710 4996 1850 5071 [rigidam
1864 5002 1897 5055 ct

1092 5084 1209 5141 siccam.
1219 5084 1358 5140 Duaavero
1371 5083 1563 5154 impossibiles
1574 5093 1647 5153 sunt,
1660 5086 1787 5142 calidum
1797 5088 1826 5141 ct
1835 5087 1897 5157 [ιι-

1091 5173 1197 5246 pidatm,
1208 5171 1515 5230 tamitamataircom.
1523 5173 1658 5247 Duocrgo
1666 5173 1801 5229 elementa
1809 5175 1891 5231 Crea-

1092 5270 1135 5318 tor
1149 5262 1177 5317 in
1192 5261 1282 5319 madio
1293 5260 1393 5333 posuit,
1411 5262 1476 5335 quia
1488 5278 1573 5318 unum
1586 5262 1723 5334 predictis
1737 5262 1892 5319 rationibus

1091 5349 1120 5405 in
1134 5350 1224 5408 medio
1238 5349 1365 5408 sufficere
1379 5366 1434 5408 aon
1448 5351 1544 5423 potuit.
1552 5350 1758 5408 Elementorum
1773 5351 1833 5407 talis
1848 5360 1892 5409 est
1962 5411 1963 5414 ,

1092 5440 1244 5513 dispositio,
1266 5440 1340 5514 quod
1368 5438 1522 5497 interiorem
1552 5438 1642 5497 locum
1671 5440 1775 5497 obtinet
1802 5448 1888 5511 terra,

1092 5528 1190 5587 deinde
1201 5545 1282 5603 aqua,
1295 5536 1392 5602 postea
1406 5544 1468 5601 aer,
1482 5529 1607 5601 superior
1620 5537 1662 5587 eat
1674 5528 1757 5602 ignis
1769 5528 1799 5587 Si
1814 5528 1887 5586 enim
