3942 6067
116 285 170 343 llll
487 282 717 354 QUAESTIONES
735 285 780 340 tet
798 277 1066 339 RESPONSIONES
1085 283 1122 340 IN
1142 285 1404 342 suctusmsttttu
1722 290 1775 346 otu

115 415 160 468 est
177 417 254 467 terra
269 408 313 466 oui
334 416 451 482 praest,
471 410 519 482 qui
541 409 611 483 regit
633 425 692 467 eam
715 409 744 464 in
764 407 867 480 judicio
891 403 959 468 ειΑ
1009 403 1081 475 Quid
1092 413 1135 464 εει
1147 409 1221 482 quod
1232 410 1268 467 ait
1278 410 1406 468 Salomm
1414 412 1498 483 (uera.
1509 413 1537 484 6)
1552 429 1559 468 :
1575 415 1655 471 Mane
1664 416 1775 472 semino

118 499 257 572 aequitate,
274 506 301 555 et
315 497 414 555 exaltat
425 499 569 570 justitiam.
585 497 639 569 Qui
653 495 920 570 nantilliprincipes
973 510 1069 552 semen
1088 500 1180 566 tuum,
1204 503 1233 556 et
1251 516 1362 573 uespere
1385 517 1422 557 ree
1445 505 1538 559 cesset
1569 519 1672 561 monae
1702 503 1775 560 tuo?

114 589 207 661 quiin
224 597 347 660 tempore
369 604 418 644 suo
439 588 605 645 comedunt?
629 587 672 643 illi
695 587 740 662 qui
764 603 819 644 nen
839 586 920 641 luxu·
973 580 1041 650 Quis
1055 585 1128 641 enim
1142 603 1253 660 semper
1261 604 1342 645 mane
1357 597 1384 644 ct
1399 606 1515 662 vespere
1525 591 1665 648 seminare
1674 597 1773 664 potest,

113 677 231 747 riantur,
258 677 304 750 qui
328 692 383 733 non
408 684 501 732 amant
521 677 600 748 hujus
623 677 717 734 εεεειι
741 675 917 746 voluptatem,
973 674 1090 731 maxime
1113 691 1175 734 oum
1195 675 1308 750 glaciali
1326 685 1449 750 tempore
1469 679 1560 735 nullus
1580 680 1680 736 audeat
1698 681 1776 738 aemi·

113 766 231 838 quinon
247 767 341 824 vivunt
364 771 393 822 in
417 766 531 837 crapula
555 775 584 824 at
611 765 758 832 ebrietate,
775 765 824 820 sed
843 763 919 822 cibos
971 766 1063 819 nare?

113 862 238 927 qraerunt
252 862 356 909 tantum
382 853 416 910 ad
440 854 564 926 corporis
585 853 820 910 sustentationem.
836 853 917 910 ideo·
1006 852 1105 909 Semen
1115 854 1144 909 in
1158 855 1211 912 boe
1222 855 1283 913 loco
1293 871 1348 913 non
1358 863 1400 912 est
1412 856 1619 932 intelligendum
1632 857 1771 926 frumenti,

114 959 170 1014 que
186 943 269 1000 beata
280 951 351 1000 terra
366 959 427 1016 quae
440 942 509 999 tales
523 943 604 999 babet
618 943 766 1015 principes,
778 942 842 1014 quia
855 955 917 1000 aum
970 939 1014 996 vel
1033 941 1147 998 alterius
1159 942 1304 1013 cujuslibet
1318 945 1441 1018 generis,
1457 946 1506 1001 sed
1522 961 1619 1003 semen
1632 947 1697 1002 boni
1712 961 1775 1018 ope·

110 1031 245 1101 justitiam
278 1040 303 1088 et
335 1031 492 1104 aequitatem
523 1031 658 1105 diligunt,
682 1047 738 1088 non
759 1037 917 1103 pervertunt
969 1029 1017 1097 ris,
1032 1045 1066 1086 ex
1079 1047 1133 1104 que
1147 1033 1269 1088 nascitur
1283 1032 1386 1090 iromus
1397 1033 1557 1104 justitiae,et
1577 1051 1684 1091 merces
1699 1043 1772 1091 mter.

109 1119 254 1190 justitiam.
969 1131 1012 1174 nte
1027 1120 1222 1177 retributionis.
1249 1121 1321 1190 Quid
1335 1136 1404 1195 ergo
1418 1122 1499 1179 docet
1513 1138 1574 1179 cum
1588 1122 1654 1180 dicit
1669 1141 1676 1177 :
1693 1123 1772 1179 blane

969 1217 1772 1282 Μ

146 1402 220 1472 Quid
243 1409 285 1458 est
307 1401 381 1474 qnod
395 1401 433 1457 ait
444 1400 528 1472 (uere.
545 1405 572 1472 ι)
590 1417 596 1458 :
614 1405 654 1460 tto
677 1409 773 1477 portes
797 1412 912 1478 septem,
967 1400 1123 1454 cessemus,
1143 1394 1172 1443 et
1190 1395 1313 1444 nostram
1337 1387 1498 1444 matutinam
1519 1386 1624 1445 seilicet
1640 1389 1771 1457 justitiam

110 1507 224 1548 mmm
238 1497 267 1548 α
281 1491 364 1548 0⁶10?
387 1489 455 1560 Quae
477 1499 541 1547 gun,
562 1491 620 1548 Μ
642 1501 734 1565 parpes
759 1502 864 1566 septem
887 1503 914 1550 02
967 1489 1065 1545 vesper
1078 1474 1216 1544 inveniat,
1240 1485 1267 1533 et
1284 1477 1470 1548 vespertinam
1489 1476 1707 1533 misericordiam
1726 1476 1772 1530 ite

110 1580 198 1636 0020?
966 1577 1026 1618 rum
1041 1563 1082 1619 sol
1096 1572 1172 1620 ortus
1186 1565 1348 1622 accumulet.
1373 1568 1405 1620 ln
1427 1564 1612 1623 adolescentia
1624 1564 1726 1636 pariter
1744 1569 1773 1619 et

147 1670 198 1724 pe,
218 1669 403 1740 septenarium
426 1685 570 1726 „umerum
592 1670 752 1744 designatur
768 1673 849 1730 pem,
863 1673 913 1730 Te,
966 1659 1105 1709 senectute
1128 1653 1257 1710 virtutum
1278 1653 1358 1726 copia
1370 1669 1423 1709 nos
1437 1669 1546 1726 semper
1560 1654 1618 1711 Deo
1631 1667 1771 1709 commen·

108 1762 295 1823 mengum,
329 1765 439 1830 propte,-
461 1759 621 1830 Sabbaqum'
646 1758 692 1832 qui
716 1768 758 1816 esp
781 1761 910 1833 septimus
925 1760 951 1822 B
966 1740 1022 1796 det.
1039 1742 1243 1800 donaremino
1256 1746 1497 1808 remeatremeat
1513 1746 1771 1814 respereoecerret

107 1843 169 1900 ,fies
181 1844 366 1902 sancqfiffiffl,
381 1845 408 1900 51,
423 1846 495 1919 1033,
520 1849 571 1904 pe,
593 1848 761 1906 ommatium
775 1865 844 1906 wo
859 1867 912 1905 nu,
966 1844 1070 1886 merrus
1086 1835 1152 1899 tua,
1177 1831 1230 1889 hoc
1245 1839 1301 1900 est,
1325 1831 1354 1888 in
1378 1831 1457 1887 bonis
1472 1830 1599 1906 operibus
1623 1845 1732 1903 semper
1744 1837 1771 1886 te

108 1947 216 1988 mamm
243 1933 405 2006 designatur
426 1934 533 1992 Novum
558 1937 778 2004 Testamentum,
803 1945 914 2010 propter
969 1931 1079 1975 effice·

107 2020 184 2078 diem
197 2021 381 2088 Dominieum,
396 2022 441 2094 qui
459 2031 501 2080 est
515 2031 628 2081 octavus
647 2025 717 2096 dies,
740 2026 849 2082 Domini
865 2043 913 2083 re·
1264 2044 1381 2101 cqpnp
1399 2045 1461 2100 xp,

107 2109 279 2166 surrectione
297 2117 436 2166 sacratus.
461 2110 607 2181 Quomodo
621 2129 690 2186 ergo
705 2115 912 2188 intelligendum

108 2197 240 2270 estquod
254 2198 291 2254 cit
308 2216 316 2253 :
331 2199 371 2253 lta
393 2207 487 2270 partes
506 2209 626 2272 septem,
651 2217 758 2258 necnon
781 2211 807 2259 et
831 2211 911 2272 oeto;
1003 2199 1073 2268 Quid
1088 2208 1130 2257 εει
1145 2200 1218 2274 quod
1232 2206 1270 2257 att
1282 2202 1365 2273 (ocra
1383 2204 1410 2273 5)
1427 2219 1434 2258 :
1451 2204 1572 2260 florebit
1591 2202 1769 2275 umyqdntur,

107 2287 161 2342 hoc
186 2286 284 2353 modo,
309 2287 415 2354 idest,
439 2295 586 2360 utrumque
610 2290 814 2347 Testamentum
829 2293 914 2349 Vetus
966 2288 1194 2360 impinquabitur
1215 2291 1335 2358 locusta,
1360 2296 1389 2347 ct
1411 2290 1601 2367 dissipabitur
1614 2290 1771 2364 capparis?

107 2374 217 2431 seilicet
231 2383 258 2431 ct
273 2375 399 2444 Novum,
423 2376 484 2446 pari
509 2378 684 2437 veneratione
709 2380 866 2451 suscipere,
887 2388 914 2437 et
966 2375 1039 2444 Quid
1053 2376 1125 2432 enim
1140 2378 1192 2434 lroe
1211 2377 1312 2448 proluit
1327 2378 1440 2446 dicere,
1461 2394 1525 2435 cnm
1546 2379 1637 2436 nullus
1659 2379 1770 2452 ignoret

108 2471 248 2535 praecepta
261 2463 322 2534 ejus
336 2464 483 2538 diligenter
497 2466 621 2538 implere.
968 2462 1031 2534 quia
1045 2465 1206 2536 amygdalus
1224 2465 1324 2522 llorere
1340 2465 1421 2533 solet,
1435 2467 1601 2540 impinguari
1616 2468 1732 2535 locusta,
1744 2474 1771 2523 ει

142 2551 217 2622 Quid
232 2552 360 2626 estquod
374 2553 412 2609 ait
427 2555 511 2624 (uera.
527 2555 555 2626 3)
572 2574 578 2610 :
595 2557 625 2614 Si
639 2557 774 2614 reciderit
802 2560 914 2630 liqnum
967 2550 1094 2621 dissipari
1109 2553 1264 2622 capparis?

105 2643 142 2698 nd
158 2644 304 2708 nostram,
319 2643 605 2716 earnemcarnem,
622 2648 654 2702 aa
669 2661 833 2720 quocunqne
855 2649 913 2705 1000
1003 2640 1069 2696 Haec
1083 2641 1218 2697 sententia
1232 2640 1413 2708 spiritualiter
1428 2650 1469 2698 est
1483 2641 1670 2714 intelligenda,
1682 2650 1771 2699 etma-

106 2723 306 2791 recurritur·
321 2725 381 2780 aret
393 2724 407 2777 r
421 2725 549 2798 uunquid
562 2726 669 2800 tignum
680 2728 753 2800 quod
763 2729 835 2784 matr
849 2745 915 2786 eon·
966 2739 1052 2797 auum
1067 2724 1094 2778 in
1109 2740 1139 2779 se
1154 2724 1274 2781 continet
1289 2726 1462 2796 mysterium,
1478 2742 1541 2782 nrm
1564 2743 1615 2798 rer
1638 2728 1770 2802 sevada-

107 2820 148 2868 tra
161 2813 318 2885 aquilonem
334 2820 380 2868 aut
395 2814 545 2883 meridien,
569 2815 607 2872 ibi
631 2817 703 2873 erit?
726 2819 824 2874 Nonne
839 2835 913 2892 aaepe
966 2810 1022 2867 tum
1037 2812 1199 2886 designatur
1214 2814 1347 2870 Dominus
1362 2823 1458 2871 noster
1468 2817 1549 2872 lesus
1563 2816 1696 2885 Christus,
1708 2817 1771 2890 quia

104 2907 236 2958 moretur
249 2901 278 2957 in
292 2901 360 2958 alias
374 2903 469 2958 mundi
485 2906 601 2974 partes‘l
967 2899 1037 2956 sicut
1051 2917 1105 2956 nur
1120 2901 1260 2974 amygdali
1275 2910 1382 2959 constat
1397 2919 1430 2958 ex
1443 2904 1562 2971 cortice,
1583 2919 1648 2961 osse
1669 2913 1698 2961 et
1719 2921 1770 2961 no·

138 2989 215 3046 Nulli
231 2991 284 3047 hoe
307 2990 419 3046 dubium
444 2999 495 3047 est.
521 2994 575 3050 Sed
596 2995 654 3050 herc
679 2994 816 3051 sententia
831 2996 912 3068 spiri·
967 2988 1037 3058 cleo,
1052 2991 1182 3062 quoniam
1195 3007 1286 3062 peres
1301 2992 1437 3066 amygdali
1452 2992 1611 3066 designatur
1624 2993 1768 3065 divinitas;

103 3078 214 3136 tualiter
240 3079 322 3137 debet
342 3080 466 3154 intelligi.
493 3083 546 3138 Per
567 3082 672 3155 lignum
687 3085 768 3140 horno
783 3085 947 3180 designa-C
966 3093 1015 3150 per
1030 3078 1178 3148 locustam,
1196 3080 1312 3152 populus
1327 3081 1456 3153 gentilis3
1473 3097 1523 3152 per
1536 3082 1688 3154 caqrparim,
1717 3097 1769 3153 po-

102 3177 147 3223 tur
162 3167 294 3240 quoniam
317 3169 504 3242 unusquisque
523 3171 601 3243 quasi
620 3171 725 3245 lignum
740 3180 781 3228 εει
795 3173 823 3227 in
838 3173 908 3230 silva
962 3166 1045 3238 putus
1065 3167 1206 3225 iudaicus.
1227 3168 1372 3238 Quomodo
1386 3169 1563 3244 intelligenda
1577 3178 1620 3226 est
1632 3172 1692 3227 haec
1711 3187 1769 3226 sen·

101 3255 216 3328 generis
247 3257 368 3314 humani.
395 3259 448 3314 Per
462 3259 631 3331 aquilonem,
656 3261 702 3328 qui
726 3267 767 3316 est
790 3260 907 3334 frigidus
962 3256 1063 3312 tentia?
1084 3256 1205 3315 Florebit
1227 3257 1408 3331 amygdalus,
1433 3257 1461 3314 id
1485 3267 1527 3315 εει
1547 3268 1676 3315 nascetur
1692 3259 1769 3315 Citri-

100 3355 211 3412 santus,
228 3345 498 3420 designaturinlerni
510 3349 682 3420 supplicium,
694 3357 720 3404 ει
735 3357 777 3406 εει
791 3365 904 3406 sensus:
961 3351 1028 3413 stus,
1051 3353 1078 3400 et
1101 3345 1258 3402 coruscabit
1277 3346 1426 3403 miraculis·
1453 3346 1667 3420 impinguabitur
1689 3347 1768 3404 lucu·

101 3435 267 3507 Ubicunque
282 3435 364 3492 horno
378 3435 535 3494 sibilorum
550 3445 577 3493 et
590 3437 708 3495 laturam
728 3437 823 3494 sedem
838 3455 907 3510 prae-
960 3440 1010 3499 sta,
1027 3432 1055 3487 id
1070 3441 1111 3491 cst
1126 3435 1221 3491 crcdct
1235 3435 1346 3506 gentilis
1360 3435 1487 3506 populus,
1504 3443 1531 3491 ct
1545 3435 1696 3508 replebitur
1718 3437 1769 3494 bc·

100 3523 257 3596 paraverit,
275 3524 312 3582 ibi
326 3525 378 3581 erit
390 3541 452 3582 curn
467 3533 591 3582 mortuus
613 3525 708 3594 luerit,
728 3528 781 3584 boc
804 3535 861 3595 est,
879 3541 907 3595 si
960 3517 1003 3571 ¹¹¹³
1021 3517 1218 3589 spiritualibus·
1235 3519 1419 3590 Dissipabitur
1433 3519 1575 3592 capparis,
1592 3522 1644 3578 b00
1657 3528 1701 3577 0⁸¹
1719 3537 1767 3594 pe·

101 3607 172 3664 bene
189 3607 307 3664 virendo
321 3606 372 3664 sibi
386 3607 475 3665 locum
490 3609 685 3681 praeparaverit
708 3610 743 3666 ad
767 3620 902 3676 austrum,
960 3606 1024 3661 ribit
1037 3606 1168 3663 Iudaicus
1183 3608 1300 3679 populus
1312 3617 1426 3681 propter
1440 3608 1639 3665 infidelitatem.

101 3710 163 3751 cum
179 3695 325 3763 ceciderit,
341 3696 368 3752 id
383 3704 498 3754 osteum
513 3707 633 3754 mortuus
648 3697 736 3766 luerit,
759 3699 787 3754 in
811 3700 904 3772 requie
995 3693 1086 3763 Quare
1100 3696 1182 3752 verba
1197 3697 1360 3766 sapientium
1375 3697 1493 3752 stimulis
1510 3705 1537 3754 et
1552 3697 1636 3754 clavis
1656 3697 1767 3754 assimi-

99 3784 224 3856 paradisi
240 3794 267 3842 et
281 3785 369 3858 gloria
385 3785 464 3858 regni
479 3785 776 3858 eoelestispurmanebit
790 3787 818 3844 in
832 3797 904 3846 aeter·
958 3782 1067 3839 lcsstut‘?
1086 3784 1127 3841 sic
1148 3783 1221 3840 cuim
1245 3782 1311 3841 dicit
1330 3784 1460 3842 Salomon
1478 3787 1562 3856 (vrrs.
1591 3787 1636 3856 ll)
1658 3802 1664 3841 τ
1684 3789 1768 3844 Verbo

99 3889 165 3928 num
178 3892 187 3942 ;
203 3873 247 3929 sin
262 3873 334 3930 male
349 3873 467 3930 vivendo
482 3874 534 3930 sibi
548 3874 639 3932 locum
658 3876 693 3931 ad
706 3876 819 3934 boream
834 3894 906 3950 prae-
958 3873 1135 3944 sopientt'um
1154 3874 1231 3928 sieut
1252 3873 1376 3944 stimuli,
1391 3878 1420 3930 et
1435 3876 1518 3947 quast
1536 3875 1611 3930 olori
1623 3875 1656 3929 tn
1670 3876 1765 3932 altum

99 3963 256 4032 paraverit,
275 3961 375 4019 inferni
396 3978 493 4035 poerras
514 3963 541 4019 in
560 3964 659 4023 sarcula
680 3966 842 4022 secutorum
858 3968 906 4023 ba·
959 3960 1071 4031 defiat?

100 4051 187 4108 bebit.
993 4049 1142 4120 Aptissima
1173 4049 1257 4107 verba
1289 4049 1468 4122 sapientium,
1491 4049 1609 4106 stimulis
1628 4057 1655 4106 et
1678 4049 1765 4108 clavis

135 4139 210 4208 Quid
225 4140 354 4214 estquod
368 4139 405 4197 ait
419 4141 501 4213 (uere.
519 4143 562 4212 t):
581 4144 633 4214 Qui
646 4145 774 4202 observet
786 4148 902 4202 centnm
958 4146 1159 4210 comparantur,
1174 4139 1238 4212 quia
1252 4149 1427 4213 peccatorum
1448 4139 1543 4211 culpas
1561 4139 1687 4198 nesciunt
1706 4141 1763 4212 pal·

98 4233 132 4284 ut
146 4231 380 4298 marmistensi
389 4231 604 4303 quiconsiderot
614 4233 700 4290 nubes
711 4237 743 4290 ut
753 4251 902 4307 rrunquom
958 4242 1034 4298 pare,
1049 4227 1098 4284 scd
1112 4243 1247 4302 pungere·
1275 4228 1331 4297 Qui
1345 4228 1419 4284 essim
1434 4237 1498 4285 Sttsst
1510 4229 1646 4285 Vttttssitct
1660 4229 1767 4301 sapien·

102 4317 220 4374 metnt?
235 4315 302 4386 Quis
316 4325 358 4374 est
372 4318 445 4374 enim
456 4319 626 4386 lamstoltus,
636 4321 682 4392 qui
692 4323 903 4394 semparobser·
957 4322 1008 4380 tes,
1024 4330 1118 4374 eorum
1133 4317 1228 4389 procul
1243 4317 1327 4375 dubio
1340 4318 1424 4374 rerba
1437 4317 1508 4374 olari
1523 4325 1592 4374 sunt
1609 4324 1635 4374 et
1651 4319 1765 4386 stimuli,

97 4413 142 4461 vet
166 4413 278 4462 rentum
292 4413 388 4464 utnon
405 4407 535 4476 sentinet,
551 4416 577 4466 et
591 4409 747 4468 consideret
767 4412 856 4468 nubes
873 4418 901 4468 ut
957 4404 1003 4476 qui
1017 4413 1176 4475 peccatores
1191 4421 1247 4461 non
1261 4406 1455 4462 blandimentis
1470 4406 1577 4474 invent,
1594 4404 1644 4462 sed
1663 4422 1765 4479 aspera

96 4509 239 4567 nunquam
254 4498 364 4552 metat‘.t
915 4470 1144 4566 Dincrepatione
1168 4495 1353 4568 redarguunt,
1381 4503 1408 4551 ει
1428 4502 1554 4552 secretas
1578 4510 1676 4551 eorum
1697 4512 1766 4553 eon·

132 4583 199 4640 liae
216 4585 379 4640 sententiam
388 4585 564 4658 spiritualiter
577 4594 617 4642 est
632 4587 819 4662 intelligenda.
830 4591 899 4646 Nam
958 4582 1085 4639 Sciesslitt
1098 4583 1176 4656 ‘tutti
1190 4583 1395 4658 puniendum
1411 4583 1530 4640 lambuit
1544 4591 1572 4640 et
1587 4584 1624 4639 td
1639 4583 1764 4640 ¹³b⁰ttttt

100 4688 151 4744 per
167 4679 279 4727 rentum
294 4677 321 4728 et
336 4674 424 4731 nubes
438 4690 512 4746 saepe
528 4681 701 4748 tempestates
720 4678 845 4748 generari
860 4695 903 4736 so·
956 4671 1074 4727 cttittnt
1088 4678 1117 4726 tit
1131 4671 1315 4742 corrigantur·

98 4757 169 4816 lent.
198 4758 380 4818 Perventum
403 4762 563 4837 designatur
578 4763 717 4833 diabolus,
741 4782 790 4836 per
812 4767 900 4824 nubes
992 4759 1065 4828 Quid
1076 4767 1119 4816 cst
1131 4760 1205 4831 tiu⁰d
1219 4761 1257 4816 tit
1271 4759 1382 4832 (ibid.):
1402 4761 1468 4830 titt&
1489 4776 1542 4833 per
1559 4762 1764 4833 mupiatroruor

96 4849 243 4920 praesentis
260 4851 557 4908 masticaverimus.
574 4851 734 4926 Quicunque
748 4854 825 4910 timet
838 4855 899 4911 dia·
955 4847 1108 4906 consitium
1123 4849 1194 4906 datu
1209 4855 1279 4906 runt
1297 4869 1316 4906 a
1330 4856 1443 4923 pastore
1467 4857 1549 4907 unci
1572 4850 1626 4919 Qui
1640 4858 1704 4906 sunt
1725 4850 1764 4917 illi

97 4937 152 4994 boli
175 4939 416 5010 persecutionem,
436 4950 483 4996 aut
507 4939 601 4996 mundi
623 4942 820 5012 adversitates,
843 4960 898 5000 non
954 4936 1106 5010 meaturi.
1128 4955 1178 5009 per
1201 4954 1318 5010 quorum
1338 4937 1485 4996 eonsilium
1505 4939 1572 4994 data
1592 4945 1658 4995 sunt
1681 4939 1762 4995 verba

96 5027 225 5092 seminet,
242 5027 269 5082 id
285 5035 327 5084 cst
341 5028 453 5086 verbum
468 5029 518 5085 Dei
532 5043 587 5088 non
602 5030 741 5101 praedicet,
760 5047 814 5089 non
829 5049 898 5104 ope·
954 5027 1136 5098 sapientium?
1150 5035 1196 5082 aut
1210 5028 1270 5100 quia
1286 5036 1328 5084 est
1342 5028 1388 5084 ille
1403 5044 1472 5084 untes
1486 5034 1581 5099 pastor
1595 5045 1611 5082 a
1625 5043 1680 5100 quo
1694 5028 1760 5083 data

96 5125 169 5172 ratur
183 5116 257 5172 buna
272 5132 333 5189 quae
347 5117 433 5188 possit
450 5136 456 5172 ε
472 5134 613 5191 nunquam
630 5119 708 5176 etiarn
723 5129 816 5188 metet,
825 5122 897 5194 quia,
955 5118 1042 5172 sunt‘?

98 5199 149 5256 etsi
177 5200 272 5274 aliqua
287 5200 361 5258 bona
378 5202 502 5270 inchoat,
524 5203 558 5259 ad
578 5201 774 5276 perlectionem
793 5222 824 5262 ea
844 5223 898 5262 non
988 5203 1111 5277 Magistri
1126 5212 1187 5261 sunt
1201 5206 1290 5264 sancti
1310 5207 1453 5279 prophetae
1466 5213 1493 5264 et
1512 5203 1643 5276 apostoli.
1664 5204 1761 5261 Pastor

94 5289 232 5358 perducit.
255 5289 326 5360 Quid
339 5306 406 5366 ergo
420 5292 557 5364 agendum
571 5293 636 5348 est?
659 5293 722 5350 Sine
737 5295 914 5352 considera·
952 5311 1024 5350 unus
1041 5302 1083 5352 est
1097 5295 1185 5361 Deus,
1211 5312 1227 5350 a
1250 5311 1304 5367 qno
1322 5297 1387 5352 data
1408 5303 1471 5351 sunt
1494 5292 1587 5350 omnia
1605 5291 1693 5349 rerba
1712 5309 1760 5349 sc-

94 5378 165 5434 tione
195 5378 310 5434 nubium
334 5388 361 5436 et
388 5380 485 5436 timore
500 5390 658 5451 ventorum,
674 5383 702 5438 in
717 5383 814 5438 mediis
833 5392 898 5440 tem·
952 5383 1094 5456 pientiam,
1111 5384 1175 5455 quia
1190 5383 1250 5455 ipse
1264 5383 1355 5441 docuit
1370 5381 1572 5457 magistrosid
1586 5390 1628 5438 ast
1638 5383 1759 5454 prophe·

97 5475 237 5538 pestutum
261 5468 394 5525 seminare
408 5469 551 5540 debemus,
568 5471 594 5526 id
611 5480 652 5527 est
668 5472 695 5526 in
709 5471 834 5528 omnibus
850 5473 899 5529 ad·
952 5481 995 5528 tas
1009 5480 1035 5530 et
1049 5473 1199 5544 apostolos,
1216 5478 1243 5530 et
1255 5473 1383 5528 instruxit
1401 5487 1495 5528 eorum
1511 5470 1669 5538 consilium,
1685 5489 1757 5544 quo·

93 5556 271 5614 versitatibus
292 5558 408 5614 verbum
428 5558 484 5616 Dei¹
506 5559 667 5632 praedicare,
691 5568 717 5617 et
742 5560 811 5619 bena
834 5579 896 5636 quae
952 5561 1025 5616 niam
1039 5561 1101 5634 ipse
1114 5561 1189 5617 dedit
1203 5561 1289 5618 verba
1304 5562 1330 5616 in
1346 5561 1429 5618 corde
1444 5568 1472 5616 et
1486 5576 1537 5617 ore
1551 5560 1686 5633 ipsorum.

92 5644 228 5712 ualemus,
245 5660 297 5704 nos
310 5662 392 5720 agere
406 5663 516 5722 semper
531 5655 651 5722 oportet.
988 5649 1061 5720 Quid
1081 5657 1123 5707 est
1143 5649 1217 5722 quod
1233 5649 1417 5708 Ecclesiastas
1433 5649 1461 5706 in
1479 5649 1533 5708 line
1551 5649 1614 5707 libri
1633 5650 1676 5708 sui
1692 5649 1758 5706 dicit
