3942 6067
110 301 117 309 .
141 274 211 333 mg
425 284 428 291 ·
495 272 681 332 sanctitur!
698 270 884 331 ECCLESlAE.
905 298 939 309 —
958 264 1006 323 bu
1027 268 1057 323 S.
1082 268 1240 327 aternio
1259 269 1449 329 briscono.
1732 278 1801 335 tuae

139 406 218 456 rante
240 397 359 454 diacono
381 395 447 466 quid
470 395 678 470 significaverit,
695 398 843 455 llartinum
854 396 945 451 Turo-
959 391 988 453 Α
1002 388 1045 447 ad'
1063 393 1175 451 lluvium
1202 404 1231 451 ut
1258 396 1424 452 simulachra
1457 395 1530 471 flgit,
1560 397 1723 469 prenitentes
1737 418 1801 457 vero

140 502 256 545 ucnsem
271 482 419 557 praesulem
432 484 468 540 de
480 486 535 543 bac
548 487 604 543 rita
618 488 756 561 migrasse
767 484 859 541 retulit
869 490 951 556 atquo
1004 482 1120 539 transire
1135 483 1169 550 (ιο
1183 484 1235 541 idi
1250 485 1290 555 ιιι)
1305 485 1441 557 permittit
1454 503 1461 551 ;
1476 486 1522 557 qui
1538 486 1652 543 arbores
1666 487 1802 547 damoni-

142 577 264 633 animam
277 573 354 630 illius
370 573 470 631 choros
481 575 645 649 angelorum
656 575 815 647 excepisse,
832 573 882 629 sed
895 580 951 628 tur·
1003 570 1054 626 bus
1068 571 1173 629 dicatas
1188 574 1316 641 succidit,
1332 574 1462 631 cadentes
1484 574 1587 631 illaesus
1609 577 1723 648 excipit,
1739 594 1805 634 uru-

138 666 204 723 bam
218 666 374 721 daemonum
385 662 543 720 occurrisse
558 672 587 719 et
600 663 687 721 nichil
706 678 785 720 auom
799 660 949 727 invenisse,
1005 658 1083 715 braru
1097 660 1212 717 latronis
1226 661 1311 719 occisi
1326 663 1470 736 conspicit,
1486 665 1572 721 verba
1586 664 1724 738 loquentis
1738 683 1803 740 per-

139 753 270 814 coniusoa
297 751 453 809 abcessisse
479 760 508 807 et
533 752 597 809 ideo
624 752 766 810 coelestem
801 749 949 809 exercitum
1003 748 1069 821 cipit
1091 764 1169 807 aram
1193 751 1251 820 eius
1266 750 1313 823 (i)
1329 752 1433 826 aliaque
1454 752 1568 809 delubra
1595 754 1724 821 destruit;
1755 756 1804 813 aed

137 843 313 902 laudisonum
327 856 440 913 ymnum
454 847 535 897 muta
549 840 716 899 exultatione
736 838 945 911 concrepuisse.
1004 838 1087 893 turba
1096 853 1269 912 paganorunt
1288 854 1349 897 cnm
1364 840 1460 899 iuuere
1470 842 1553 910 sistit,
1564 850 1592 899 et
1608 844 1705 900 iterum
1726 845 1803 902 abira

137 934 208 1000 ileu,
223 929 371 997 karissimi,
388 929 453 1002 quid
468 928 515 988 liet
528 930 563 987 de
576 930 658 987 nobis
684 930 798 987 miseris
821 925 950 985 omnibus
1006 927 1154 999 permittit;
1171 928 1276 985 turbam
1292 944 1390 987 cauum
1405 928 1480 1004 tigit,
1497 931 1669 1003 lepusculum
1683 948 1698 989 a
1711 934 1804 991 denti-

137 1019 253 1094 tlagiciis
267 1018 410 1087 involutis,
421 1020 446 1075 si
461 1019 540 1075 turba
553 1020 710 1077 daemonum
723 1018 950 1075 llartiuooccur·
1006 1015 1057 1071 bus
1071 1030 1166 1073 eorum
1180 1016 1277 1089 eripit;
1293 1018 1340 1090 qui
1354 1034 1499 1091 percussos
1522 1036 1538 1075 a
1561 1022 1736 1093 serpentibus
1749 1023 1802 1081 de-

146 1111 181 1166 rit
193 1108 242 1183 qui
254 1108 383 1167 omnibus
404 1107 551 1165 virtutibus
576 1108 692 1165 floruit?
715 1108 765 1165 llic
778 1107 875 1163 beatus
889 1120 948 1163 coe-
1003 1104 1084 1176 pulso
1098 1120 1205 1163 veneno
1219 1116 1312 1173 aauet;
1328 1109 1466 1182 prestigia
1478 1110 1654 1183 deceptorum
1664 1112 1800 1183 declarat,
1868 1160 1871 1167 .

145 1198 225 1256 lestia
239 1207 336 1270 patena
349 1197 431 1254 etiam
454 1196 558 1256 barem
582 1198 709 1270 apparuit
724 1196 771 1270 qui
783 1196 843 1266 ejus
858 1196 947 1251 Vitam
1004 1193 1049 1267 qui
1063 1193 1220 1252 incendium
1247 1196 1319 1254 circa
1346 1213 1376 1253 se
1404 1198 1550 1272 extinguit,
1578 1199 1690 1257 infautia
1717 1202 1801 1259 trium

143 1289 200 1359 jam
214 1287 318 1359 scripto
331 1285 426 1343 edidit.
1003 1282 1109 1339 dierum
1137 1284 1258 1357 linguam
1287 1285 1321 1343 ed
1349 1285 1516 1360 loquendum
1542 1290 1648 1361 aperit,
1673 1290 1701 1346 iu
1725 1293 1803 1363 cujus
1864 1340 1867 1347 .

178 1376 247 1434 Erat
261 1383 352 1432 summ
365 1374 426 1431 dias
436 1374 578 1431 Dominica
594 1375 749 1450 mundone
759 1388 872 1431 carcere
886 1387 948 1429 cor-
1002 1370 1113 1429 nomine
1129 1374 1208 1430 canis
1223 1372 1377 1446 importune
1397 1375 1500 1432 latrans
1522 1377 1667 1445 obmutuit,
1684 1387 1711 1436 et
1723 1382 1802 1451 cujus

143 1465 221 1538 poris
240 1480 274 1523 ac
293 1462 388 1520 mundi
411 1463 507 1521 exieus
527 1464 587 1521 omli
609 1464 666 1520 alta
688 1462 806 1520 intrabat
828 1460 946 1532 palacia.
1002 1468 1136 1533 stramen,
1160 1462 1277 1519 obsesso
1298 1463 1401 1521 homini
1426 1481 1443 1521 a
1466 1466 1630 1523 monialibus
1648 1468 1801 1543 alligatum,

145 1555 212 1626 lpaa
226 1554 272 1610 die
286 1553 450 1609 Ambrosius
464 1551 676 1609 llediolanenais
687 1552 842 1623 episcopua,
856 1550 949 1607 omni-
1002 1544 1167 1605 daemonium
1182 1546 1301 1615 expulit,
1318 1548 1364 1621 qui
1380 1558 1535 1621 serpentem
1545 1550 1656 1609 fluvium
1671 1554 1799 1623 transire,

146 1642 199 1698 bus
211 1640 345 1699 Ecclesiis
372 1656 423 1712 pro
452 1642 598 1697 sanctitate
626 1649 652 1696 at
677 1639 805 1698 affluente
826 1638 948 1697 doctrina
1001 1650 1113 1709 mergos
1130 1652 1196 1695 vcro
1209 1636 1237 1693 in
1251 1637 1394 1695 desertum
1413 1638 1448 1695 de
1471 1639 1554 1696 liuvio
1577 1640 1619 1698 ire
1637 1642 1720 1711 jussit
1732 1661 1741 1711 ς
1754 1644 1802 1719 qui

145 1730 353 1796 memorandus,
368 1729 451 1785 astitit
464 1728 543 1785 altari
556 1729 703 1787 misaamm
721 1728 855 1785 solemnia
868 1726 945 1785 cele·
960 1754 988 1817 B
1002 1723 1106 1781 obitum
1119 1741 1198 1781 suum
1213 1724 1297 1799 longe
1320 1727 1463 1799 predixit,
1484 1728 1674 1787 discordantes
1697 1733 1726 1789 iu
1747 1748 1801 1805 pa-

137 1819 273 1877 braturua.
290 1817 344 1888 Qui
365 1817 500 1889 aspiritu
520 1826 617 1876 sancto
630 1818 747 1890 rapitur,
762 1818 798 1873 ad
811 1816 947 1891 sepelien-
1002 1826 1064 1871 cem
1077 1814 1202 1881 sedenim
1217 1814 1262 1871 cui
1275 1814 1386 1873 obeunti
1400 1816 1511 1890 agmina
1525 1820 1688 1893 angelorum
1703 1838 1802 1883 occur·

139 1909 206 1965 duru
224 1922 326 1980 corpus
339 1906 449 1963 Martini
472 1907 591 1964 Turonis
611 1907 742 1964 delectur.
756 1906 818 1977 Quo
834 1906 940 1979 sepulto
1001 1910 1075 1970 runt,
1090 1902 1167 1960 cbori
1180 1911 1340 1961 sauctorum
1353 1904 1530 1963 concentibus
1554 1910 1736 1982 applaudunt,
1750 1928 1801 1971 va·

138 1997 175 2054 ad
189 2012 221 2053 se
234 1996 326 2069 ipsum
340 1995 436 2063 rediit;
451 1995 580 2054 omnibus
600 1995 762 2052 mirantibus
785 2011 818 2053 ac
838 1995 940 2052 merito
996 1991 1080 2047 nicnti
1094 1991 1157 2049 coeli
1170 2000 1325 2064 patescunt,
1350 1993 1442 2051 oruuia
1462 1995 1587 2054 coeleatia
1608 1998 1797 2070 hylarescunt.

137 2084 311 2159 stupentibus
324 2100 387 2157 qua
400 2093 479 2158 gesta
491 2092 555 2141 sunt
568 2084 672 2143 retulit.
988 2080 1116 2137 Traditur
1130 2080 1212 2137 etiam
1235 2081 1271 2138 de
1295 2098 1329 2139 eo
1351 2081 1462 2141 cuidam
1491 2084 1642 2143 revelatum
1669 2088 1794 2149 solitario

174 2174 284 2232 celebri
298 2174 382 2248 igitur
396 2172 487 2241 laude,
503 2173 653 2241 benammi,
676 2181 719 2231 est
739 2172 819 2230 nobis
843 2173 941 2229 beatus
991 2170 1068 2241 quod
1093 2170 1210 2242 quadarn
1226 2170 1271 2227 die
1286 2170 1478 2229 sollemnitatis
1504 2174 1564 2244 eius
1589 2182 1630 2233 tot
1652 2178 1752 2237 animes
1783 2195 1801 2237 a

136 2263 267 2321 liertiaua
281 2263 472 2331 venerandus,
493 2261 622 2321 dulcibus
643 2264 725 2320 malis
747 2277 809 2320 cum
831 2262 941 2335 angelis
990 2258 1078 2329 pranis
1093 2258 1431 2330 ipsiusnsrttistitrerctae
1440 2262 1799 2336 sintquodili'lihomiucs

136 2352 327 2426 personandus
340 2351 385 2410 cui
399 2351 536 2409 Dominus
548 2352 639 2409 adbuc
653 2367 763 2426 pagano
787 2349 866 2408 militi
895 2350 940 2407 in·
989 2345 1037 2403 illa
1054 2346 1099 2403 die
1125 2348 1159 2403 ad
1185 2347 1361 2407 festivitatem
1389 2350 1450 2421 ejus
1478 2352 1671 2411 convenerint.
1689 2354 1715 2412 0
1732 2372 1799 2415 vere

136 2449 179 2499 tar
201 2441 320 2515 angelos
343 2441 511 2509 ostenditum
525 2456 671 2513 perquem
683 2441 741 2509 iam
756 2439 939 2497 christianum
990 2435 1085 2493 beatus
1100 2436 1232 2507 pontifex,
1247 2438 1283 2494 ab
1299 2438 1374 2495 omni
1389 2438 1517 2497 Ecclesia
1531 2439 1616 2516 digne
1631 2442 1799 2505 beatifican-

135 2530 302 2589 etabbatcm
317 2529 416 2587 iactum
429 2530 488 2586 rita
500 2529 616 2586 mortuis
634 2528 771 2590 redditur:
798 2528 844 2602 qui
865 2544 936 2600 pon·
995 2524 1058 2590 due,
1074 2540 1124 2596 per
1137 2524 1214 2595 cujus
1229 2527 1311 2582 beata
1325 2528 1422 2583 marita
1437 2529 1580 2587 animabus
1603 2530 1685 2589 beata
1707 2534 1801 2593 conic-

136 2618 230 2679 tiiicali
244 2618 377 2691 dignitate
397 2617 569 2689 sublimatur,
584 2616 730 2674 virtutihus
753 2625 782 2674 et
802 2616 942 2675 miraculis
994 2620 1091 2668 rentur
1104 2614 1220 2686 gaudini
1237 2616 1324 2683 liunc,
1342 2616 1494 2685 karissimi,
1512 2618 1612 2677 devota
1634 2631 1726 2679 mente
1749 2623 1799 2680 tla-

137 2707 358 2772 decemremem
373 2705 642 2781 areginaserritur,
660 2714 688 2763 et
700 2706 769 2763 dum
785 2706 811 2763 ei
832 2721 850 2762 a
875 2722 941 2780 rege
995 2701 1115 2775 gitemua
1140 2710 1273 2775 quatenus
1289 2705 1347 2773 ejua
1371 2705 1503 2778 suffragio
1524 2708 1552 2763 in
1575 2724 1692 2783 superne
1710 2712 1799 2783 patria

135 2812 192 2855 non
205 2796 369 2872 assurgitur,
392 2798 508 2853 thronus
534 2796 594 2868 sius
621 2794 740 2851 tlammia
770 2794 939 2866 corripitur3
995 2806 1056 2849 curn
1072 2792 1180 2850 Christo
1194 2808 1352 2867 regnamus.
1370 2796 1423 2853 Ubi
1434 2797 1532 2854 oculus
1545 2813 1604 2855 uon
1616 2798 1687 2858 vidit
1701 2802 1729 2873 (1
1737 2804 1800 2861 Gor.

136 2887 214 2961 quia
229 2887 319 2945 servia
343 2885 421 2959 regia
435 2885 597 2943 verberatus
618 2900 669 2943 eos
690 2900 754 2943 cum
776 2883 943 2942 animalibus
996 2880 1041 2953 tt),
1058 2884 1086 2938 et
1099 2888 1217 2939 catera.

180 3144 244 3210 Die
256 3144 414 3208 dominico
428 3145 518 3208 adico
532 3144 573 3207 de
587 3149 696 3212 sancto
710 3145 829 3207 Brictio
845 3163 854 3207 ε

174 3376 273 3447 llodie,
289 3376 439 3447 karissimi,
459 3387 587 3435 sanctum
601 3377 738 3436 Briccinm
753 3379 823 3435 votis
838 3378 980 3445 uostrisG
997 3378 1079 3453 plinis
1093 3378 1226 3436 imbutum
1236 3378 1427 3455 presbyterum
1438 3382 1557 3453 ordinet,
1570 3384 1717 3461 multisque
1732 3404 1800 3447 cou-

138 3464 234 3523 lavara
249 3481 406 3541 poscamus,
423 3482 485 3524 cum
500 3482 567 3523 eum
591 3466 738 3539 plurimum
758 3467 832 3539 apud
853 3468 941 3525 Deum
997 3467 1121 3525 humeliis
1132 3468 1167 3524 ab
1177 3484 1210 3526 ec
1219 3471 1368 3543 perpessis,
1378 3487 1427 3543 pro
1438 3472 1801 3550 mercedeeiapisoopatum

138 3570 222 3627 pesae
232 3570 392 3613 noscamus.
407 3556 470 3626 lpse
485 3556 558 3611 euim
573 3555 669 3612 didicit
685 3555 715 3611 in
736 3556 793 3612 suis
806 3556 943 3628 pressuris
995 3558 1085 3615 aDeo
1100 3557 1244 3630 impetrat.
1263 3558 1381 3617 Muttine
1403 3560 1493 3635 itaqua
1517 3563 1553 3619 ad
1574 3561 1723 3623 Dominum
1744 3567 1799 3625 mi·

139 3644 259 3717 qualiter
267 3641 485 3703 subveniendum
508 3643 544 3700 sit
570 3642 599 3698 in
624 3642 743 3700 miseriis
769 3645 936 3702 constitutis.
995 3652 1104 3716 granta,
1120 3646 1241 3703 briccius
1264 3648 1412 3721 episeopus
1435 3650 1592 3723 preficitur,
1610 3660 1638 3711 et
1651 3668 1725 3714 anuo
1738 3658 1801 3729 api-

139 3732 273 3790 ilirtutem
287 3748 408 3805 namque
422 3748 533 3805 semper
546 3732 651 3789 invidia
664 3732 853 3802 commitatur;
868 3733 940 3806 quod
996 3744 1125 3806 scopatus
1138 3735 1180 3793 sui
1194 3736 1332 3793 tricesimo
1349 3737 1424 3809 quod
1448 3738 1476 3794 iu
1500 3741 1662 3813 magistrum
1677 3746 1802 3817 peccavit

139 3822 191 3878 hoc
219 3820 346 3893 exemplo
371 3822 488 3878 maxime
511 3823 715 3893 comprobatur.
745 3822 813 3878 Cum
828 3829 941 3879 sanctus
996 3822 1032 3879 de
1055 3838 1140 3880 mauu
1166 3824 1229 3896 ejus
1253 3824 1412 3897 requiritur.
1439 3827 1511 3883 Nam
1531 3829 1626 3888 infelix
1649 3834 1747 3893 mulier
1766 3836 1802 3895 do

139 3908 272 3965 blattinua
286 3909 375 3981 siguis
388 3918 415 3966 ct
429 3909 577 3968 virtutibus
589 3918 618 3966 ut
632 3910 674 3967 sol
688 3909 902 3983 splendesceret,
916 3920 944 3967 et
997 3918 1093 3981 stupro
1118 3913 1224 3985 peperit
1247 3919 1275 3969 et
1302 3920 1375 3970 totus
1397 3915 1519 3989 populus
1541 3919 1673 3993 episcopo
1696 3924 1802 3983 crimen

142 3997 233 4055 dulcia
245 3996 320 4055 lama
329 4000 388 4070 ejus
399 3999 483 4074 louge
493 3999 602 4072 lateque
611 3996 683 4073 [per]
693 3999 809 4070 populos
819 4000 944 4058 crebres-
998 3994 1141 4069 imposuit.
1160 3999 1194 4053 At
1207 3996 1254 4053 ille
1268 3998 1395 4071 exemplo
1409 4001 1532 4073 magistri
1555 4020 1671 4077 puerum
1695 4008 1797 4068 adduci

141 4095 226 4156 aeret,
240 4086 328 4155 multi,
343 4086 411 4145 heul
429 4088 622 4161 episcoporum
633 4088 773 4159 cupientes
784 4088 874 4146 laudis
885 4089 944 4159 ejus
998 4086 1129 4157 pracepit
1142 4086 1191 4159 qui
1200 4084 1285 4143 XXX
1294 4086 1354 4143 dies
1363 4089 1593 4163 aemdessimplcvit.
1603 4092 1693 4163 Quem
1708 4112 1800 4155 coram

139 4176 296 4251 praeconia,
326 4185 489 4233 rennuentes
517 4185 608 4233 autem
636 4176 768 4233 adornari
793 4177 857 4235 vitae
885 4178 945 4248 eiua
999 4172 1074 4231 omni
1088 4174 1190 4247 populo
1204 4175 1310 4245 adiurat
1326 4184 1354 4233 ut
1375 4178 1399 4234 ai
1417 4178 1476 4252 ipse
1490 4188 1570 4253 pater
1585 4183 1644 4254 ejus
1658 4186 1694 4241 sit
1707 4187 1797 4259 palam

140 4264 330 4333 sanctimonia,
348 4273 464 4338 egerunt
485 4274 515 4321 ut
538 4265 630 4339 aliquo
655 4265 766 4337 ingenio
790 4267 945 4338 deponatur
999 4264 1100 4321 edicat.
1121 4264 1195 4321 Puer
1208 4274 1300 4321 autem
1313 4266 1386 4325 clara
1399 4284 1467 4325 voce
1481 4280 1564 4343 negat
1579 4288 1641 4329 eum
1656 4290 1735 4333 suurn
1751 4293 1800 4350 pa·

140 4352 189 4425 qui
202 4354 374 4410 dexteraDci
388 4354 567 4410 exaltabatur.
580 4356 690 4412 interea
704 4355 831 4428 quadam
846 4354 946 4411 mulier
1000 4360 1069 4409 trem
1084 4368 1159 4409 csse.
1189 4354 1255 4410 Cum
1272 4371 1341 4413 vero
1353 4356 1406 4428 ipsi
1419 4359 1471 4415 boc
1484 4360 1598 4433 magicae
1613 4364 1663 4419 arti
1677 4366 1800 4423 ascribe·

139 4442 212 4498 male
226 4451 390 4515 conceptum
405 4441 492 4498 tilium
504 4442 614 4515 genuit,
628 4444 707 4514 cttjus
722 4444 835 4501 sceleris
850 4452 946 4501 auctor
999 4448 1071 4509 rent,
1095 4440 1287 4500 fornicatorem
1311 4452 1338 4501 et
1361 4461 1472 4521 magum
1496 4461 1665 4521 assererent,
1679 4453 1801 4513 briccius

139 4530 231 4585 latuit.
258 4532 354 4603 ltaque
377 4531 511 4604 episcopi,
527 4538 583 4588 aure
597 4532 716 4588 vesanire
730 4532 945 4604 oportunitatem
999 4544 1105 4603 prunas
1120 4531 1249 4589 ardentes
1259 4532 1334 4591 circa
1343 4533 1484 4593 civitatem
1494 4536 1522 4594 in
1532 4538 1616 4613 byrro
1625 4558 1676 4601 suo
1685 4548 1801 4615 portans

139 4618 322 4685 invenientes,
337 4620 484 4677 concilium
498 4619 601 4687 ineunt,
617 4620 735 4678 consilio
749 4635 813 4678 cum
828 4621 945 4679 muliera
999 4626 1062 4675 ante
1076 4619 1249 4691 sepulchrum
1264 4622 1351 4679 sancti
1365 4622 1473 4681 liartini
1486 4631 1624 4701 exposuit,
1641 4637 1725 4689 vestis
1742 4634 1801 4705 ejus

140 4709 217 4776 inito,
242 4707 358 4763 llartiuo
382 4708 488 4765 crimen
514 4710 656 4781 imponunt
671 4706 705 4780 (p
717 4708 792 4778 266).
808 4710 943 4767 llartinua
958 4744 986 4806 D
1001 4706 1090 4763 inusta
1104 4710 1249 4781 apparuit;
1271 4710 1319 4767 sed
1333 4713 1451 4784 populus
1466 4714 1561 4773 lurens
1576 4735 1631 4776 nnn
1645 4721 1761 4777 credidit
1775 4730 1802 4780 er

140 4804 230 4853 autam
245 4796 408 4853 infantulum
423 4796 476 4853 sibi
488 4794 582 4853 afferri
594 4797 694 4867 jussit,
718 4814 798 4871 quem
826 4797 946 4857 brachiis
1001 4795 1037 4850 ab
1051 4796 1212 4869 episcopatu
1226 4814 1289 4853 euru
1304 4800 1407 4871 expulit
1421 4801 1487 4875 quia
1501 4806 1554 4863 hoc
1569 4806 1598 4862 in
1613 4806 1725 4865 llartiuo
1739 4826 1801 4883 pro·

141 4885 302 4959 complexus
324 4885 470 4941 blandiens
494 4884 652 4953 «iililili-
679 4885 757 4943 dixit.
785 4888 856 4943 Puer
877 4904 945 4946 vem
1000 4883 1113 4941 meruit.
1141 4884 1195 4955 Qui
1220 4886 1326 4957 ejulans
1340 4889 1455 4947 Romam
1482 4894 1556 4950 veuit
1579 4896 1801 4973 apostolicusque

141 4990 204 5033 curn
218 4975 308 5034 adbuc
323 4975 505 5048 septimanam
518 4991 575 5032 unu
588 4976 779 5048 compleverit,
801 4976 830 5031 in
848 4992 946 5035 vocem
1001 4988 1064 5029 eum
1078 4974 1231 5033 honorilice
1245 4976 1364 5049 excepit.
1393 4978 1460 5035 Post
1474 4980 1521 5037 Vll
1534 4997 1622 5040 anuos
1646 4985 1682 5041 ad
1706 4987 1802 5045 sedern

141 5063 295 5121 absolutam
309 5064 416 5137 erupit,
433 5088 444 5115 ι
462 5081 518 5121 non
532 5080 563 5121 es
577 5072 614 5136 tu,
630 5064 769 5139 inquiens,
793 5082 871 5123 meua
892 5080 948 5138 pa·
1001 5078 1076 5119 suant
1099 5063 1253 5133 remittitur,
1270 5064 1304 5122 ab
1326 5066 1401 5123 omni
1421 5068 1523 5141 populo
1546 5087 1609 5128 cum
1631 5089 1731 5148 magno
1751 5076 1802 5135 ho·

142 5160 195 5219 tor,
209 5152 260 5209 aed
272 5152 414 5209 lohannes
438 5162 587 5211 mercator.
608 5178 620 5205 ι
648 5154 727 5212 Unde
740 5171 838 5213 omnes
852 5164 948 5228 stupc-
1000 5166 1068 5209 nore
1082 5159 1111 5209 et
1123 5152 1223 5225 gaudio
1237 5153 1367 5225 recipitur
1381 5163 1409 5212 et
1421 5155 1531 5229 expleto
1545 5160 1630 5235 digne
1643 5160 1734 5221 officio
1746 5165 1801 5223 ho·

142 5238 209 5297 iacti
221 5239 338 5313 genibus
366 5242 426 5312 ejus
453 5258 485 5298 sa
511 5241 673 5308 advolvunt,
699 5244 807 5301 veniam
834 5252 942 5317 petunt.
1000 5239 1158 5297 memneris
1172 5240 1200 5297 in
1214 5241 1305 5316 gloria
1328 5243 1514 5319 conjungitur.
1538 5248 1572 5305 Ut
1593 5249 1658 5308 huic
1677 5252 1801 5311 associe-

143 5327 248 5399 Quibua
260 5330 363 5404 dignus
374 5331 426 5386 Dei
440 5330 572 5387 sacerdos
586 5330 718 5403 injuriam
730 5348 809 5389 suam
823 5333 943 5406 benigna
999 5344 1064 5387 mur
1075 5336 1131 5388 toto
1146 5331 1231 5391 corde
1243 5346 1400 5405 precemur,
1411 5332 1458 5391 ubi
1472 5334 1569 5395 oculus
1581 5352 1636 5397 non
1650 5341 1729 5413 vidit,
1740 5350 1797 5403 etc.

142 5418 256 5487 relaxet,
270 5417 404 5477 infantem
417 5418 547 5492 baptizat,
570 5420 606 5477 tle
631 5418 706 5478 ionte
724 5420 798 5479 lavat
820 5420 945 5497 [lerat],
1001 5418 1027 5491 (Ι
1041 5418 1099 5479 Cor.
1116 5419 1161 5490 ιι.)

142 5507 281 5567 briccium
294 5508 427 5566 nominat.
439 5507 527 5579 Quem
540 5508 664 5567 adultum
677 5510 850 5570 monachicis
862 5512 947 5571 disci-

180 5703 258 5781 (tdl)
271 5704 319 5767 Sia
331 5704 396 5768 cod.
415 5722 527 5782 semper
539 5721 592 5782 pro
606 5713 687 5784 part.
