3942 6067
147 265 202 320 lle

684 263 870 321 exrostrtu
890 261 927 318 ΙΝ
949 255 1105 315 cantica
1128 255 1268 313 CANTlC.

1754 265 1807 322 ibt)

154 387 255 446 ocnda.
270 384 433 460 dnagogice
447 385 556 458 respicit
570 387 602 443 ad
618 387 771 444 universam
782 385 951 454 Ecclesiam
965 383 994 444 Α
1008 383 1060 438 Ρει
1086 384 1138 439 hoc
1166 382 1326 456 intelligitur
1356 398 1418 441 cum
1443 386 1615 444 multitudine
1637 398 1806 446 armatorum

150 475 378 549 allegoricarum
393 473 511 546 pertinet
526 473 562 530 ad
571 474 682 532 ordines
692 475 835 532 Ecclesia.
848 474 899 530 Per
909 489 953 530 ca-

151 563 233 637 pillos
247 579 326 637 ergo,
341 570 368 619 ει
380 561 488 630 dentes,
500 571 528 620 ει
537 579 635 636 genas,
647 563 826 636 designantur
840 571 897 618 tres
911 577 954 618 or·

151 652 233 708 dines
246 651 275 706 in
284 650 418 720 Ecclesia,
430 651 501 707 uelut
517 659 572 708 tres
585 651 661 708 acies
672 660 766 709 contra
775 653 871 708 hostes
880 650 954 706 ordi-

151 741 233 790 natae.
244 732 301 790 Par
307 747 409 805 capras
420 748 484 788 uero
495 741 522 788 et
532 748 610 798 ores,
622 741 649 790 ει
659 734 731 790 mala
744 735 854 805 punica,
866 731 955 804 expri-

155 829 270 878 muntur
281 821 397 878 virtutes
407 836 510 877 eorum.
523 821 578 878 ilex
591 821 681 894 itaqua
690 820 808 878 laudarit
819 820 953 894 reginam,

153 908 274 964 laudavit
285 915 313 965 ει
325 908 437 982 agmina
451 909 519 978 ejus,
533 908 596 982 quia
610 909 734 966 Christus
748 909 883 982 approbat
898 907 956 964 vir-

152 1006 225 1055 tutes
240 996 382 1065 Ecclcsiae,
394 1004 422 1053 et
435 997 571 1069 approbat
586 1012 668 1070 opera
682 997 866 1054 membrorum
881 997 953 1066 eius,

153 1086 251 1143 dicens
265 1087 358 1158 (Vera.
373 1086 403 1156 l)
416 1101 423 1138 ι
438 1085 542 1158 Capilli
556 1087 601 1142 tui
615 1087 689 1144 rieul
705 1102 776 1158 praa
788 1102 954 1160 caprarum,

156 1175 206 1247 pai
219 1173 412 1232 mecadcruat
426 1175 459 1229 de
475 1174 594 1230 Colcad.
621 1173 720 1246 Capilli
738 1173 872 1232 Ecclesiae
893 1181 956 1230 aunt

152 1261 301 1336 conjugati,
317 1261 364 1334 qui
379 1260 404 1318 ai
419 1277 470 1334 ρει
483 1260 565 1318 iidem
578 1262 719 1319 adhaerent
739 1269 769 1318 ut
794 1261 886 1334 capilli
906 1277 955 1319 ca·

154 1349 203 1423 piti
220 1366 227 1405 ι
243 1349 289 1424 qui
304 1349 375 1407 sicut
390 1364 456 1422 grex
474 1364 618 1424 caprarum
634 1350 669 1406 de
683 1349 788 1407 Galaad
803 1351 955 1409 ascendunt

151 1439 217 1494 dum
231 1453 282 1510 per
296 1453 386 1510 opera
399 1437 597 1496 misericordiae
611 1439 646 1496 ad
668 1439 804 1496 Christum
823 1438 949 1496 tendunt.

153 1525 259 1583 Gaiaad
274 1526 377 1599 quippe
390 1526 490 1583 dicitur
503 1544 620 1586 caemar
640 1529 808 1596 testimonii,
824 1535 851 1584 et
865 1526 953 1601 signi·

151 1612 217 1671 ttcst
241 1615 390 1684 Christum,
417 1615 446 1671 in
470 1633 551 1690 quem
570 1623 654 1673 testes
677 1617 735 1686 ejus
759 1615 803 1673 vel
821 1619 956 1687 martyras

150 1711 362 1761 coacervantur.
396 1705 437 1760 De
451 1705 503 1762 hoc
518 1713 615 1761 monte
629 1720 719 1777 caprae
733 1711 875 1776 apparent,
891 1703 997 1789 dumB

151 1789 250 1847 fideles
265 1791 365 1850 Christi
382 1792 508 1864 exemplo
529 1809 628 1865 aspera
647 1793 741 1849 mundi
761 1793 889 1859 subeunt,
908 1807 957 1863 per

152 1895 215 1951 quae
229 1887 258 1937 ιιι
273 1895 366 1952 caprae
387 1879 423 1937 ad
449 1880 504 1936 alta
527 1879 661 1938 curiorum
686 1881 831 1938 scendunt.
855 1881 958 1937 Dentes

153 1967 192 2022 tui
212 1967 286 2026 siout
300 1984 403 2041 greges
412 1967 502 2024 ovium
513 1968 769 2040 quaeascenderunt
779 1968 814 2026 de
827 1967 956 2025 lavacro:

156 2056 255 2112 dentes
279 2055 413 2114 Ecclesiae
432 2065 497 2112 sunt
520 2055 657 2124 doctores,
685 2056 731 2130 qui
760 2057 851 2113 cibum
873 2072 959 2114 sacrae

157 2144 305 2217 Scriptura
319 2151 515 2213 conteruntur
531 2144 557 2200 in
572 2160 672 2217 eorpus
686 2143 819 2202 Ecclesiae
834 2145 955 2201 mittunt.
1025 2195 1031 2206 ,

153 2231 187 2288 lli
200 2239 265 2288 sunt
279 2232 349 2289 sicut
364 2249 467 2307 greges
481 2232 582 2302 ovium,
596 2231 659 2306 quia
672 2233 837 2290 innocenter
854 2231 957 2298 vivunt,

158 2329 185 2378 ει
199 2321 342 2393 proximos
356 2319 428 2379 lacte
448 2320 581 2378 doctrinae
603 2320 735 2386 nutriunt,
760 2329 787 2378 et
810 2336 858 2378 eos
880 2319 959 2376 bonis

157 2409 292 2482 exemplis
305 2410 437 2467 vestiunt.
456 2409 524 2479 Quae
536 2424 603 2466 ores
618 2410 800 2466 ascendemnt
821 2409 856 2466 de
878 2407 957 2464 lava-

154 2511 214 2565 cro,
229 2505 258 2554 ut
273 2498 458 2563 tondeantur;
474 2498 511 2552 ita
525 2498 569 2554 isti
582 2498 617 2554 de
631 2497 796 2569 baptismata
810 2495 884 2553 lotia
895 2510 958 2568 pec·

160 2585 230 2642 catis
244 2586 397 2642 ascendunt
410 2585 446 2641 ad
469 2585 594 2652 virtutes,
610 2592 636 2642 ει
658 2585 813 2658 reiinquunt
836 2591 956 2650 terrena,

143 2660 189 2728 'ut
203 2673 270 2730 nudi
295 2673 433 2730 Christum
456 2682 620 2749 sequantur.
648 2673 683 2729 Et
707 2674 749 2730 hae
773 2688 869 2730 omnes
892 2687 959 2730 ores

156 2770 219 2818 sunt
233 2763 362 2834 gemellis
376 2761 494 2834 [stibus.
506 2762 568 2836 quia
582 2762 712 2820 doctores
726 2761 800 2834 pleni
815 2768 878 2817 sunt
892 2775 959 2833 ope-

159 2849 236 2906 ribus
251 2850 370 2923 geminae
384 2851 531 2908 charitatis.
546 2851 581 2906 Et
595 2851 704 2908 sterilis
717 2867 776 2908 raon
798 2853 841 2908 eat
865 2849 893 2904 in
915 2851 956 2906 cia

156 2937 264 3007 oribus,
280 2938 342 3011 quia
356 2937 447 2994 nullus
462 2945 504 2995 est
518 2938 546 2993 in
559 2937 717 2996 ductoribus
727 2954 831 2995 uacuus
841 2937 958 2993 inbonis

156 3025 303 3098 operibus.
321 3025 395 3083 Sicut
410 3033 502 3084 cortex
516 3025 582 3081 mali
595 3025 686 3099 punici
700 3034 856 3100 geneture.
873 3025 958 3082 Genre

154 3114 289 3171 Ecclesiae
311 3122 374 3170 sunt
396 3115 578 3182 continentes,
603 3129 719 3187 peccare
743 3113 956 3177 erubescentes;

157 3219 219 3274 quae
234 3201 305 3260 siout
328 3211 420 3260 cortex
444 3203 509 3258 mali
529 3201 630 3276 punici,
656 3201 769 3258 nimium
792 3200 957 3260 rubicundi:

157 3289 292 3362 quianon
307 3289 397 3347 solum
418 3291 453 3347 de
478 3289 608 3364 propriis.
624 3289 674 3346 sed
699 3289 780 3346 etiam
804 3289 870 3346 casti
893 3305 959 3345 eru-

157 3378 275 3436 bescunt
287 3379 322 3436 de
336 3377 457 3452 peccetis
469 3377 574 3436 alienis.
590 3380 630 3435 lta
641 3393 760 3450 appares
775 3376 896 3434 exterius
909 3391 961 3434 cu·

158 3481 219 3522 rans
240 3466 398 3524 bominibus
410 3467 515 3540 absque
540 3465 626 3524 oculis
651 3465 713 3534 tuis,
740 3466 768 3522 id
792 3472 834 3522 εει
856 3463 961 3536 absque

158 3554 301 3623 charitate,
318 3571 379 3628 qua
393 3555 458 3612 latet
481 3569 574 3612 coram
597 3569 643 3610 mc
666 3552 791 3610 interius.
817 3553 961 3626 Postquam

159 3659 207 3699 rex
223 3643 300 3700 acies
315 3651 436 3700 armatas
451 3641 580 3712 laudarit,
596 3641 624 3697 iu
642 3641 751 3698 laudem
769 3639 873 3715 reginae
897 3653 962 3711 pro·

161 3732 243 3803 rupit,
258 3731 378 3790 dicens:

197 3916 282 3972 vars.
299 3915 326 3985 i,
342 3920 369 3982 8,
383 3919 409 3972 9.
420 3943 453 3956 -
462 3915 620 3986 Sexaginta
633 3918 702 3970 sant
712 3913 827 3987 regirare,
839 3917 868 3970 ει
884 3917 962 3970 octo·

162 4005 243 4077 pirata
257 4005 431 4070 concubinae,
448 4007 475 4060 ct
489 4003 770 4060 adolescentularum
784 4017 843 4059 nott
857 4004 901 4058 ast
910 4017 963 4058 aar

164 4108 268 4163 meras,
280 4107 340 4148 orto
352 4095 395 4149 cst
404 4091 532 4148 columbo
542 4106 616 4159 meu,
627 4091 756 4164 perfecta
765 4105 839 4158 mco,
850 4105 910 4145 arra
920 4092 963 4146 cst

164 4181 255 4236 aratri
269 4196 337 4248 sac,
353 4181 445 4237 electa
457 4180 594 4252 punitriei
607 4195 676 4235 sors.
699 4177 830 4234 Salomon
852 4193 901 4235 rex
915 4191 963 4233 sa·

164 4267 351 4340 pientissimus
366 4274 394 4324 ει
407 4267 558 4324 ditissimus
568 4275 628 4324 erat
638 4273 743 4323 amator
752 4264 895 4324 mulierum
905 4265 964 4322 ler-

165 4356 355 4423 rentissimus;
379 4355 534 4413 hichabuit
556 4363 690 4413 trecentas
713 4355 833 4428 reginas,
854 4363 883 4412 ει
905 4361 963 4412 ιιε·

1008 470 1193 542 processisse;
1217 469 1348 544 leguntur
1370 473 1520 531 enimcum
1538 475 1630 531 aureis
1649 477 1745 544 scutis,
1761 493 1806 534 re-

1007 573 1072 631 gem
1087 565 1114 614 ει
1136 559 1262 632 reginam
1276 575 1386 631 semper
1409 562 1601 632 praecessisse3
1626 573 1653 620 ει
1680 565 1806 636 superius

1009 646 1170 702 scribuntur
1185 645 1328 719 sexaginta
1351 646 1436 706 fortas
1449 650 1545 707 armati
1560 651 1659 707 lectum
1675 653 1802 710 Salomo-

1009 735 1055 788 nis
1070 732 1233 790 custodissa.

1045 876 1094 931 llis
1108 875 1220 932 omissis
1234 877 1365 950 allegoria
1378 878 1414 934 ad
1429 877 1549 934 medium
1563 878 1689 936 deducat.
1707 879 1807 948 Dauid,

1010 963 1058 1034 qui
1071 978 1183 1035 semper
1196 963 1245 1020 luit
1257 965 1287 1020 in
1300 964 1391 1029 bellis,
1407 965 1544 1036 expressit
1565 965 1682 1038 liguram
1695 967 1808 1034 Christi,

1009 1050 1054 1107 hic
1067 1065 1120 1122 pro
1134 1050 1258 1109 Ecclesia
1272 1053 1429 1126 pugnantis.
1444 1053 1574 1109 Salomon
1588 1069 1663 1120 vero,
1678 1054 1725 1127 qui
1739 1071 1811 1110 sam·

1008 1153 1062 1210 per
1075 1137 1125 1195 luit
1137 1138 1166 1195 in
1180 1140 1281 1212 quiete
1304 1141 1391 1212 pacis,
1413 1139 1500 1213 gessit
1522 1139 1637 1210 figuram
1661 1142 1762 1198 Christi
1782 1142 1811 1197 iu

1008 1226 1087 1283 caelis
1100 1227 1252 1299 regnantis,
1267 1227 1314 1300 qui
1327 1227 1459 1300 templum
1473 1227 1545 1292 lecit.
1561 1228 1589 1282 in
1612 1244 1666 1300 quc
1682 1228 1805 1302 reginam

1009 1313 1095 1372 austri
1108 1315 1220 1388 recepit,
1236 1315 1301 1388 qnia
1314 1315 1440 1372 Christus
1452 1315 1564 1372 domum
1588 1316 1616 1370 in
1637 1316 1715 1374 omlis
1736 1331 1810 1388 prae·

1009 1409 1098 1475 parat,
1113 1401 1142 1457 in
1157 1418 1213 1474 qua
1235 1401 1391 1460 Ecclesiam
1417 1402 1539 1474 recipiat.
1562 1403 1710 1470 Salomon,
1735 1406 1810 1476 quod

1010 1498 1093 1545 sonat
1105 1490 1256 1559 Pacificas,
1271 1498 1314 1546 εει
1338 1489 1474 1557 Christus,
1497 1491 1575 1545 Pater
1595 1489 1680 1547 futuri
1703 1491 1807 1556 ειεειιιί,

1010 1577 1143 1649 Princeps
1156 1577 1243 1650 pacis,
1255 1585 1283 1633 et
1295 1579 1354 1646 ejus
1367 1578 1445 1650 pacis
1458 1591 1513 1634 non
1528 1578 1579 1634 erit
1591 1576 1664 1634 sinis.
1679 1579 1811 1636 Salomon

1011 1673 1071 1722 arat
1090 1673 1199 1723 amator
1218 1665 1365 1722 mulierum
1386 1664 1555 1734 multarum,
1574 1673 1604 1722 et
1625 1666 1747 1723 Christus
1768 1675 1812 1724 est

1010 1763 1117 1811 amator
1138 1753 1286 1810 multarum
1309 1754 1486 1810 animarum:
1503 1755 1547 1812 hic
1564 1754 1813 1830 nabetssxagints

1011 1843 1133 1914 reginas,
1158 1850 1186 1899 et
1209 1841 1349 1917 octoginta
1371 1843 1546 1908 concubinas,
1571 1844 1626 1902 hoe
1644 1852 1695 1911 est,
1715 1859 1812 1903 omnes

1010 1932 1115 1987 animas
1129 1929 1314 2003 perfectorum
1328 1931 1357 1985 in
1370 1929 1580 2002 contemplativa
1595 1931 1659 2001 vita,
1676 1940 1702 1989 ει
1716 1936 1813 1989 omns⁸

1012 2019 1118 2076 animas
1144 2017 1370 2090 inperfectorum
1395 2017 1535 2076 inactiva
1557 2019 1623 2076 vita.
1647 2019 1680 2075 lii
1707 2019 1810 2094 quippe

1011 2107 1068 2164 duo
1082 2106 1191 2164 numeri
1214 2121 1264 2179 pro
1285 2106 1419 2178 mysterio
1438 2113 1578 2178 ponuntur
1600 2106 1629 2162 in
1655 2107 1708 2164 boc
1735 2108 1811 2165 Can·

1013 2203 1089 2262 trco,
1118 2210 1234 2268 quorum
1260 2210 1332 2250 unus
1359 2203 1401 2250 est
1427 2192 1582 2266 periectos,
1613 2193 1685 2251 alius
1706 2194 1811 2267 imper-

1011 2283 1117 2353 fectus,
1143 2292 1172 2339 et
1198 2281 1339 2355 significat
1364 2281 1502 2354 periectos
1528 2289 1557 2339 ει
1582 2282 1759 2356 imperfectas
1782 2284 1811 2338 in

1010 2370 1147 2428 Ecclesia.
1166 2369 1376 2444 Sexagenarius
1390 2369 1495 2427 etenim
1517 2370 1655 2442 perlectus
1674 2379 1727 2443 est,
1743 2371 1809 2444 qaia

1012 2466 1120 2516 cunstat
1144 2458 1203 2514 suis
1229 2458 1379 2530 partibus,
1409 2465 1438 2514 ut
1464 2459 1591 2531 superius
1618 2458 1721 2516 dictum
1749 2468 1811 2525 est,

1013 2553 1041 2602 ει
1062 2545 1199 2618 significat
1220 2545 1370 2615 periectos.
1391 2545 1593 2619 Octogenarius
1607 2561 1674 2603 vero
1696 2554 1739 2602 est
1757 2546 1813 2602 im-

1011 2632 1159 2705 periectua,
1184 2631 1247 2704 quia
1274 2647 1332 2688 nun
1360 2631 1513 2705 completur
1537 2632 1595 2689 suis
1621 2633 1753 2704 partibus,
1783 2642 1812 2690 et

1012 2721 1076 2778 ideo
1096 2719 1232 2794 signifieat
1250 2719 1436 2792 imperfactos.
1466 2719 1669 2793 sexagenarius
1700 2737 1811 2794 quoque

1012 2825 1064 2882 ρει·
1092 2808 1229 2866 senarium
1255 2815 1283 2865 et
1312 2807 1455 2865 denarium
1491 2807 1707 2880 multiplicatur,
1745 2810 1811 2882 quia

1012 2898 1103 2956 sexies
1116 2897 1225 2966 decem,
1240 2904 1286 2954 aut
1299 2897 1393 2955 decies
1415 2913 1475 2965 sax,
1495 2895 1562 2953 iiuat
1585 2895 1739 2969 sexaginta.
1755 2896 1810 2967 Qui

1013 3001 1145 3044 numerus
1157 2984 1295 3059 significat
1307 2999 1404 3042 omnes
1417 2984 1465 3058 qui
1487 2984 1601 3057 perfecti
1626 2992 1689 3041 sunt
1708 2984 1738 3040 in
1761 3001 1809 3042 sex

973 3073 1000 3136 C
1014 3074 1146 3147 operibus
1159 3073 1313 3147 Evangelii,
1325 3080 1354 3130 et
1363 3073 1391 3128 in
1401 3073 1497 3130 decem
1507 3073 1653 3144 preceptis
1664 3072 1750 3144 legis;
1765 3074 1813 3130 hc

1014 3179 1076 3218 rum
1091 3162 1191 3218 animm
1204 3162 1334 3219 dicuntur
1348 3160 1463 3234 regina,
1487 3160 1552 3233 quia
1574 3175 1708 3231 sponsum
1731 3159 1813 3217 Chri-

1014 3257 1090 3307 stum
1105 3265 1156 3322 pro
1169 3249 1328 3308 coelestibus
1340 3249 1467 3322 diligunt,
1478 3256 1506 3304 et
1519 3248 1615 3304 aterni
1628 3248 1710 3322 regui
1724 3250 1812 3306 coba·

1014 3337 1098 3396 redes
1108 3353 1181 3399 esse.
1193 3336 1496 3409 balgenciacensis
1507 3344 1812 3408 numerusperoctona-

1016 3426 1089 3482 rium
1103 3435 1129 3484 et
1144 3424 1286 3482 denarium
1306 3423 1511 3496 multiplicatur,
1527 3425 1591 3497 quia
1604 3424 1690 3482 octies
1704 3425 1811 3492 decem,

1016 3514 1060 3572 vel
1075 3513 1168 3572 decies
1185 3521 1259 3584 octo,
1275 3512 1341 3570 liunt
1354 3512 1508 3587 octogintar
1525 3512 1571 3586 qui
1585 3529 1715 3571 numems
1735 3513 1811 3571 desi-

1017 3611 1086 3674 gnat
1096 3603 1233 3670 carnales,
1244 3600 1413 3673 Dacalugum
1422 3601 1493 3675 legis
1502 3610 1613 3674 propter
1620 3601 1765 3660 saeculares
1773 3602 1814 3658 di·

1015 3691 1143 3764 gnitates,
1159 3698 1186 3747 ει
1199 3690 1308 3747 diuitias
1322 3688 1417 3746 mccli
1426 3690 1624 3757 observantes;
1638 3691 1727 3764 quiin
1742 3706 1813 3763 qua-

1017 3786 1079 3835 tuor
1093 3778 1184 3852 plagis
1197 3778 1301 3844 mundi,
1317 3785 1345 3834 et
1366 3777 1394 3833 in
1417 3785 1534 3850 quatuor
1556 3777 1698 3835 elementis
1721 3777 1811 3836 couti-

1017 3875 1129 3924 nentur.

1052 4003 1087 4060 Et
1101 4001 1164 4060 ideo
1177 4002 1277 4058 homm
1290 3972 1389 4058 animae
1413 3999 1541 4058 dicuntur
1563 3999 1732 4071 concubine,
1752 4003 1815 4076 quia

1018 4106 1150 4165 sponsum
1165 4106 1220 4147 non
1236 4105 1287 4162 pro
1301 4104 1389 4162 regnu
1402 4088 1529 4162 diligunt,
1540 4089 1590 4146 sed
1603 4089 1629 4146 ei
1643 4105 1693 4161 pro
1707 4097 1815 4163 tempo-

1017 4177 1124 4237 ralibus
1137 4179 1271 4235 seruiunt.
1284 4175 1506 4234 Adulescentulus
1519 4186 1583 4232 sunt
1596 4177 1695 4234 animae
1707 4194 1756 4250 per
1769 4187 1814 4234 to·
1901 4194 1905 4205 ·

1018 4277 1075 4326 turn
1082 4269 1213 4324 mundum
1225 4267 1253 4322 in
1263 4265 1372 4323 Christo
1382 4273 1485 4322 renatae
1495 4283 1503 4331 3
1514 4264 1604 4322 adhuc
1617 4263 1709 4324 iulide
1719 4267 1813 4337 rudes,

1019 4368 1046 4414 ει
1057 4357 1137 4414 lactis
1150 4355 1282 4413 doctriaae
1296 4363 1429 4428 egentes;
1447 4353 1544 4410 barum
1559 4367 1615 4410 non
1631 4361 1673 4411 est
1686 4370 1817 4411 numems

166 4453 260 4502 centu
273 4444 453 4511 concubinas,
467 4443 539 4500 inter
558 4460 626 4518 quas
641 4443 761 4516 reginas,
782 4451 812 4498 ut
832 4442 961 4509 creditur,
976 4418 1005 4480 Ῑ)
1020 4447 1093 4517 apud
1105 4443 1231 4502 homines
1244 4452 1273 4500 ut
1287 4443 1445 4517 reginarum
1465 4450 1492 4498 et
1515 4441 1737 4510 concubinamm,
1753 4444 1819 4516 quia

165 4539 243 4590 erant
257 4532 402 4606 sexaginta
415 4531 574 4600 nobiliores,
588 4535 622 4590 'et
645 4531 706 4587 aliis
726 4531 880 4604 digniores,
894 4545 964 4602 quas
1018 4533 1071 4591 suli
1080 4535 1139 4590 Deo
1153 4532 1280 4606 cognitus
1294 4540 1336 4588 est
1350 4546 1481 4587 numems
1496 4529 1645 4588 electorum
1660 4530 1687 4586 in
1697 4545 1819 4603 superna

167 4621 202 4676 ad
216 4621 451 4693 comparationem
463 4620 591 4690 aliarum,
603 4619 676 4676 solas
689 4619 966 4694 rocatregiuasquas
1020 4620 1150 4680 felicitate
1163 4620 1315 4687 locandus;
1331 4619 1375 4677 rel
1394 4619 1457 4676 ideo
1477 4617 1742 4678 adolescentulamm
1762 4634 1819 4675 non

168 4717 195 4764 ει
213 4708 257 4766 iric
284 4709 404 4781 mysterii
431 4707 520 4782 gratia
541 4707 697 4766 introducit.
722 4709 756 4765 Et
779 4707 877 4764 iterum
898 4707 967 4764 inter
1020 4718 1061 4767 est
1075 4723 1214 4776 ριιιιιειιιε,
1230 4707 1296 4781 quia
1308 4707 1336 4763 in
1350 4722 1467 4763 nurnero
1481 4707 1642 4781 reginarum
1667 4714 1693 4762 et
1714 4721 1818 4762 conm-

168 4796 337 4854 cuncobinas
349 4797 489 4870 octoginta
502 4795 563 4852 aliis
577 4795 720 4869 digniores
734 4811 836 4869 genere
848 4803 877 4852 ct
899 4810 966 4870 gra·
1019 4797 1145 4854 binamm
1159 4813 1214 4854 aon
1227 4803 1421 4868 computantur
1434 4812 1494 4870 quae
1516 4794 1697 4852 sacramentis
1721 4794 1819 4867 sponsi

169 4884 216 4952 tia,
227 4901 295 4957 qaas
309 4883 384 4942 solas
398 4885 446 4943 lria
459 4883 670 4958 significationis
679 4883 769 4956 gratia
782 4884 868 4956 ponit.
883 4885 967 4942 Porro
1021 4902 1076 4944 non
1090 4892 1263 4943 renovantur.
1279 4884 1400 4942 Εεειιειιι
1414 4891 1506 4941 autem
1528 4890 1608 4941 vocat
1629 4880 1819 4940 adolescentu-

168 4972 239 5030 inter
252 4973 365 5048 reginas
381 4981 439 5031 arat
451 4989 506 5030 una
519 4973 582 5030 aliis
595 4972 777 5046 prestantior,
800 4980 828 5030 ει
846 4987 967 5046 genero·
1020 4976 1074 5044 las,
1089 4991 1160 5048 quas
1174 4973 1301 5046 superius
1314 4972 1388 5030 illias
1403 4973 1468 5030 Sion
1483 4971 1527 5029 rel
1540 4971 1715 5028 Hierusalem
1727 4967 1818 5026 nomi·

170 5061 249 5118 ritate
264 5069 293 5119 ει
306 5060 449 5134 dignitate,
459 5077 521 5134 qum
535 5060 632 5134 regius
644 5059 801 5135 reginarum
814 5060 965 5130 dicabatur,
1022 5063 1106 5132 nari,
1122 5077 1184 5136 quar
1196 5077 1250 5120 cun
1262 5061 1357 5135 regina
1371 5075 1445 5118 nune
1458 5060 1493 5116 ad
1514 5075 1610 5131 regern
1633 5065 1777 5128 uenerunt,
1792 5065 1820 5114 ει

170 5165 231 5222 quar
243 5148 301 5206 iilia
322 5149 475 5207 Pharaonis
495 5164 551 5206 non
571 5147 724 5222 incongrue
746 5148 831 5205 luisse
847 5155 968 5222 putatur,
1021 5167 1085 5208 cunr
1099 5165 1167 5223 rege
1179 5148 1306 5206 laudibus
1320 5163 1382 5205 eam
1396 5153 1569 5220 excepemnt.
1592 5147 1634 5202 us
1650 5158 1705 5218 qua
1728 5144 1820 5201 subdi·

171 5253 253 5310 quam
268 5237 314 5296 hic
328 5237 412 5296 etiarn
426 5237 461 5294 ad
475 5237 597 5296 litteram
610 5237 726 5294 laudare
739 5237 860 5294 creditur
876 5253 882 5291 ι
897 5237 970 5294 hanc
1022 5248 1075 5295 tur.
1090 5239 1150 5296 Una
1169 5244 1213 5295 est
1226 5237 1355 5294 columba
1368 5251 1441 5304 mea,
1462 5233 1585 5308 perfecta
1598 5247 1670 5290 mea.
1683 5231 1765 5303 Quod
1778 5241 1821 5289 est

171 5335 330 5384 coronatam
351 5325 547 5398 procedentem
570 5325 685 5398 reginas,
701 5333 727 5382 et
749 5324 919 5392 concubine,
942 5332 970 5382 ει
1023 5323 1136 5380 dicere:
1153 5321 1261 5379 Diversi
1271 5321 1384 5394 quidem
1397 5326 1461 5377 sunt
1473 5319 1585 5376 ordines
1597 5318 1757 5385 electurum,
1773 5332 1822 5374 ex·

171 5411 234 5470 lilire
248 5413 439 5483 laudaverunt,
455 5413 579 5472 dicantes
595 5430 603 5467 ι
620 5413 686 5481 Qaoe
705 5417 748 5469 εει
762 5415 807 5470 ita
821 5429 882 5487 quor
904 5429 969 5487 pro-
1024 5411 1123 5484 quihas
1136 5410 1261 5483 quaedam
1279 5409 1392 5482 reginae,
1413 5407 1541 5480 quasdam
1563 5406 1692 5464 dicuntur
1713 5421 1820 5465 conca·

170 5501 872 5578 proditurquadauroraeonsorpasrs,puicbrout
887 5503 968 5569 luno,
1023 5499 1106 5568 bime,
1120 5498 1246 5572 quaedam
1260 5495 1489 5562 adolescentula3
1509 5494 1691 5553 sedlicattot
1704 5495 1820 5554 sintra-
1879 5515 1882 5524 ·

172 5589 264 5650 electu
274 5591 367 5664 utsot,
380 5588 518 5650 terribilis
528 5594 562 5648 at
573 5593 733 5651 castrorum
742 5588 967 5649 ceiesordiuutu.
1024 5589 1097 5661 ginae
1110 5588 1138 5646 in
1152 5585 1349 5662 spiritualibus,
1366 5592 1406 5644 tot
1423 5582 1582 5642 concubiae
1600 5583 1629 5642 in
1652 5584 1819 5651 carnalibus,
