3942 6067
206 234 260 289 bib
552 232 703 293 ttonoatt
720 234 975 295 tuuustonutt.
994 232 1074 293 ΟΡΡ.
1094 234 1183 293 PARS
1197 236 1245 293 lll.
1265 266 1300 288 v-
1314 235 1523 295 amotores.
1815 236 1871 293 956

206 356 251 425 rit,
273 356 331 427 iam
354 374 491 431 pressurae
512 360 594 433 buius
615 359 677 419 ritae
691 376 746 419 non
759 362 883 420 meminit
896 370 1007 436 propter
1020 365 1047 426 Δ
1062 359 1216 431 durissimi,
1241 375 1295 433 qun
1316 376 1383 419 crux
1406 368 1469 417 ante
1492 375 1543 419 nos
1566 366 1693 433 portatur
1706 375 1757 415 nus
1772 358 1870 433 seqni-

206 444 346 505 ineliabile
373 449 505 521 madium
530 449 606 525 qnod
631 457 696 507 tunc
722 451 849 509 omnibns
871 451 936 509 liliis
951 453 1009 509 suis
1063 465 1135 517 mur,
1150 448 1189 505 ita
1203 447 1471 521 exemplacmcilixit
1488 448 1589 505 Christi
1603 461 1751 522 aequamur
1773 454 1803 505 ut
1818 462 1872 521 par

206 535 315 616 dabitur
327 534 451 609 planum,
465 540 529 613 quia
543 547 609 597 tnnc
618 539 684 610 justi
705 540 776 598 sium
800 541 843 599 sol
865 536 1010 615 fulgebunt
1062 538 1229 611 triumphum
1243 537 1396 597 victoriosa
1411 538 1501 603 crucis
1515 537 1604 595 adilla
1613 536 1714 612 gaudia
1722 536 1871 610 peruenire

207 618 319 693 (ιιιιιιι.
334 621 399 695 aru)
412 630 441 683 at
451 624 573 700 ιιιιιιι
587 621 691 700 augatit
704 632 782 686 ιιιιι
797 626 908 695 (batth.
917 627 1003 699 ιιι).
1063 643 1233 687 mereamur.
1253 626 1344 699 Quam
1356 627 1454 689 oculus
1468 642 1524 690 non
1538 626 1605 685 uidit
1620 628 1645 701 (ι
1659 627 1720 687 tor.
1737 627 1781 699 ιι).

686 1038 755 1117 DE
782 1037 1122 1119 ASCENSIONE
1150 1042 1360 1119 DOMINI.

239 1274 372 1334 Eleusina
387 1278 442 1343 cat,
458 1273 555 1349 inquit,
571 1276 614 1335 act
626 1279 658 1333 st
670 1277 741 1334 tuaac
757 1277 840 1333 ιιιιιι
858 1277 892 1333 ιι
910 1276 1010 1335 ardiae
1064 1272 1160 1349 gloriae
1184 1273 1309 1332 Christus
1331 1273 1497 1331 monarchos
1518 1286 1635 1347 regnum
1659 1270 1763 1345 tyranni
1777 1286 1871 1344 erpu-

206 1379 257 1421 ιιι
280 1364 395 1437 (Babae.
424 1364 477 1436 ru),
502 1364 627 1421 Christus
646 1369 690 1421 est
711 1366 753 1423 sol
774 1372 893 1423 eternus
916 1380 934 1421 a
954 1381 1010 1439 quo
1063 1363 1166 1440 guerit,
1199 1364 1383 1436 captivitatem
1419 1362 1455 1419 ab
1482 1361 1544 1435 ipso
1571 1368 1678 1433 captam
1710 1360 1871 1433 captivavit,

204 1466 303 1510 omncs
317 1453 395 1510 chori
412 1452 574 1527 angelornm
589 1452 783 1524 illustrantur,
805 1454 851 1511 lux
874 1463 918 1513 eat
940 1470 1009 1511 vcra
1062 1452 1194 1510 muudum
1224 1452 1353 1511 rebellem
1379 1450 1484 1509 caelesti
1513 1449 1670 1523 reipublice
1696 1449 1867 1523 subjugavit,

204 1556 290 1615 aquo
302 1557 400 1599 omnes
414 1542 512 1599 enimse
526 1542 713 1599 illuminantur
728 1562 736 1611 3
752 1544 801 1617 qui
816 1544 880 1601 dum
895 1544 940 1602 hio
964 1544 1008 1600 la·
1062 1543 1144 1599 hodie
1169 1542 1256 1599 vietor
1275 1558 1335 1599 cum
1361 1540 1446 1598 nobili
1465 1540 1557 1614 praeda
1579 1539 1615 1595 ad
1629 1539 1741 1613 patriam
1757 1554 1870 1595 censea-

206 1631 317 1687 tuitsnb
338 1632 412 1688 nobe
433 1632 536 1702 carnis,
560 1632 750 1691 circumdatur
772 1632 1008 1707 caligincnoure
1063 1630 1113 1701 uit,
1136 1630 1178 1689 cui
1201 1639 1316 1688 senatus
1340 1628 1569 1705 archangelorum
1590 1644 1653 1686 cum
1677 1628 1750 1683 omni
1765 1626 1872 1684 milicia

207 1718 372 1792 tragilitatis,
388 1721 499 1777 undem
513 1722 548 1777 dc
563 1722 685 1778 tenebris
698 1722 797 1781 interni
812 1739 936 1780 emersus
953 1724 1006 1779 ho-
1021 1738 1048 1801 Β
1063 1722 1192 1777 coelorum
1218 1720 1330 1777 testirns
1357 1718 1466 1777 obviam
1495 1718 1639 1791 prooessit,
1666 1734 1762 1791 regem
1788 1732 1870 1772 suum

204 1807 250 1864 die
271 1808 410 1881 gloriosus
433 1827 516 1883 snper
538 1818 612 1867 astra
634 1812 742 1867 teratur
762 1828 795 1869 ac
809 1828 893 1885 super
910 1828 1007 1868 omncs
1063 1810 1192 1868 victorem
1207 1809 1355 1883 ymnilogis
1368 1808 1486 1865 modulis
1499 1804 1717 1882 gratulabundus
1742 1806 1866 1877 excepit.

204 1896 352 1972 dignitates
375 1898 536 1971 angelorum
562 1900 590 1955 in
613 1900 730 1959 dextera
757 1901 846 1957 Patris
875 1902 1009 1959 Dominus
1062 1899 1116 1971 Qui
1144 1914 1268 1973 purpura
1291 1900 1449 1965 decoratur,
1475 1897 1539 1971 qaia
1558 1911 1611 1970 pro
1634 1895 1761 1969 passione
1782 1910 1870 1968 ιιιιι

204 1986 360 2058 maiestatis
375 1988 517 2045 exaltatur.
533 1989 609 2045 Luna
623 1998 670 2047 ιιι
685 1990 813 2048 Ecclesia
826 1991 861 2047 ab
880 1991 928 2047 illo
942 1991 1008 2047 itin·
1063 1988 1176 2061 pertulit
1191 1988 1282 2062 gloria
1297 1994 1324 2045 ιι
1337 1989 1468 2045 honores
1487 1988 1566 2043 Patre
1578 1992 1744 2053 coronatum
1761 1984 1870 2057 dyade-

203 2075 306 2133 minata
319 2075 347 2133 in
361 2076 459 2134 ordine
473 2094 524 2134 suu
537 2078 622 2147 stetit,
638 2080 702 2136 dum
732 2096 794 2137 enm
824 2079 852 2137 iu
875 2080 1008 2153 apostolis
1064 2086 1138 2134 mate
1152 2093 1220 2135 auro
1235 2084 1262 2134 et
1276 2077 1352 2133 lauro
1367 2083 1496 2135 conserte
1511 2082 1662 2133 coronatur
1688 2074 1755 2131 dum
1772 2072 1869 2129 multi-

204 2164 290 2223 ooelos
311 2166 464 2223 ascendere
483 2168 639 2240 conspexit.
665 2169 792 2241 apostoli
811 2186 927 2245 namque
952 2172 1007 2228 Ec-
1063 2167 1155 2224 tudine
1169 2166 1331 2240 angelorum
1346 2173 1373 2221 ct
1395 2165 1537 2222 hominnm
1560 2164 1791 2221 circumornatur.
1811 2162 1872 2219 Per

204 2253 280 2311 lasiae
293 2255 362 2317 oado
377 2254 523 2315 extiterunt
535 2258 601 2315 dum
616 2258 641 2315 ei
654 2258 779 2316 ordinem
802 2269 876 2318 recte
897 2259 1008 2317 visendi
1062 2256 1123 2313 auri
1136 2256 1208 2312 enirn
1224 2255 1400 2327 splendorem
1415 2254 1578 2329 angelornm
1593 2252 1714 2319 claritas,
1730 2266 1780 2325 ιιι
1799 2249 1870 2305 lauri

203 2341 388 2415 instituerunt,
416 2354 445 2402 et
470 2345 588 2419 qualiter
614 2364 725 2407 cursum
753 2364 831 2405 sunm
845 2357 907 2422 post
921 2349 1008 2406 solem
1062 2360 1128 2405 vero
1143 2346 1260 2403 virorem
1275 2343 1407 2415 accipitur
1420 2343 1447 2399 in
1465 2341 1520 2401 hde
1534 2340 1669 2399 viriditas.
1686 2342 1718 2397 Et
1732 2340 1775 2396 his
1786 2339 1872 2412 quasi

202 2431 320 2504 justicie
333 2432 436 2509 dirigat
458 2450 521 2492 eam
536 2435 707 2493 erudierunt.
725 2436 748 2495 O
762 2452 845 2511 quam
863 2438 1009 2510 splendida
1063 2448 1166 2493 corona
1188 2440 1315 2491 contexta
1340 2432 1467 2489 Christus
1490 2431 1638 2507 insignitur
1662 2430 1728 2487 dum
1751 2431 1873 2487 humana

205 2535 309 2578 cornua
330 2522 390 2580 haec
412 2539 529 2581 nascens
558 2524 623 2582 luna
653 2524 737 2583 hodie
761 2525 856 2585 extulit
876 2527 939 2583 dum
965 2528 1007 2585 sol
1064 2522 1199 2597 fragilitas
1213 2522 1348 2597 angelice
1361 2520 1486 2595 dignitati
1501 2537 1550 2593 per
1565 2536 1628 2578 eum
1643 2520 1672 2575 in
1695 2518 1780 2592 gloria
1803 2518 1870 2575 uni-

205 2609 260 2669 alta
287 2619 383 2683 petam
404 2612 487 2683 juber
514 2614 609 2671 eterni
640 2614 756 2688 tutgon’s
783 2615 809 2672 ei
832 2614 953 2673 iutuditl
984 2617 1008 2675 0
1064 2620 1119 2680 tur,
1142 2612 1212 2669 sicut
1235 2628 1286 2684 per
1314 2612 1476 2683 Prophetam
1505 2608 1608 2667 dicbur
1632 2627 1640 2665 ι
1666 2609 1715 2665 His
1740 2606 1873 2665 omuibus

205 2711 287 2769 quam
315 2711 415 2754 sereno
445 2697 521 2755 vultu
550 2699 577 2755 in
596 2699 694 2757 ordine
707 2715 757 2756 sun
770 2699 844 2758 stetit
857 2700 922 2757 dum
938 2716 1008 2773 apo·
1065 2701 1144 2773 qnasi
1167 2714 1270 2757 corona
1290 2699 1433 2757 ornaberis
1455 2700 1542 2771 (Paci.
1563 2700 1623 2771 xx).
1643 2699 1684 2755 lte
1699 2698 1751 2755 hae
1763 2710 1872 2754 corona

205 2784 331 2843 stolicum
345 2785 470 2854 eborum,
486 2786 533 2861 qui
549 2792 607 2859 ejus
621 2788 691 2845 ordo
706 2790 802 2859 extitit,
819 2795 848 2847 et
870 2805 921 2862 per
944 2790 1008 2846 Vir·
1064 2790 1195 2863 scriptum
1211 2797 1253 2845 est
1269 2805 1276 2845 ι
1291 2790 1441 2847 &medicea
1454 2804 1566 2847 maone
1589 2788 1660 2845 anai
1681 2784 1872 2859 benignitatis

205 2872 298 2945 ginern
334 2874 386 2931 lici
419 2874 598 2945 Genitricem,
626 2894 688 2952 qum
715 2878 774 2949 ejus
801 2887 893 2951 typum
920 2879 1010 2952 gessit
1065 2884 1122 2937 tum
1148 2880 1238 2952 (t‘aut.
1267 2879 1356 2951 carr).
1386 2878 1511 2935 Christus
1526 2892 1646 2950 namque
1661 2883 1704 2934 eat
1717 2890 1805 2932 annus
1819 2874 1873 2931 Dei

205 2975 319 3019 manem
342 2980 419 3019 suam
442 2964 470 3021 iu
492 2966 581 3039 capite
603 2982 665 3035 suo,
681 2966 709 3023 id
723 2967 806 3025 estin
822 2968 1008 3042 Redemptum
1064 2968 1254 3042 benignitatis,
1280 2967 1365 3025 lactus
1392 2968 1529 3039 particeps
1556 2974 1659 3023 nostrae
1679 2963 1868 3021 mortalitatis.

205 3066 267 3119 sno,
281 3050 309 3107 in
334 3051 444 3125 sponso
467 3069 528 3122 sno,
553 3054 582 3109 in
594 3056 652 3114 Deo
667 3072 727 3124 suo,
743 3058 848 3115 ethera
862 3065 1010 3131 penetrare
1024 3098 1050 3165 G
1065 3059 1155 3130 lluy'us
1168 3074 1279 3114 menses
1293 3064 1356 3113 suat
1371 3058 1423 3113 Xll
1439 3054 1576 3128 apostoti;
1592 3055 1662 3123 dies,
1683 3054 1770 3124 ιἰιιιιι
1793 3053 1873 3110 horas

205 3139 363 3213 conspexit!
385 3140 408 3199 0
432 3142 522 3215 qualis
542 3143 640 3216 laeticia
662 3146 745 3203 hodie
766 3146 793 3203 in
818 3148 890 3205 coelo
904 3147 1010 3221 angelis
1065 3162 1141 3215 vero,
1165 3146 1272 3218 fideles,
1295 3154 1389 3203 noctes
1413 3146 1502 3202 adhuc
1517 3146 1544 3200 iu
1559 3143 1681 3203 tenebris
1704 3141 1874 3200 infidelitatis

207 3227 296 3288 oritur
309 3230 374 3287 dum
388 3230 440 3287 Dei
460 3231 554 3299 Filius,
579 3233 626 3307 qui
648 3234 684 3291 da
707 3234 815 3308 palacio
827 3235 854 3291 iu
867 3251 1009 3294 carcerem
1063 3244 1110 3294 ιιι
1134 3246 1310 3309 peecatomm
1334 3243 1467 3293 errantes.
1497 3235 1583 3303 liuius
1610 3232 1674 3289 anni
1701 3246 1805 3290 corona
1828 3239 1874 3289 est

205 3334 255 3391 pro
277 3334 369 3389 seruo,
394 3318 478 3376 immo
501 3321 536 3377 de
559 3322 644 3393 patria
665 3322 693 3380 in
717 3323 839 3390 exilium,
868 3325 932 3383 exul
960 3342 1010 3400 pro
1064 3325 1245 3383 circumstans
1269 3324 1430 3399 angelorum
1459 3331 1484 3381 et
1513 3322 1653 3379 bominum
1678 3319 1824 3377 multitudo
1842 3320 1874 3377 in

206 3407 296 3478 exule,
321 3407 457 3483 dirigitur,
481 3410 566 3468 hodie
591 3426 653 3469 cum
681 3412 821 3485 triumpho
844 3414 875 3471 iu
892 3432 1010 3491 reguum
1064 3414 1197 3486 perhenni
1210 3414 1312 3489 gloria.
1329 3414 1381 3470 Par
1395 3428 1507 3469 currum
1523 3427 1589 3468 auro
1603 3409 1634 3478 (b
1649 3412 1712 3481 tta)
1735 3416 1763 3466 et
1787 3425 1873 3483 gem-

206 3496 296 3555 l‘atria
319 3497 480 3555 reuertitur!
505 3500 584 3559 Unde
607 3509 634 3557 ιι
656 3501 717 3560 hec
735 3502 794 3561 dics
815 3504 944 3578 triumphi
958 3507 1010 3565 Dei
1065 3502 1116 3559 mis
1131 3502 1320 3576 conspicuum,
1336 3502 1365 3557 in
1378 3517 1433 3577 quo
1447 3500 1534 3559 victor
1562 3500 1719 3571 triumphat,
1749 3497 1875 3553 innuitur

206 3585 363 3659 appellatur
385 3587 413 3644 in
434 3603 489 3660 ιιι
512 3604 529 3646 ι
553 3599 649 3648 ιιιιιι
672 3592 792 3651 coelestis
808 3594 892 3653 curiae
906 3596 1010 3669 ymnidi
1065 3591 1254 3667 Evangelium,
1272 3590 1410 3665 sapientia
1425 3598 1451 3647 et
1465 3590 1553 3663 signis
1569 3588 1714 3663 fulgidum,
1731 3603 1782 3659 per
1796 3587 1874 3660 quod

206 3674 247 3731 eis
260 3675 387 3733 laudibus
401 3686 530 3751 acceptus
541 3680 638 3738 mortis
664 3680 698 3755 (b
714 3683 774 3753 tto,
790 3686 831 3755 rt)
859 3685 1010 3760 triumpha·
1065 3682 1175 3754 cognito
1208 3680 1308 3739 Christi
1340 3680 1476 3751 triumpho
1503 3678 1621 3735 mundus
1648 3677 1762 3733 carrltat.
1794 3676 1874 3733 ltotae

207 3771 259 3827 tor.
274 3764 336 3823 vitm
349 3775 444 3824 auctor
457 3766 638 3842 glorificatur.
1067 3770 1167 3843 quibus
1189 3787 1290 3827 currus
1310 3769 1428 3827 volvitur
1451 3776 1513 3825 sunt
1536 3766 1716 3841 euangelistae
1737 3780 1787 3839 per
1801 3780 1874 3839 quos

243 3856 320 3927 Apud
335 3856 476 3914 llomanos
491 3874 552 3915 mos
574 3860 741 3918 servabatur
764 3862 837 3935 quod
857 3862 1010 3921 victoribus
1064 3860 1219 3931 triumphus
1243 3858 1343 3916 Christi
1366 3858 1544 3930 depromitur.
1566 3856 1615 3913 llic
1644 3870 1741 3913 carrus
1754 3862 1876 3925 quatuor

206 3938 426 4012 triumphnshoc
440 3943 523 3999 modo
537 3942 734 4001 exhibebatur:
751 3946 903 4020 Postquam
919 3949 1009 4021 impe·
1064 3947 1153 4005 niveis
1167 3948 1245 4020 equis
1258 3946 1380 4013 trahitur,
1397 3946 1459 4019 ιιιίι
1473 3944 1596 4003 Christus
1623 3943 1651 3999 in
1672 3958 1754 4001 curru
1777 3942 1874 3999 Eran-

205 4034 283 4086 rator
301 4029 343 4087 vel
368 4030 464 4087 consul
486 4032 606 4107 aliquam
627 4042 735 4107 gentem
759 4036 881 4093 humano
895 4037 1009 4110 imperio
1064 4036 1129 4109 gelli
1143 4050 1160 4092 a
1174 4037 1334 4093 doctoribus
1348 4036 1375 4091 in
1389 4034 1535 4093 uirtutibus
1545 4032 1670 4093 candidis
1691 4048 1742 4104 per
1755 4038 1877 4105 quatuor

206 4118 289 4173 armis
304 4117 489 4192 subjugasset,
506 4130 532 4177 et
548 4121 636 4178 vietor
650 4140 713 4181 cum
732 4124 825 4197 praeda
846 4135 1008 4197 remeasset,
1064 4133 1156 4198 partes
1172 4124 1267 4181 mundi
1280 4124 1398 4182 vehitur.
1419 4124 1469 4182 llic
1482 4139 1581 4181 currus
1597 4122 1647 4179 Dei
1674 4122 1771 4179 decem
1796 4119 1874 4175 mili-

207 4214 363 4265 senatusue
378 4213 452 4265 totus
466 4209 585 4281 populus
598 4212 740 4268 Romanus
755 4212 780 4270 ei
804 4214 913 4272 obviam
929 4216 1009 4273 iesti-
1065 4214 1116 4270 bus
1131 4214 1271 4287 multiplex
1285 4221 1453 4271 memoratur
1466 4214 1555 4285 (Paul.
1571 4214 1658 4283 aava),
1686 4210 1750 4286 quia
1772 4209 1875 4265 trium-

208 4296 403 4367 rusprocedit,
420 4312 483 4353 cnm
497 4298 611 4356 canticis
624 4306 652 4355 ιι
665 4300 791 4357 laudibus
804 4302 934 4361 victorem
957 4324 1008 4363 cx·
1063 4304 1135 4375 phua
1163 4303 1262 4361 Christi
1291 4302 1325 4359 ab
1355 4302 1482 4359 omnibus
1508 4300 1688 4373 scriptoribus
1715 4297 1824 4357 Veteris
1846 4304 1877 4353 ιι

207 4382 294 4456 cipit;
316 4384 377 4456 ῖιιιι
399 4400 520 4458 purpura
538 4386 672 4455 induitur,
699 4389 832 4462 dyadema
852 4408 914 4450 cnm
930 4395 1009 4454 lauro
1063 4392 1134 4449 Nori
1147 4392 1316 4449 Testamenti
1332 4391 1512 4465 predicatur.
1541 4389 1615 4445 hlilia
1640 4387 1786 4447 laetantium
1809 4384 1878 4443 huie

207 4486 329 4545 auroque
350 4480 504 4531 contentum
528 4474 553 4531 ei
578 4476 737 4549 imponitur,
774 4481 803 4537 in
829 4498 915 4540 curru
942 4500 1011 4541 auro
1025 4466 1051 4529 D
1065 4482 1157 4540 carmi
1171 4480 1394 4539 accurruntdum
1410 4480 1493 4539 hodie
1514 4478 1685 4535 multamilia
1709 4475 1877 4550 angelorum

208 4562 373 4637 gamnisune
387 4563 521 4631 radiante,
536 4574 654 4637 quatuor
667 4568 756 4625 niueis
781 4572 860 4644 equis
880 4575 1013 4631 trahenti·
1067 4570 1280 4643 triumphantem
1292 4570 1440 4627 Dominum
1465 4570 1631 4641 suscipiunt.
1659 4564 1774 4623 Nobiles
1803 4565 1877 4637 capti

209 4652 272 4717 bus.
287 4652 354 4711 Urbi
368 4652 516 4711 invehitur.
535 4656 621 4712 Porro
640 4656 748 4715 nobiles
767 4659 832 4719 uicti
855 4663 1014 4735 precedam
1066 4660 1160 4717 aur·eis
1175 4661 1280 4717 catenis
1293 4660 1377 4717 uincti
1390 4674 1501 4717 currum
1518 4658 1677 4731 procedunt
1691 4655 1754 4728 quia
1764 4653 1876 4711 redem-

208 4755 314 4799 enrrum
328 4741 422 4801 aureis
434 4743 539 4801 catenis
554 4742 647 4801 macti.
663 4746 769 4820 Vulgus
782 4766 850 4807 uero
864 4752 1011 4824 captivum,
1066 4749 1106 4823 pti
1120 4766 1135 4805 a
1149 4750 1267 4807 Domino
1294 4748 1399 4807 catanis
1427 4748 1551 4805 caritatis
1579 4744 1719 4805 constricti
1747 4743 1875 4802 coelestia

208 4830 307 4887 uinctis
332 4832 460 4889 manibus
488 4842 551 4904 post
578 4840 698 4909 tergum,
728 4838 851 4912 sequitur
884 4856 1009 4899 currum.
1067 4845 1173 4911 petunt.
1189 4839 1293 4911 Vulgus
1312 4839 1402 4913 ligatis
1422 4838 1551 4895 manibus
1574 4835 1708 4901 seuuitur,
1731 4834 1795 4904 quia
1818 4848 1874 4905 po-

207 4920 310 4993 1'0fflp8
324 4921 407 4977 ctiam
421 4922 521 4994 preda
535 4923 618 4980 simul
633 4925 669 4981 ob
685 4925 794 5002 insigne
818 4929 940 4987 victorin
959 4932 1013 4987 du·
1066 4927 1145 4999 polus
1160 4944 1175 4983 a
1191 4928 1273 4985 malis
1287 4928 1417 5000 operibus
1432 4944 1462 4983 se
1476 4928 1573 4984 timore
1588 4924 1698 4983 Domini
1719 4923 1821 4997 ligans,
1838 4921 1874 4978 ad

207 5008 278 5068 citur
304 5017 331 5067 et
358 5011 398 5067 sic
427 5012 520 5070 uictor
547 5028 612 5070 cnm
641 5030 745 5089 magno
768 5017 1013 5090 tripudiosnmmo
1067 5015 1167 5091 gaudia
1189 5017 1366 5074 subvehitur.
1387 5018 1493 5090 Pompa
1507 5016 1608 5089 praedm
1622 5030 1733 5073 currum
1751 5011 1875 5069 comita-

208 5099 310 5173 tcmplo
324 5099 462 5157 laureatus
478 5100 616 5159 inducitur
629 5110 656 5159 et
672 5110 735 5162 tunc
749 5106 843 5178 preda
857 5107 958 5181 populo
972 5108 1013 5164 nia
1067 5112 1121 5173 tur,
1145 5105 1207 5181 quie
1229 5116 1387 5165 sauctorum
1411 5104 1555 5162 multitudo
1578 5120 1639 5162 cnm
1654 5102 1761 5161 Christo
1774 5118 1873 5158 resur-

209 5188 318 5247 viditur.
1067 5210 1136 5269 gens
1151 5195 1231 5252 bodie
1246 5211 1307 5253 cum
1322 5212 1355 5253 en
1368 5197 1403 5253 ud
1418 5186 1523 5269 sydera
1534 5194 1678 5251 exaltatur.
1695 5190 1790 5249 Victor
1809 5204 1873 5247 curn

242 5278 320 5335 Tunc
341 5277 470 5349 triumphi
492 5280 625 5338 honoram
647 5280 771 5340 Romana
796 5284 922 5342 nobilitas
936 5302 1013 5344 snm-
1067 5290 1149 5341 cantu
1163 5284 1190 5343 in
1206 5300 1342 5342 summum
1368 5284 1497 5357 templum
1524 5282 1643 5349 ducitur,
1671 5280 1735 5356 quia
1749 5280 1875 5337 Christus

207 5365 261 5422 mis
274 5365 425 5423 ιίιιοιίιιι
439 5381 492 5438 ιιι
504 5368 644 5426 mundana
657 5372 768 5444 quidem
783 5373 869 5447 gloria
880 5376 1014 5451 exhibuit,
1067 5373 1237 5447 triumphans
1255 5386 1319 5433 cum
1342 5382 1477 5433 concentu
1500 5370 1662 5447 angelorum
1690 5370 1719 5425 in
1738 5368 1873 5441 templum

208 5455 258 5512 sed
272 5456 347 5514 Dens
361 5454 442 5512 etiarn
456 5470 509 5529 par
519 5456 655 5529 inimicos,
672 5475 734 5517 cnm
757 5464 838 5521 amici
861 5464 944 5522 taturi
965 5484 1013 5525 cs·
1067 5462 1187 5521 coelestia
1202 5464 1375 5521 Hierusalem
1388 5463 1471 5521 hodie
1490 5462 1635 5519 inducitur.
1662 5462 1759 5518 Postea
1782 5456 1874 5529 spolia

208 5551 279 5611 saut,
304 5544 424 5619 gloriam
451 5547 551 5603 summi
578 5546 689 5606 victoris
714 5551 816 5609 Christi
840 5556 1014 5630 praefigurari
1067 5551 1169 5627 populo
1183 5553 1353 5621 dividuntur,
1369 5554 1434 5627 quia
1448 5568 1499 5624 per
1513 5550 1675 5609 effusionem
1689 5546 1874 5619 mnetiSpiri-

208 5630 309 5687 rolait.
348 5633 515 5706 triumphos
544 5636 620 5695 enirn
648 5638 833 5699 homanorum
859 5659 958 5716 regum
984 5646 1014 5703 in
1067 5650 1112 5699 tus
1126 5642 1201 5700 saria
1216 5644 1368 5701 karismata
1381 5641 1510 5699 fidelibus
1525 5640 1691 5699 tribuuntur.
1707 5637 1786 5697 Unde
1800 5635 1873 5693 dici·

209 5714 300 5790 ΨΥ·
322 5721 464 5790 ummah
488 5722 651 5785 hodiernum
676 5728 853 5805 triumphum,
876 5750 942 5794 nam
954 5736 1013 5795 linx
1066 5739 1130 5795 tur.
1145 5726 1873 5808 Ascandcuainaltumcapttuumduxttccptirttn·
