3942 6067
98 305 169 359 ists

693 298 873 357 nrtsrotu
889 298 935 355 ΕΤ
952 297 1170 355 bretonum.

1693 292 1789 363 tsto'
1824 334 1831 345 ·

109 424 224 481 ismensi
239 424 368 498 episcopo
383 432 411 479 et
425 430 526 481 senetre
553 422 684 479 Romanus
711 422 844 478 Ecclesiae
858 423 900 479 fe·
914 423 944 483 Α
958 422 1129 494 risopitensis
1160 422 1281 495 episcopi
1309 431 1335 480 et
1360 424 1611 497 ffemperiegieusis
1638 428 1755 497 abbatis,

98 518 173 583 gato,
190 510 396 574 Enuaueaanrs
410 509 560 574 comitisse,
578 507 686 565 humilis
700 517 795 565 vestre
810 507 904 563 bumi-

96 598 185 653 litutis
200 598 308 664 ancille,
325 597 452 654 salutem.

135 685 337 743 Benevoleutiae
351 698 453 749 restrae
463 686 564 759 gratias
575 700 628 758 agn
638 686 710 757 quod
726 685 904 741 bumilitatem

100 792 192 833 meam
220 784 247 830 et
274 775 362 831 salute
376 784 464 831 vestra
479 784 506 833 et
521 775 712 832 benedictione
726 774 782 831 imo
797 784 823 831 et
839 790 904 830 ora-

99 865 176 921 tione
190 863 354 935 dignemini.
375 862 454 933 Quod
466 870 556 919 sutem
573 862 641 917 mibi
666 862 801 935 imponitis
817 871 844 918 ut
859 862 903 917 iu-

34 986 37 992 ·
99 961 141 1009 ter
154 953 307 1009 monachos
322 952 500 1009 concordiam
515 958 542 1007 et
556 968 652 1022 pacem
676 951 825 1008 reformare
844 958 903 1007 stu-

95 1042 187 1106 deam,
203 1056 252 1112 pro
268 1040 384 1111 imperio
400 1048 491 1096 restro
511 1039 600 1097 libens
624 1038 776 1111 amplector
796 1056 802 1093 :
820 1056 903 1095 uuum

95 1129 162 1185 mibi
177 1130 321 1187 molestum
337 1137 390 1199 eat,
417 1128 491 1202 quod
507 1130 683 1186 Rotouenaes
696 1136 724 1185 et
742 1128 903 1185 interdictos

94 1218 195 1276 tenetis
226 1227 252 1273 et
279 1218 544 1275 excommunicatos.
563 1218 622 1274 Hoc
637 1217 660 1272 si
675 1227 774 1274 restrae
795 1217 902 1274 disere-

94 1305 161 1362 tIoni
189 1306 320 1377 placeret,
345 1305 381 1363 ad
408 1313 515 1379 tempus
531 1312 668 1377 oporteret
682 1304 811 1372 relaxari,
828 1322 904 1377 pree-

94 1394 188 1451 sertim
216 1410 279 1452 cum
307 1392 379 1449 filius
406 1411 484 1453 meus
498 1394 527 1449 in
541 1395 595 1451 boe
614 1410 644 1450 se
659 1394 776 1450 maxime
789 1392 902 1465 grerari

94 1492 122 1539 et
136 1484 284 1539 mouscbos
299 1482 420 1553 injuriari
434 1490 578 1555 queratur.
596 1480 738 1555 Quidquid
763 1488 838 1543 enirn
857 1482 902 1539 bic

95 1570 172 1635 fecit,
187 1588 220 1627 ex
237 1580 376 1645 praecepto
390 1571 494 1627 domini
510 1588 588 1643 papie
603 1580 629 1627 et
645 1580 735 1627 vestro
750 1572 849 1627 asserit
871 1588 902 1627 se

92 1659 206 1722 fecisse,
222 1668 249 1715 et
263 1661 288 1714 si
307 1660 374 1732 quid
402 1659 551 1729 aberravit,
572 1660 678 1730 judicio
706 1662 900 1733 episcoporum

958 512 1092 583 quasdem
1108 512 1186 567 etiem
1201 513 1235 567 sd
1249 512 1392 569 dominum
1407 514 1526 587 legatum
1541 516 1574 570 de
1590 516 1687 573 eodem
1708 534 1759 573 ne-

956 600 1032 673 gotio
1048 601 1175 669 vidimus,
1197 602 1350 674 inquibus,
1367 606 1443 659 salve
1458 612 1547 661 vestre
1572 605 1663 677 gratia
1684 607 1756 675 dieo,

957 688 1100 744 consilium
1117 690 1181 745 iliud
1196 707 1273 763 papae
1295 692 1369 765 quod
1393 692 1481 750 dicitis
1496 710 1668 767 nequaquam
1689 713 1758 753 eon-

957 783 1052 833 sonat.
1072 780 1205 835 Caeterum
1220 780 1293 853 quod
1307 781 1375 837 iliud
1390 784 1536 840 emendare
1550 784 1715 857 promittitis,
1732 793 1759 844 et

956 865 1074 923 consilio
1095 876 1189 924 nostro
1213 869 1271 926 eive
1292 868 1394 939 judicio
1415 880 1498 944 etque
1524 872 1692 930 confratrum
1705 890 1759 933 uo-

956 957 1078 1021 strornm
1094 956 1284 1029 episcoporum
1300 958 1444 1017 britannice
1457 960 1492 1017 de
1507 978 1535 1017 re
1550 960 1603 1018 istu
1618 970 1756 1038 sategere,

956 1042 1071 1099 multum
1087 1044 1167 1100 nobis
1181 1044 1280 1117 placet,
1302 1054 1329 1103 et
1343 1048 1406 1104 iude
1421 1048 1499 1105 vobis
1523 1050 1666 1107 referimus
1690 1071 1757 1127 gra-

956 1127 1023 1185 tias.
1042 1131 1091 1187 Est
1105 1131 1196 1203 itaque
1212 1132 1356 1191 consilium
1371 1144 1496 1193 nostrum
1509 1136 1585 1209 ipsos
1603 1138 1757 1199 confratres
1833 1131 1835 1140 ’

956 1226 1076 1287 nostros,
1094 1220 1327 1293 corisopitensem
1350 1224 1454 1282 scilieet
1479 1233 1507 1282 et
1533 1226 1757 1305 Kemperfegien-

956 1322 1016 1363 sem
1040 1308 1178 1377 abbatem,
1207 1310 1242 1365 sd
1271 1311 1425 1369 dilectionis
1448 1318 1550 1371 veslrte
1563 1316 1756 1390 benignitatem
1811 1378 1814 1388 ,

955 1396 1087 1469 dirigere,
1105 1406 1132 1454 et
1143 1412 1194 1457 vos
1209 1406 1336 1472 tunquam
1351 1398 1542 1459 charissimum
1558 1404 1640 1461 filiurn
1653 1406 1756 1479 depre-

956 1484 1013 1541 cari
1028 1494 1055 1541 et
1069 1487 1213 1543 exborteri
1227 1487 1353 1556 tidefiter,
1369 1501 1506 1561 quatenus
1520 1492 1548 1549 in
1568 1495 1618 1553 bec
1632 1512 1662 1553 re
1676 1512 1756 1554 com·
1826 1494 1828 1510 '

956 1574 1154 1633 monitionibus
1192 1592 1239 1633 seu
1269 1576 1352 1633 etiam
1380 1581 1522 1652 preceptis
1550 1582 1652 1641 domini
1679 1602 1757 1659 pepe
1825 1601 1830 1609 ·

956 1662 1103 1729 Pesebelis,
1127 1664 1363 1737 preceptionibus
1384 1685 1492 1741 quoquc
1519 1672 1756 1742 predecessorum

99 1764 212 1804 suorum
228 1756 329 1821 presto
348 1754 390 1804 eet
404 1748 570 1819 emendsre;
587 1748 636 1805 sed
655 1756 682 1804 et
705 1749 733 1804 in
751 1758 899 1820 conspectu
913 1775 940 1834 B
954 1746 1013 1816 ejus
1043 1746 1210 1819 pontificum,
1227 1766 1344 1822 quorum
1363 1754 1511 1827 privilegis
1525 1756 1560 1813 de
1575 1757 1626 1814 bae
1640 1774 1755 1829 posses-

96 1841 198 1899 vestro,
214 1831 238 1886 si
253 1833 288 1887 ed
303 1832 393 1889 locum
413 1832 541 1888 idoneum
557 1832 702 1899 accedatis,
723 1832 756 1888 de
771 1833 897 1888 omnibus
952 1836 1031 1892 aione
1058 1837 1309 1911 Kamperfegiensis
1323 1843 1488 1900 monasterii
1502 1844 1631 1916 vidimus,
1644 1860 1757 1921 neque-

96 1936 293 1991 respousnrum
313 1937 343 1975 se
363 1920 439 1984 dicit,
463 1930 490 1977 et
505 1922 576 1993 quod
589 1921 691 1991 justitia
711 1920 832 1994 exegerit
847 1922 899 1979 boc
951 1939 1034 1997 quam
1059 1926 1194 1983 obsistere
1221 1927 1364 1985 studeatis.
1389 1930 1482 1987 Potius
1507 1933 1584 2003 juxte
1607 1938 1755 1995 consilium

100 2008 250 2065 facturum.
269 2008 341 2065 Bene
367 2009 451 2081 igitur
475 2008 592 2065 feceritis
620 2008 643 2065 si
667 2009 791 2067 induciae
813 2026 900 2082 usque
952 2012 1055 2070 domini
1084 2030 1162 2085 papae
1176 2016 1315 2073 Pascbelis
1329 2026 1356 2075 et
1370 2019 1588 2093 [ingolismensis
1602 2024 1685 2098 legati
1702 2034 1756 2085 ad·

100 2096 136 2151 ed
151 2094 299 2153 concilium
314 2106 435 2153 vestrum
451 2106 478 2153 et
492 2096 585 2154 comiti
600 2098 670 2155 detis
695 2108 722 2155 et
743 2100 897 2155 monacbis.
949 2101 1098 2176 judicatam
1113 2104 1318 2176 perceptionem
1342 2106 1615 2182 Kemperfegienseru
1629 2114 1755 2173 ubbatem

100 2184 362 2258 Kemperlegienses
391 2202 508 2259 qnoque,
533 2202 635 2258 queso,
658 2186 764 2241 interim
788 2186 823 2243 ad
849 2203 901 2244 uos
952 2205 1002 2247 ros
1028 2190 1146 2262 pleniter
1169 2192 1301 2251 investire
1315 2194 1470 2264 leudamus,
1487 2198 1678 2271 deprecamur,
1694 2220 1756 2263 mo-

96 2272 218 2347 dirigite,
234 2274 310 2329 utde
325 2273 545 2332 concordiaDco
566 2282 704 2331 annuente
728 2284 898 2332 tractemus:
954 2290 1061 2342 nemus,
1091 2283 1119 2333 et
1147 2277 1169 2332 si
1194 2278 1336 2349 querelem
1351 2280 1428 2337 istem
1445 2284 1560 2341 consilio
1574 2284 1688 2345 fratrum
1702 2304 1756 2347 uo·

100 2362 151 2417 sed
178 2368 205 2418 et
232 2362 373 2419 dominum
388 2362 619 2437 corisopitensem
635 2380 746 2435 pervus
761 2379 900 2439 rogamus,
954 2372 1072 2419 strorum
1099 2364 1290 2439 episcoporum
1305 2367 1453 2427 Britanniae
1464 2372 1619 2443 pacificare,
1635 2377 1693 2434 Deo
1704 2377 1755 2450 ju-

99 2458 128 2505 ut
158 2450 260 2521 redeat,
284 2450 496 2523 plenamafilio
514 2452 742 2509 ureosecuudum
757 2452 900 2509 consilium
955 2459 1045 2519 vante,
1074 2453 1199 2523 potestis,
1227 2452 1354 2512 volumus
1380 2465 1407 2514 et
1433 2460 1623 2526 concedimus.
1642 2464 1754 2535 Verum,

99 2538 292 2610 episeopomm
311 2547 510 2597 consecuturus
522 2540 656 2611 justitiam
670 2540 713 2597 vel
728 2550 901 2599 assecuturus
955 2540 1029 2611 quod
1044 2540 1135 2597 absitl
1151 2541 1175 2598 si
1190 2542 1224 2599 ad
1238 2559 1362 2615 presens
1376 2556 1501 2618 pacatum
1530 2549 1614 2607 finem
1634 2569 1691 2609 non
1714 2563 1757 2613 est

98 2622 288 2679 concordiam.
319 2624 366 2680 Sin
391 2632 481 2680 autem
494 2623 561 2678 nibil
576 2625 672 2680 horum
686 2625 837 2697 prudentie
851 2642 900 2685 ve·
955 2628 1091 2695 habiture,
1108 2646 1159 2687 nos
1173 2647 1224 2703 per
1237 2632 1288 2691 Dei
1307 2634 1423 2708 gratiam
1451 2646 1605 2709 opportuno
1632 2650 1757 2714 temporo

99 2720 166 2767 stre
190 2712 277 2777 sedet,
294 2708 367 2769 filius
380 2730 459 2770 meus
473 2712 501 2767 iu
516 2712 633 2771 concilio
661 2723 753 2771 vestro
776 2715 848 2787 quod
876 2712 903 2771 ei
955 2724 983 2773 et
997 2716 1068 2785 loco,
1080 2717 1156 2789 juxte
1171 2720 1244 2793 quod
1258 2720 1349 2793 petitis
1370 2731 1396 2779 et
1416 2740 1467 2782 nos
1482 2726 1625 2799 debemus,
1636 2730 1747 2800 justitie

100 2800 169 2855 ratio
183 2800 343 2871 ostenderit,
358 2817 408 2875 per
422 2801 567 2874 episcopos
577 2813 603 2858 et
616 2802 730 2859 abbates
744 2820 809 2860 snos
824 2804 902 2861 vobis

99 2888 266 2961 respondere
280 2890 399 2946 curabit.

468 2996 521 3053 tx.

95 3120 137 3177 Ad
151 3119 338 3179 cislebertum
351 3119 528 3178 Turonorum
541 3120 783 3195 arehiepiscopum
793 3124 899 3182 littere
914 3126 941 3190 G

372 3191 482 3249 Consul
495 3194 620 3251 comitis.

129 3330 317 3400 creemur,
338 3332 391 3389 Dei
412 3334 500 3408 gratie
524 3333 676 3392 Turonensi
691 3335 899 3411 archiepiscopo

97 3420 199 3479 dilecto
212 3437 262 3477 suo
278 3421 449 3491 dulcissimo,
464 3423 601 3481 Coruinus
615 3424 804 3481 Britannorum
829 3426 899 3499 dux,

96 3510 213 3566 sulutem
227 3517 254 3566 et
266 3509 423 3567 servitium.
717 3521 719 3524 ’

134 3594 232 3651 cretes
245 3595 281 3651 de
294 3594 368 3650 bono
382 3594 457 3666 quod
470 3594 536 3649 mibi
550 3596 683 3652 mandare
703 3596 808 3671 dignati
833 3600 899 3656 estis

99 3678 179 3735 vobis
208 3694 263 3735 non
286 3678 410 3735 modicus
431 3680 521 3737 refero
537 3694 544 3734 :
560 3680 595 3735 de
608 3681 661 3737 boe
675 3690 765 3738 eutem
779 3684 853 3757 quod
865 3685 900 3741 de

95 3764 228 3834 episeopo
247 3763 447 3834 corisopitensi
461 3772 488 3820 at
502 3764 603 3820 abbate
630 3780 680 3821 ruo
702 3767 769 3821 mibi
782 3769 901 3824 munde-

92 3851 155 3918 stis,
170 3851 250 3908 robis
263 3852 418 3925 respondeo
432 3853 523 3922 me,si
537 3868 615 3909 error
628 3853 688 3923 fuit,
702 3855 782 3925 jussu
796 3856 901 3913 domiui

97 3955 177 4011 pepe
192 3940 339 4007 erravisse,
354 3948 382 3997 et
409 3939 591 3998 ibentissime
617 3952 709 3999 restro
737 3946 854 4003 consilio
872 3954 901 4004 et

91 4027 242 4085 britannie
270 4028 462 4101 episcoporum
476 4046 522 4087 me
536 4031 708 4089 malefactum
737 4035 899 4092 emendatu-

92 4134 165 4182 rum,
179 4121 226 4175 aut
239 4117 264 4173 si
277 4117 332 4189 ipsi
347 4118 461 4186 melum,
487 4120 680 4177 rectitudinem
702 4137 797 4179 coram
822 4125 899 4180 robis

95 4214 124 4261 et
136 4206 284 4264 Britanniae
298 4208 436 4279 episeopis
450 4205 594 4265 facturum.
613 4211 691 4267 Unde
703 4212 784 4268 robis
797 4213 899 4270 mando

98 4302 125 4351 et
138 4295 254 4351 multum
267 4295 394 4367 imploro,
410 4304 440 4353 ut
453 4297 541 4355 nostri
553 4298 643 4371 gratia
667 4299 702 4356 ad
729 4316 814 4357 uuum
832 4300 899 4360 isto·

95 4398 156 4440 rum
168 4384 233 4443 ilios
246 4385 392 4443 moumtia.

472 4530 511 4587 X.

113 4633 265 4694 Gislelrertl
285 4636 468 4701 Turonorum.
489 4640 705 4712 archipresulis
720 4642 826 4702 littere
839 4646 876 4703 ud

341 4710 487 4767 crunnum
500 4714 641 4769 comitem.

129 4848 337 4918 cremamus,
353 4850 462 4907 humilis
476 4851 527 4910 Ilei
539 4853 630 4927 grstia
642 4853 814 4913 Turonorum
837 4858 892 4914 mi-

92 4938 191 5009 nister,
214 4937 314 4995 dileoto
328 4938 384 4996 lilio
399 4940 515 4998 consuo
533 4942 632 5000 illustri
652 4944 798 5005 Britanniae
820 4947 892 5018 duci,

95 5026 213 5086 sefutern
227 5034 255 5082 et
270 5027 500 5085 benedictionem.

129 5115 161 5167 fn
184 5111 281 5183 primis
305 5111 413 5167 debitus
433 5114 512 5169 robis
530 5115 634 5187 gratias
648 5114 804 5190 referimus,
820 5121 894 5195 quod

92 5201 219 5258 nuntium
236 5208 360 5257 nostrum
374 5202 409 5256 ad
423 5217 483 5267 vos,
499 5204 569 5259 sicut
583 5221 618 5260 ex
629 5206 724 5263 verbis
737 5209 824 5281 ipsius
845 5225 893 5267 ec·

98 5290 231 5362 cepimus.
254 5288 407 5345 honorifice
430 5291 591 5362 suscepistis
605 5308 612 5348 :
626 5294 711 5351 multo
725 5296 807 5353 etiam
826 5315 893 5371 grs-

95 5378 150 5435 tius
173 5378 255 5435 nobis
281 5378 332 5434 fuit
359 5377 432 5450 quod
447 5379 482 5435 ud
497 5376 704 5452 deprecationis
712 5392 739 5439 et
752 5386 893 5456 petitionis

93 5476 196 5524 nostrae
221 5467 389 5542 legstioneru
411 5468 557 5541 benignius
570 5470 593 5524 si
608 5472 738 5541 perficitis
750 5476 893 5546 respondi·

93 5556 156 5612 stis.
176 5556 217 5613 Ite
231 5572 265 5613 eo
279 5562 373 5614 temen
385 5556 459 5629 quod
472 5558 589 5615 consiliu
609 5560 712 5617 domini
738 5578 817 5635 pepe
840 5580 892 5623 ros

94 5654 216 5707 errasse,
230 5642 254 5697 si
267 5656 349 5699 error
363 5640 425 5710 fuit,
442 5641 627 5715 significastis,
642 5661 693 5718 pro
707 5655 784 5703 certo
795 5648 892 5708 scitote

94 5729 168 5805 quod
182 5730 316 5802 quasdam
330 5729 417 5803 ipsius
431 5730 536 5791 litteras
549 5733 583 5790 ad
597 5750 646 5793 ros
661 5735 696 5793 dc
710 5737 821 5810 querefa
836 5738 891 5799 co-

955 2804 1095 2880 utriusque
1110 2808 1195 2880 partis
1209 2824 1265 2867 non
1279 2810 1430 2871 deerimus.

1328 2960 1382 3019 xt.

954 3061 1152 3133 Lugdunensis
1160 3068 1188 3121 et
1198 3065 1355 3125 cuuucuoe
1367 3069 1498 3129 ceclesire
1507 3075 1756 3154 archiepiscopiud

1141 3134 1384 3208 Eugolumenrem
1398 3145 1570 3217 episcopum.

989 3248 1112 3323 Egregio
1127 3248 1204 3307 fratri
1219 3252 1366 3325 Garama,
1382 3260 1534 3319 reverendo
1550 3262 1755 3337 Engolismensi

953 3336 1084 3410 episcopo
1110 3346 1139 3395 et
1166 3342 1328 3413 apostolicus
1354 3345 1430 3403 aedis
1443 3348 1557 3419 vicario,
1572 3350 1756 3417 loerurnrtus

954 3426 1146 3501 Lugdunensis
1172 3430 1304 3491 Eccleaiee
1318 3449 1423 3505 servus,
1439 3444 1466 3495 et
1479 3441 1642 3499 bussetum
1656 3444 1755 3503 bisun-

954 3514 1026 3571 tinus
1053 3516 1288 3592 ercbiepiaoopua,
1310 3522 1428 3581 salutem
1455 3534 1482 3583 et
1501 3523 1588 3587 uestri
1607 3531 1754 3593 sacerdotii

954 3602 1128 3674 dignitatern.

990 3692 1128 3749 iudicium
1144 3710 1197 3765 quo
1212 3696 1341 3754 discretio
1357 3708 1448 3757 vestra
1463 3709 1679 3767 controversiam
1694 3728 1755 3785 quse

953 3777 1025 3835 iuter
1041 3782 1219 3839 curbundum
1234 3785 1362 3843 ebbetem
1382 3788 1488 3847 Sancte
1504 3792 1598 3852 crucis
1623 3799 1757 3871 Kemper·

954 3866 1107 3941 legiensem
1133 3878 1159 3927 et
1182 3873 1319 3929 fierveum
1338 3876 1523 3937 Rotoneusem
1547 3884 1675 3944 abbatem
1697 3897 1756 3946 ter·

953 3957 1077 4025 minavit,
1094 3957 1219 4017 dominus
1234 3978 1304 4035 pepe
1317 3968 1432 4023 audiens
1452 3978 1479 4025 et
1500 3972 1659 4031 auctoritate
1679 3976 1755 4035 litle-

953 4062 1045 4101 rarum
1069 4062 1189 4117 suerum,
1213 4051 1346 4125 quidquid
1361 4055 1424 4112 inde
1440 4058 1570 4129 feceritis,
1590 4066 1755 4123 corrobora-

953 4132 1005 4189 rit.
1024 4134 1083 4191 Nos
1095 4136 1179 4208 igitur
1193 4139 1228 4196 de
1240 4140 1346 4211 justitia
1359 4159 1392 4200 ec
1407 4146 1568 4206 rectitudine
1583 4160 1673 4210 vestre
1691 4155 1756 4226 pfu-

953 4222 1053 4279 rimum
1070 4223 1248 4293 confidentes,
1265 4246 1442 4303 summopere
1465 4246 1586 4295 restrum
1614 4240 1753 4310 deprece-

952 4328 1014 4367 mur
1035 4314 1206 4387 dignitstem,
1238 4326 1375 4389 quatenns
1400 4323 1544 4393 praefstum
1572 4328 1753 4402 judicium,a

952 4401 1064 4458 domino
1091 4418 1164 4476 pepe
1191 4404 1394 4479 confirmatum,
1408 4422 1540 4485 perpetuo
1554 4418 1643 4475 teneri
1657 4428 1686 4478 et
1699 4424 1752 4481 ob-

904 4484 1055 4551 Dsersari
1081 4490 1222 4563 facientes,
1240 4494 1333 4552 abbati
1361 4499 1470 4558 Sancte
1496 4503 1592 4562 Crucis
1616 4508 1751 4579 justitium

946 4587 1148 4652 competentem
1175 4598 1208 4639 ec
1232 4582 1385 4657 legitimam
1403 4587 1519 4659 fecistis,
1536 4593 1625 4653 donec
1636 4597 1683 4667 ius
1696 4600 1749 4659 Ee-

922 4750 925 4754 ?
945 4666 1038 4725 clesie
1051 4685 1108 4726 suae
1121 4669 1223 4742 iupuce
1238 4674 1387 4744 possideat,
1404 4678 1522 4736 scientes
1537 4698 1587 4739 noe
1601 4700 1651 4755 pro
1665 4693 1741 4744 certo

946 4756 1032 4814 multo
1047 4757 1089 4813 bis
1104 4758 1208 4829 majora
1222 4776 1273 4833 pro
1288 4763 1367 4819 vobis
1381 4764 1512 4836 facturos,
1527 4770 1551 4825 si
1577 4786 1631 4845 ope
1653 4782 1749 4832 nostra

946 4844 976 4901 in
1001 4845 1092 4919 aliquo
1106 4848 1217 4920 negotio
1230 4850 1406 4925 indigeretis.
1429 4855 1561 4929 Optamus
1576 4875 1624 4918 vos
1637 4878 1748 4937 semper

946 4934 1017 4991 bene
1032 4935 1128 4994 valere
1142 4944 1169 4993 et
1183 4936 1211 4995 in
1226 4940 1354 4998 omnibus
1369 4942 1485 5001 viriliter
1496 4962 1591 5019 egere.

1320 5118 1381 5176 ΧΗ.

947 5214 1104 5288 Exemplar
1119 5218 1285 5277 litterarum
1303 5222 1452 5281 Purcbulir
1466 5242 1547 5299 pape
1560 5229 1597 5287 cd
1612 5230 1743 5305 Eupolis-

982 5304 1108 5345 mensem
1124 5291 1263 5363 tegulum.
1282 5323 1316 5333 —
1331 5296 1480 5365 efflictum
1505 5304 1680 5361 consolatur.
1697 5310 1743 5366 fn-

983 5361 1135 5417 terdirtum
1150 5362 1243 5419 abluti
1258 5366 1410 5421 flotouensi
1420 5368 1535 5427 illatum
1546 5375 1705 5446 coufirmat.

984 5497 996 5525 e
1018 5476 1158 5533 Pssebalis
1173 5479 1332 5553 episcopus,
1349 5503 1361 5534 s
1378 5492 1430 5543 etc.

983 5586 995 5615 a
1017 5565 1187 5623 Fraterniteti
1201 5576 1308 5639 vestre,
1326 5576 1409 5631 ueto.

945 5654 1047 5801 5⁰{ide
1057 5656 1089 5712 iu
1099 5657 1241 5729 Pcrcboli,
1251 5660 1418 5735 l’utrolopioe
1429 5666 1449 5721 t.
1462 5664 1579 5741 cLlei,
1591 5671 1650 5731 rud.
1660 5692 1741 5737 num.
