3942 6067
205 209 255 269 aar
541 210 965 277 nouonusnoosroouu.
988 187 1530 294 orr.eaus111.ssurneerca.
1805 243 1855 297 aaa

203 350 352 409 possumus
363 336 422 394 Dec
436 336 539 395 offerre
553 341 840 413 agnominnocentiae,
855 342 1004 401 oderamus
1018 351 1046 413 Α
1060 351 1187 411 universo
1202 356 1303 415 mundo
1317 360 1376 416 ileo
1398 360 1471 417 Patri
1493 360 1561 420 idas
1586 362 1707 420 debitum
1725 365 1859 425 solvebat.

207 432 330 483 turtures
344 426 655 499 pmniteutiae,Etduos
669 430 732 505 (sic)
747 429 903 503 offeramus,
921 441 949 489 ut
965 434 1008 490 vi·
1063 441 1179 514 Propter
1200 446 1286 502 Adam
1315 457 1373 505 erat
1400 458 1472 507 totus
1501 452 1620 509 mundus
1645 454 1809 511 maledictus
1837 465 1860 511 et

207 513 308 573 delicet
332 515 438 589 jugiter
463 516 612 574 defleamus
646 520 720 592 quod
748 522 880 593 paradysi
907 523 1009 595 gaudia
1063 530 1229 591 damnationi
1244 537 1385 608 addictus;
1412 549 1524 613 propter
1552 542 1689 599 Christum
1703 545 1860 617 ,uniuersus

207 602 364 673 amisimus,
390 605 426 661 ob
448 605 501 663 hoc
518 604 590 677 quod
613 622 644 663 ea
664 624 726 681 qum
749 609 840 667 iacere
864 610 1009 668 debuimus
1061 623 1181 679 mundus
1196 634 1268 683 esra
1295 627 1354 685 Deo
1381 629 1543 689 appodiatus
1570 639 1598 688 st
1625 634 1739 704 perenni
1765 634 1860 707 glorie

206 694 360 761 amisimus,
375 692 418 751 vei
449 694 521 767 quod
536 696 668 769 supplicia
685 698 774 755 tartari
796 702 1006 771 promeruimus,
1062 712 1208 784 ascriptus,

205 784 242 841 cb
258 784 309 841 hoc
324 782 397 857 quad
415 782 500 840 multa
527 801 589 858 quas
614 802 670 843 non
698 786 843 845 debuimus
870 790 1008 847 commisi·
1097 815 1273 888 Quodhodi,
1287 822 1412 881 Mesia
1425 824 1528 883 lumin,
1546 826 1575 883 in
1598 828 1726 885 manibus
1748 838 1860 903 mmm

206 888 234 929 m

240 963 275 1021 Et
288 963 437 1022 noandum
453 962 526 1037 quod
540 964 677 1022 Dominus
691 980 746 1022 uon
760 966 795 1023 de
809 967 883 1041 regis
897 975 944 1024 aut
957 967 1007 1025 ali-

205 1053 284 1123 cujus
297 1053 428 1127 principis
447 1052 509 1123 lilia,
527 1055 577 1110 sed
592 1055 628 1111 de
643 1055 826 1128 pauperrimis
846 1058 1008 1129 perentibus

203 1141 279 1201 nasci
305 1143 401 1211 voluit,
418 1142 520 1217 quibus
549 1150 622 1199 tanta
650 1160 741 1200 rerum
768 1145 860 1218 inopia
883 1146 1008 1204 incubuit

205 1231 279 1305 quod
293 1247 395 1305 agnum
410 1232 439 1288 iu
457 1230 624 1289 sacrificium
642 1247 741 1289 manus
764 1249 861 1289 eorsum
884 1234 1007 1292 invenire

202 1319 280 1397 [uon]
294 1321 390 1393 potuit,
407 1320 470 1395 quia
485 1320 611 1376 nimirum
634 1321 711 1377 venit
728 1321 846 1380 humiles
870 1339 1006 1395 pauperes

204 1405 239 1462 ad
254 1406 379 1465 coelestia
393 1421 525 1464 revocare
540 1414 566 1463 et
579 1406 714 1477 superbos
736 1407 835 1465 divites
855 1407 883 1463 in
905 1416 1007 1464 tartara

202 1494 344 1552 damnare.
361 1494 384 1553 0
399 1510 485 1567 quam
508 1495 716 1553 innumerabilis
740 1497 882 1554 multitudo
905 1514 1005 1570 super-

203 1599 302 1643 narum
322 1585 421 1642 civium
445 1586 481 1642 ad
504 1584 666 1641 hodiernam
691 1584 873 1654 iestivitatem,
896 1586 1003 1655 iratres,

202 1673 306 1731 celebri
320 1673 394 1731 cultu
408 1673 546 1740 canllurit,
563 1674 627 1729 dum
642 1683 728 1730 mater
741 1676 819 1748 uirga
835 1692 928 1750 regem
942 1675 1004 1749 glo·

203 1761 251 1819 riae
264 1764 384 1820 humano
406 1762 504 1836 generi
526 1762 669 1835 produxit!
687 1764 775 1834 Quam
801 1765 863 1820 laeto
888 1765 1006 1821 commi-

203 1858 258 1913 tatu
272 1851 420 1909 ordinatim
434 1852 584 1925 precessit,
600 1852 664 1908 dum
680 1855 778 1926 regina
796 1853 926 1911 coelomm
941 1869 1003 1911 cum

204 1957 272 2015 rege
287 1940 450 2016 angelorum
465 1940 547 1997 bodie
561 1941 596 1996 ad
613 1941 743 2013 templum
758 1942 913 2014 processitl
937 1941 1004 1999 0in

203 2038 336 2103 quantum
349 2028 412 2087 fllia
428 2030 501 2103 Syon
516 2028 546 2085 in
560 2030 706 2087 Dominum
721 2030 813 2087 vivum
828 2031 910 2087 bodie
924 2032 1004 2087 euul-

201 2127 340 2187 taveruut,
356 2119 421 2175 dum
436 2134 530 2192 regem
545 2119 723 2176 Salomonem
738 2120 766 2175 in
780 2120 933 2177 diademate
947 2136 1005 2177 oar·

199 2208 243 2266 nis
256 2224 273 2265 a
286 2216 375 2265 matre
389 2216 550 2265 coronatum
564 2208 689 2265 viderunt
704 2210 801 2279 (dunt.
819 2210 877 2280 rutt
895 2210 960 2266 Ideo
975 2210 1003 2265 iu

199 2296 298 2355 laeticia
312 2306 338 2353 et
352 2297 515 2355 exultatione
542 2306 720 2355 occurrerunt
747 2307 774 2355 et
801 2315 864 2355 eum
878 2298 905 2354 iu
934 2308 1003 2355 tem·

201 2385 278 2459 plum
291 2385 366 2461 repis
381 2402 443 2444 cum
460 2386 559 2459 gaudio
575 2387 710 2443 duxerunt
723 2388 812 2453 (Paul.
834 2386 924 2459 xnrv).
944 2388 1002 2444 llo-

200 2474 245 2532 die
256 2476 374 2547 juvenes
388 2483 414 2533 et
429 2474 559 2549 virgines,
575 2492 657 2531 senes
679 2490 740 2532 eum
762 2474 917 2546 junioribus
939 2476 1001 2532 lau-

110 2624 118 2631 ,
200 2562 266 2621 dent
280 2579 381 2622 nomeu
396 2563 507 2622 Domini
520 2565 612 2636 (Paci.
627 2564 753 2637 esaum),
766 2564 827 2637 quia
837 2566 910 2621 veuit
924 2564 1003 2621 exal-

200 2658 260 2711 tare
273 2668 389 2727 regnum
404 2652 499 2725 populi
519 2652 571 2709 sui.
590 2652 722 2726 Virgines
737 2653 858 2711 exultent
880 2661 908 2709 et
921 2652 1002 2709 Chri·

199 2749 242 2799 sto
266 2741 372 2799 devotis
395 2740 521 2798 laudibus
542 2740 703 2813 persultent,
729 2742 792 2815 quia
814 2740 893 2816 virgo
914 2742 1002 2799 bieria

199 2829 302 2887 mundo
316 2830 490 2888 Salvatorem
506 2830 590 2887 edidit
605 2830 651 2904 qui
666 2830 748 2887 castis
770 2830 925 2904 virginibus
946 2846 1001 2889 οω-

198 2918 278 2975 lestia
291 2934 408 2975 ιιιιιιιιιι
427 2917 532 2987 tribuit.
550 2918 643 2975 Viduas
671 2918 808 2991 gaudeant
836 2927 864 2975 et
891 2919 1001 2977 Christo

197 3006 287 3065 votive
301 3006 440 3079 plaudant,
459 3022 541 3081 quem
555 3007 638 3063 udus
652 3008 732 3064 Anna
755 3007 836 3065 hodie
860 3024 922 3064 cum
950 3008 1001 3081 Sy·

121 3157 123 3168 ¹
198 3110 298 3153 mecue
311 3094 413 3167 templo
427 3095 516 3153 intulit
531 3098 607 3158 (dac.
619 3096 661 3164 tt),
674 3095 721 3167 qui
734 3096 905 3153 continentes
931 3097 997 3153 aoeli
1014 3117 1039 3182 C

198 3186 301 3256 templo
323 3184 438 3242 inducit.
462 3186 620 3258 conjugatae
639 3185 824 3256 jocundentur
841 3194 867 3243 et
890 3186 999 3243 Christo

199 3270 297 3331 laudes
311 3288 434 3331 consono
448 3289 499 3330 ore
513 3274 697 3342 modulentur,
709 3273 744 3329 ad
754 3274 832 3346 cujus
846 3274 944 3331 matris
959 3275 1000 3331 in-

199 3378 326 3437 gressum
346 3362 487 3419 Elisabeth
501 3362 640 3429 maritata,
656 3362 758 3434 Spiritu
771 3371 867 3421 sancto
883 3365 996 3435 repleta,

197 3446 372 3521 prophetavit
386 3445 487 3519 (thid),
503 3446 591 3521 quiin
612 3446 736 3519 legitimo
756 3448 885 3521 conjugio
900 3448 998 3504 viven-

95 3598 100 3605 ,
198 3538 242 3593 tes
258 3534 285 3593 in
300 3535 406 3593 coelesti
420 3535 541 3592 thalamo
555 3535 607 3591 sibi
621 3535 767 3607 copulabit.
785 3536 872 3593 Grata
886 3536 997 3592 infanti-

197 3622 232 3681 lis
246 3631 313 3681 etas
327 3624 422 3681 laudes
437 3624 545 3681 Christo
560 3624 752 3697 concrepando
775 3641 858 3683 voces
876 3626 998 3697 extollet,

197 3712 263 3787 quia
277 3729 358 3786 quem
373 3713 436 3771 coeli
451 3729 552 3787 capere
573 3729 629 3771 non
653 3722 791 3786 poterant,
811 3714 840 3769 in
862 3714 942 3771 cunis
957 3714 998 3771 in·

195 3800 258 3859 lans
270 3803 389 3874 iacebat.
406 3802 485 3860 Hunc
499 3803 637 3859 lohannes
657 3802 747 3859 iulans
765 3802 793 3860 in
807 3803 903 3859 matris
919 3811 997 3860 utero

1061 910 1213 977 consueuit,
1225 912 1278 968 boc
1286 911 1322 969 de
1331 930 1409 970 more
1421 915 1517 989 gentili
1528 918 1644 989 accepit.
1656 920 1685 973 ln
1700 920 1751 975 hoe
1761 919 1860 992 quippe

1060 1012 1155 1053 mense
1171 999 1284 1056 Romani
1307 1003 1343 1057 ad
1365 1004 1498 1061 honorem
1521 1005 1635 1061 deorum
1659 1022 1771 1063 suorum
1798 1025 1860 1066 cum

1061 1085 1210 1143 luminibus
1224 1088 1363 1147 civitatem
1377 1092 1537 1157 lustrabant,
1553 1095 1627 1167 quod
1650 1096 1729 1168 quasi
1752 1097 1859 1153 illorum

1062 1175 1157 1232 lavore
1171 1184 1257 1232 totum
1273 1180 1406 1237 mundum
1420 1182 1475 1237 sibi
1494 1183 1690 1255 subJ‘upabant.
1705 1184 1777 1255 Quia
1794 1202 1860 1242 vero

1060 1264 1180 1337 Symeon
1195 1265 1287 1323 lumen
1302 1269 1424 1325 omnium
1443 1271 1607 1343 angelorum
1624 1272 1705 1330 hodie
1721 1275 1749 1329 in
1770 1276 1859 1331 mani-

1061 1353 1112 1410 bus
1140 1356 1267 1427 portevit,
1295 1374 1377 1431 quem
1402 1359 1494 1416 lumen
1524 1361 1648 1433 gentium
1682 1370 1710 1418 et
1743 1363 1860 1435 gloriam

1060 1443 1144 1501 lsrael
1159 1446 1316 1516 predicavit
1344 1450 1423 1519 (tac.
1442 1448 1485 1521 ιι),
1515 1450 1640 1507 Ecclesia
1666 1452 1701 1506 ad
1726 1452 1860 1508 honorem

1060 1534 1159 1589 summi
1175 1534 1225 1591 liei
1238 1536 1321 1592 hodie
1334 1536 1434 1611 lumina
1455 1540 1591 1610 gestanda
1605 1540 1729 1609 instituit,
1746 1542 1793 1613 qui
1806 1543 1859 1597 im-

1059 1622 1135 1695 perio
1148 1638 1198 1680 mo
1212 1624 1368 1681 universum
1393 1627 1490 1683 orbem
1511 1628 1666 1703 subjugavit
1687 1637 1714 1685 et
1736 1646 1801 1685 eum
1824 1632 1859 1687 ad

1057 1890 1138 1947 nitas.
1154 1891 1279 1956 Qualiter
1293 1894 1372 1949 beata
1394 1895 1475 1969 sirpo
1497 1896 1582 1954 liaris
1610 1912 1640 1952 se
1668 1897 1857 1953 invocantibus

1056 1980 1204 2037 subvenire
1219 1982 1316 2051 soleat,
1332 1982 1505 2040 dilectionem
1519 1994 1638 2042 vestram
1652 1985 1775 2042 breviter
1789 2003 1858 2043 nuno

1056 2070 1154 2125 audire
1167 2069 1263 2126 libeat.

1092 2174 1210 2246 Quidam
1223 2177 1355 2247 puerulus
1369 2178 1479 2236 tadeus
1493 2179 1744 2238 interChristianos
1757 2196 1856 2253 pueros
1957 2175 1958 2178 ’

1056 2260 1090 2317 ad
1105 2260 1249 2318 ecclesiam
1264 2262 1329 2331 ibat,
1347 2263 1373 2317 in
1390 2280 1445 2337 qua
1457 2264 1632 2336 superaltare
1646 2266 1739 2337 imago
1755 2274 1857 2323 mnata

1057 2345 1149 2402 blariae
1163 2362 1226 2403 cum
1241 2344 1297 2403 lilio
1324 2348 1459 2421 inscripta
1483 2365 1561 2406 muro
1578 2357 1646 2405 erat.
1674 2350 1759 2405 atissa
1782 2350 1856 2407 cele-

1057 2434 1143 2500 brata,
1167 2450 1229 2491 cam
1253 2437 1382 2493 sacerdos
1406 2437 1506 2510 populo
1526 2438 1745 2495 communionem
1766 2438 1856 2495 distri·
1960 2489 1961 2492 ,

1056 2521 1163 2586 bneret,
1178 2524 1325 2581 videbatur
1340 2526 1435 2583 ludeo
1457 2527 1572 2597 puerulo
1591 2528 1665 2599 quod
1686 2543 1803 2598 puerum
1817 2527 1855 2583 illi

1055 2611 1129 2683 picto
1141 2612 1257 2669 similem
1270 2615 1372 2687 populo
1386 2614 1531 2672 divideret.
1546 2614 1600 2684 Qui
1615 2632 1677 2671 cum
1696 2615 1758 2671 aliis
1774 2633 1854 2674 acee-

1055 2700 1125 2757 dens
1138 2702 1250 2758 crudam
1263 2718 1376 2760 carnem
1390 2720 1407 2760 a
1421 2705 1566 2761 sacerdote
1581 2705 1696 2776 accepit,
1712 2721 1795 2779 quam
1810 2720 1856 2777 pe·
1962 2743 1963 2756 .

1055 2790 1091 2845 tri
1104 2790 1215 2846 domum
1230 2792 1338 2849 detulit.
1358 2792 1481 2863 Qualiter
1494 2796 1631 2866 acceperit
1645 2810 1678 2850 ex
1692 2795 1794 2851 ordine
1812 2810 1855 2850 re·

1054 2878 1124 2935 tulit.
1140 2880 1232 2947 Pater,
1248 2881 1332 2936 nimia
1360 2881 1548 2955 indignatione
1575 2898 1734 2951 succensus,
1760 2883 1854 2939 forna-

1052 2982 1112 3025 cem
1132 2969 1215 3029 multa
1236 2970 1306 3025 silva
1331 2970 1460 3040 incendit,
1490 2988 1605 3043 puerum
1629 2973 1702 3027 intus
1725 2988 1852 3030 creman-

1054 3057 1109 3113 dun
1122 3057 1223 3127 injecit.
1239 3060 1327 3115 lleter
1340 3060 1484 3123 exclamat,
1501 3061 1618 3133 populus
1634 3062 1754 3134 undique
1769 3062 1852 3117 advo·

1051 3147 1098 3202 lat.
1115 3147 1200 3203 Fores
1213 3148 1374 3220 infringunt,
1392 3165 1509 3219 puerum
1525 3151 1558 3204 de
1578 3151 1695 3205 flammis
1715 3151 1844 3221 eripiunt.

1051 3234 1140 3305 Quem
1154 3252 1217 3293 cum
1231 3238 1259 3291 in
1274 3237 1350 3293 nullo
1374 3237 1469 3295 laesum
1488 3238 1687 3295 admirarentur
1713 3247 1740 3295 et
1769 3239 1850 3295 iuter·

1050 3335 1179 3398 rogarent
1194 3327 1331 3400 quomodo
1345 3327 1380 3382 ab
1395 3327 1524 3383 incendio
1538 3343 1593 3383 uon
1616 3335 1787 3399 tangeretur,
1803 3328 1849 3385 ille

1050 3416 1192 3487 respondit
1208 3430 1215 3471 :
1233 3437 1245 3467 ι
1263 3416 1407 3471 Dominam
1422 3432 1504 3488 qnam
1519 3417 1703 3487 superabere
1717 3416 1745 3471 in
1760 3416 1852 3473 eccle·

1050 3504 1091 3559 sia
1104 3504 1170 3570 uidi,
1186 3505 1215 3560 in
1226 3504 1337 3563 iomace
1352 3506 1492 3561 sedentem
1507 3505 1582 3572 uidi3
1603 3520 1664 3577 quae
1678 3521 1724 3561 me
1732 3505 1760 3560 in
1785 3522 1851 3580 gre·

1050 3592 1107 3649 mio
1120 3608 1170 3649 suc
1183 3596 1299 3666 accepit,
1316 3593 1440 3650 dammas
1453 3610 1468 3649 a
1482 3610 1527 3649 me
1541 3593 1662 3665 disjecit,
1677 3603 1783 3650 vestem
1799 3611 1846 3650 su-

1050 3697 1101 3754 per
1120 3698 1163 3739 me
1187 3685 1270 3753 misit,
1291 3684 1385 3755 ignem
1402 3699 1447 3740 me
1470 3683 1691 3755 appropinquare
1708 3698 1764 3739 non
1787 3700 1850 3755 per·

1050 3771 1132 3827 misit.
1148 3790 1160 3824 r
1177 3770 1238 3841 Quo
1252 3773 1344 3828 auditu
1360 3788 1442 3829 voces
1458 3779 1485 3828 et
1498 3788 1594 3827 manus
1609 3772 1644 3827 ed
1667 3772 1768 3844 sydera
1786 3789 1846 3827 sus·

1049 3861 1171 3916 tulerunt
1193 3869 1220 3918 et
1243 3862 1352 3917 Christo
1370 3860 1491 3917 omnium
1514 3861 1652 3917 liberatori
1673 3870 1700 3916 et
1722 3864 1784 3931 elus
1798 3862 1852 3918 Ge·

194 3891 332 3950 salutabat
345 3892 428 3965 (Lac.
445 3892 475 3963 1).
492 3892 570 3949 iluna
584 3892 658 3947 milia
673 3891 817 3947 infantium
832 3894 892 3964 ejus
914 3908 997 3949 causa

193 3982 228 4038 ab
242 3982 351 4040 lierodc
365 3996 415 4038 sua
428 3988 517 4037 morte
530 3980 676 4036 laudabant
690 3981 800 4051 (llotth.
821 3982 997 4051 11).Florens
1049 3948 1138 4005 nimi
1164 3949 1264 4051 mua?
1291 3950 1445 4051 3⁸⁰d⁸⁰J⁰⁸
1470 3951 1631 4051 “inierim-
1659 3952 1804 4051 inquirunt
1833 3966 1849 4005 ἢ

190 4070 305 4144 puerilis
329 4078 396 4127 a„
419 4069 528 4126 Christo
551 4068 657 4125 ovando
679 4070 787 4140 jubilet,
812 4070 857 4142 qui
879 4086 948 4141 puer
967 4070 996 4125 in
1048 4047 1125 4110 patre
1139 4054 1217 4109 pueri
1235 4055 1259 4094 ar
1283 4047 1437 4096 consentiat
1460 4055 1491 4095 se
1510 4039 1646 4110 baptismo
1669 4040 1762 4109 ablm;
1794 4054 1849 4113 quo

190 4158 283 4215 medio
298 4158 444 4215 doctorum
459 4157 562 4215 residet
577 4165 604 4213 et
618 4156 736 4214 formem
762 4153 884 4213 discendi
903 4158 996 4229 pueris
1049 4135 1181 4183 “⁰¹¹⁰'‘oe
1206 4127 1311 4184 ¹¹5⁸d⁰¹¹¹
1335 4128 1452 4184 flamm
1476 4128 1645 4184 ⁰¹¹¹f⁸¹¹d¹¹¹¹¹
1667 4128 1848 4231 imdld‘ifuni·

189 4249 293 4320 prabet
307 4246 388 4315 (aaa.
409 4247 452 4318 ιι).
468 4247 588 4304 Feruens
607 4246 735 4315 juvenilis
749 4253 814 4304 aetas
832 4246 996 4319 gratulando
1047 4233 1164 4289 puerum
1182 4233 1248 4273 ΜΟ
1263 4216 1298 4287 (θ’
1312 4219 1357 4289 ⁵⁰)
1373 4226 1400 4275 ⁹⁸
1422 4226 1537 4275 mairem
1560 4225 1588 4275 θ’
1616 4234 1713 4274 ⁰¹¹¹⁰0⁸
1739 4235 1786 4287 ‘³¹¹¹
1800 4218 1849 4275 ω’

191 4334 298 4392 Christo
312 4334 434 4407 plaudat,
450 4336 497 4409 qui
508 4333 618 4407 juranis
641 4334 728 4392 lactus
749 4336 880 4391 mundum
904 4335 993 4391 mira-
1047 4317 1126 4362 m
1138 4306 1247 4362 ΝΜ
1262 4307 1480 4378 mmmmm·

188 4423 259 4483 culis
273 4422 398 4481 illustrat.
1081 4420 1159 4476 lianc
1179 4418 1305 4492 reginam
1327 4420 1501 4493 augelorum,
1525 4420 1680 4489 karissimi,
1702 4418 1846 4476 imitemini

222 4512 397 4570 Honorabilis
420 4510 454 4581 li·
469 4512 502 4569 ts
517 4510 556 4585 ιι)
572 4510 647 4569 diesi
671 4510 765 4569 senilis
788 4519 855 4571 aetas
879 4512 989 4570 Christo
1003 4480 1030 4543 D
1045 4507 1196 4565 humilitate
1216 4516 1241 4564 et
1266 4509 1402 4566 castitate.
1427 4511 1504 4566 Hanc
1528 4525 1579 4580 pro
1607 4509 1704 4565 vestris
1729 4510 1849 4567 miseriis

186 4600 344 4661 letabunda
357 4600 465 4675 psallat,
482 4600 547 4675 quia
570 4600 616 4675 qui
640 4601 733 4659 omnia
750 4609 816 4659 nutu
839 4602 985 4676 gubernat,
1042 4598 1115 4670 apud
1129 4598 1226 4654 Filium
1241 4614 1322 4656 suum
1338 4598 1444 4654 devotis
1459 4598 1584 4669 precibus
1602 4598 1768 4655 intervenire
1784 4614 1848 4654 exo-

187 4693 262 4751 bunc
274 4691 358 4749 hodie
371 4707 455 4748 senex
478 4689 598 4763 Symeon
625 4690 750 4747 tremulis
778 4691 849 4747 uluis
878 4699 982 4764 portat.
1042 4695 1109 4753 rate,
1126 4694 1164 4756 ut,
1180 4703 1243 4744 cum
1258 4688 1365 4743 venerit
1377 4688 1405 4742 iu
1420 4688 1523 4744 sanctis
1537 4687 1593 4743 suis
1616 4687 1676 4743 lieri
1695 4686 1848 4743 admirabi-

187 4782 272 4841 'iotus
286 4780 403 4839 urbisin
418 4779 499 4837 leude
523 4780 582 4852 ejus
603 4787 729 4851 erumpat
750 4786 777 4837 ct
799 4787 892 4851 pratea
906 4778 987 4836 debi-
1041 4777 1087 4845 lis,
1102 4775 1336 4833 immarcescibilis
1356 4776 1452 4847 glorias
1473 4775 1618 4849 intemplo
1637 4777 1697 4848 ejus
1711 4792 1849 4835 coronam

188 4868 346 4931 arcisisis
367 4868 482 4929 rmibus
500 4868 655 4929 resonando
680 4868 831 4945 persoluat,
861 4868 908 4943 qui
935 4883 987 4941 pro
1041 4866 1209 4940 percipiatis.
1225 4864 1312 4935 Quam
1326 4865 1430 4922 oculus.

624 5283 885 5363 DOMINICA
912 5285 969 5363 IN
996 5280 1431 5363 SEPTUAGESIMA.

229 5488 365 5566 Lepidam
379 5486 513 5560 callainis
527 5489 555 5544 et
565 5486 695 5544 ambram
704 5487 808 5543 mortis
821 5486 927 5545 diuidet
940 5490 999 5545 tor·
1053 5484 1190 5554 diabolus,
1209 5483 1307 5542 umbra
1322 5486 1381 5557 ejus
1395 5485 1505 5559 gentilis
1519 5486 1646 5561 populus.
1662 5487 1738 5545 Sicut
1751 5489 1852 5545 umbra

193 5590 292 5633 rensc
303 5572 409 5646 populo
423 5572 624 5646 perepriaaatc
639 5570 708 5645 (lot.
726 5574 839 5644 xxviia).
856 5572 936 5644 Lapis
951 5572 1000 5629 du·
1053 5574 1165 5647 corpori
1191 5575 1386 5642 conformatur,
1415 5575 1452 5631 ita
1478 5575 1538 5649 ipse
1563 5576 1690 5634 diabolus
1718 5577 1850 5634 imitando

194 5662 265 5719 ricia
278 5658 388 5731 tudes,
403 5659 493 5734 caupo
513 5656 661 5719 infidelitas
674 5660 840 5719 ludaeorum.
857 5660 933 5718 blora
955 5670 998 5719 est
1053 5680 1117 5723 eum
1139 5664 1335 5723 consimilatur.
1357 5664 1475 5738 Populus
1496 5666 1680 5741 peregrinans
1698 5672 1741 5724 est
1761 5665 1851 5725 fidelis

1951 1477 1954 1576 l

1019 1710 1150 1779 Blucem
1177 1711 1406 1772 inaccessabilem
1434 1717 1553 1773 voravit.
1586 1719 1617 1773 ln
1645 1718 1760 1775 candela
1787 1721 1859 1776 enim
1954 1765 1955 1774 ,

1058 1801 1159 1857 Christi
1175 1802 1339 1873 humanitas,
1355 1805 1383 1860 iu
1399 1806 1502 1862 lumine
1522 1806 1686 1880 intelligitur
1708 1810 1767 1877 eius
1790 1809 1858 1865 divi·
1955 1857 1956 1868 .
