3942 6067
141 258 201 313 'iss

713 255 1000 317 cumulaturum.
1019 288 1054 303 ·-
1067 263 1135 321 tta.
1155 268 1203 324 tt.

1745 273 1799 327 'tat

142 390 245 441 sanctu
259 380 387 441 Trinitata
409 399 463 441 non
479 394 616 443 cantatur.
636 386 679 443 bd
693 384 786 441 laudes
813 384 843 439 iu
855 382 949 443 Domi·
962 380 991 442 Α
1004 400 1068 441 nem
1083 404 1222 463 nunquam
1238 399 1399 449 noctomam
1412 393 1535 451 ferialem
1550 392 1719 462 dimittimus,
1737 410 1799 452 cum

142 471 228 539 niuis,
239 474 375 531 Dominus
389 476 527 545 repnanit,
541 491 603 533 aum
618 474 733 547 reliquis
746 480 879 531 cantatur.

254 570 292 623 De
308 568 429 624 historia
447 593 457 617 ι
475 569 573 626 Clunia
585 573 616 627 in
629 570 809 643 tortitudine.
827 588 838 619 s

184 664 305 721 Historia
334 665 429 722 Clamo
450 668 668 735 infortitudine
683 682 736 722 non
766 666 802 721 ad
824 664 948 734 Quatuor

140 754 289 825 Tempora,
306 754 355 809 sed
370 754 404 809 ad
420 756 572 826 proximam
588 756 766 827 septimanam
782 753 881 809 natalis
895 752 948 807 Do-

138 842 211 899 mini
223 842 350 913 pertinet,
365 843 432 899 sicut
448 844 495 899 iiia
512 845 683 915 responsoria
699 844 733 899 ad
748 842 823 899 iilam
839 841 947 896 bebdo-

139 927 254 981 madam
278 934 339 981 anie
369 928 472 983 Pascha
494 930 641 999 pertinent.
672 929 751 985 Unde
775 935 802 983 et
830 924 946 999 singulis

137 1013 241 1071 diebus
255 1014 352 1070 laudes
366 1014 514 1071 habenula
529 1018 580 1073 hac
587 1016 740 1088 septimana
748 1015 831 1072 euim.
848 1014 946 1070 Oean-

137 1104 224 1164 lctur,
238 1098 266 1153 in
280 1097 380 1170 quibus
402 1100 468 1157 Veni
487 1100 623 1167 scribitur,
640 1116 701 1172 quae
722 1108 827 1170 septem
843 1106 946 1154 tanturn

135 1184 327 1257 reperiamur.

388 1312 428 1365 Do
448 1310 551 1382 Vipilin
573 1311 693 1367 Domini.

175 1432 275 1506 vigilia
291 1432 410 1504 Domini,
425 1434 453 1489 in
469 1450 524 1506 qua
541 1432 610 1491 laria
623 1434 786 1501 occurrerit,
804 1433 876 1489 illius
903 1432 946 1490 se-

137 1517 237 1573 rialem
253 1518 392 1589 psalmum
405 1526 431 1575 et
446 1518 580 1575 canticum
595 1534 657 1574 cum
672 1518 823 1590 antiphona
836 1518 944 1573 obtine-

134 1604 178 1661 bit
192 1625 200 1673 ;
216 1606 376 1676 praecedens
403 1622 469 1663 vero
494 1606 643 1663 Sabbatum
658 1615 806 1673 canticum,
836 1607 943 1663 Audite

1003 475 1055 531 tria
1064 479 1242 549 responsoria
1250 481 1376 548 dicimus,
1392 482 1445 538 nisi
1459 482 1487 537 in
1501 482 1674 540 bebdomada
1687 485 1800 541 Paschae

1002 572 1031 619 et
1045 565 1233 625 pentecostes.
1250 570 1331 627 Omni
1352 586 1428 627 anno
1439 572 1471 628 ln
1482 574 1595 629 excelso
1612 573 1711 629 throno
1730 572 1801 629 inira

1001 660 1127 709 octavam
1141 657 1302 728 Epiphania
1318 660 1481 726 canmbitur,
1498 660 1580 716 etiarn
1605 661 1629 715 si
1640 662 1729 731 plures
1753 676 1799 717 se-

1001 742 1129 813 ptimanae
1143 747 1178 801 ad
1189 746 1427 821 septuagesimam
1439 748 1592 805 videantur.
1610 752 1704 815 Porro,
1715 749 1799 805 sinna

1002 840 1107 887 tantum
1126 834 1297 890 hebdomada
1311 836 1382 892 inter
1403 837 1586 908 Epiphaniam
1600 844 1627 893 et
1653 846 1800 909 septuage-

1002 919 1099 975 simum
1114 926 1271 992 occurrerit,
1289 926 1343 982 duo
1357 926 1453 981 oldaia
1472 926 1498 981 in
1513 943 1545 981 sa
1559 927 1720 983 coarctabit.
1734 927 1798 981 Post

1000 1018 1126 1065 octavam
1155 1013 1316 1086 Epiphaniae
1330 1014 1460 1085 Epistola
1485 1014 1561 1069 Pauli
1572 1014 1711 1087 leguntur,
1741 1014 1799 1069 sive

1001 1097 1153 1168 Dominica,
1169 1101 1228 1157 sive
1243 1100 1354 1157 feriales
1374 1102 1434 1158 dies
1449 1110 1521 1158 suut.
1539 1102 1567 1158 Si
1581 1102 1636 1158 duo
1650 1102 1719 1157 testa
1735 1118 1798 1159 curn

999 1184 1185 1257 pleuooiiiaio
1210 1190 1237 1245 in
1265 1206 1348 1245 unum
1376 1190 1450 1247 diem
1473 1190 1661 1257 convenerint,
1686 1190 1721 1246 de
1743 1206 1798 1262 uno

999 1274 1118 1345 pleniter
1140 1286 1247 1350 agatur,
1264 1278 1375 1334 alterius
1402 1278 1581 1335 mentiosum
1595 1278 1745 1350 antiphona
1772 1286 1799 1335 et

1001 1363 1192 1433 oratiuneiiat,
1217 1366 1302 1421 autin
1325 1366 1441 1422 alterum
1457 1366 1528 1422 diem
1544 1375 1574 1422 ut
1586 1366 1684 1423 festum
1712 1367 1799 1422 saneti

1001 1450 1076 1505 Pauli
1091 1450 1246 1519 differatur,
1262 1453 1361 1509 nullius
1377 1454 1464 1511 sancti
1479 1454 1643 1511 mentionem
1652 1463 1715 1526 post
1727 1455 1797 1510 mis-

1000 1538 1193 1610 samiacimus,
1210 1542 1245 1597 de
1260 1558 1314 1613 quo
1331 1544 1382 1598 tria
1406 1544 1587 1615 responsoria
1601 1544 1737 1599 cauimus.
1767 1542 1797 1598 iu

1000 1626 1070 1684 iesto
1080 1645 1178 1685 novem
1194 1631 1339 1687 lectionum
1360 1641 1495 1700 cantatur,
1513 1634 1608 1690 Gloria
1623 1634 1655 1689 in
1666 1632 1796 1699 excelsis,

130 1695 275 1793 ⁶oe²5rfflfm
290 1694 437 1793 ⁸¹¹‘iPP0nP
452 1700 634 1793 imiimi
659 1696 782 1751 habim·
803 1695 832 1751 si
851 1694 984 1797 Vfssffiass
1000 1724 1027 1773 et
1044 1720 1077 1773 Te
1087 1717 1180 1775 Deam
1195 1720 1355 1786 laudamur,
1378 1729 1403 1777 et
1418 1721 1459 1778 lle
1473 1724 1561 1778 missa
1587 1726 1640 1787 est,
1651 1720 1705 1775 nisi
1728 1719 1798 1776 inira

129 1782 471 1841 DomrminDomrnicam
494 1792 626 1851 evenerit,
649 1801 697 1839 sex
717 1782 942 1855 responsorrada
999 1805 1154 1862 Adventum
1179 1808 1288 1864 Domini
1311 1817 1339 1865 οἱ
1366 1810 1617 1883 Septuagesimam·
1652 1809 1739 1867 Credo
1764 1811 1796 1865 in

132 1871 259 1939 historia,
278 1870 379 1931 canite
390 1874 468 1939 iuba,
483 1873 569 1929 ettria
584 1872 618 1928 de
633 1872 799 1945 vigiliacum
813 1872 942 1929 laudibus
997 1910 1090 1951 ,mum
1101 1897 1190 1953 „mm
1206 1898 1233 1951 in
1243 1897 1372 1953 omnibus
1384 1898 1543 1966 Dominicis,
1557 1905 1584 1953 et
1598 1898 1674 1955 festis
1695 1904 1797 1953 sanem

128 1967 262 2027 assumet,
278 1959 391 2017 missam
406 1960 442 2017 de
458 1960 565 2033 vigilia,
582 1961 664 2017 boras
687 1960 722 2018 de
733 1960 877 2019 Dominica
893 1975 942 2017 ac-

132 2048 228 2120 cipiet.

372 2176 408 2232 Dc
419 2176 576 2233 Nalioilale
586 2177 709 2233 Domini.

167 2296 200 2353 in
213 2298 361 2356 Nativitatc
383 2298 503 2371 Domini,
521 2300 555 2357 To
586 2300 674 2357 Dauni
691 2300 853 2369 laudamus,
880 2306 942 2371 post

130 2404 238 2443 nonum
253 2389 458 2460 responsorium
469 2396 533 2443 ante
552 2388 666 2444 missam
680 2388 796 2444 canitur.
813 2387 854 2445 hd
872 2388 940 2443 mis-

128 2491 192 2531 sam
207 2492 273 2533 vero
288 2493 342 2533 non
358 2476 398 2533 lle
417 2477 499 2534 Missa
513 2480 566 2544 esi,
588 2477 638 2533 sed
654 2477 858 2535 benedicamus
882 2477 941 2533 Do-

132 2564 215 2621 mino
226 2564 335 2623 dicitur.

361 2664 400 2720 Dc
416 2664 521 2721 Sancto
535 2663 692 2736 Stephano.

164 2789 194 2842 ln
208 2786 279 2844 festo
303 2788 390 2843 saneti
406 2788 536 2859 Stephani
554 2790 703 2844 secundam
719 2804 865 2861 vesperam
894 2796 938 2845 to-

128 2874 186 2923 tam
199 2868 233 2923 de
258 2876 354 2924 sancto
369 2868 506 2940 Stephano
520 2869 651 2925 canimus.
669 2868 798 2926 Similiter
826 2870 861 2924 de
874 2884 940 2924 san-

997 1984 1091 2040 ldariae
1104 1992 1130 2040 et
1145 1986 1330 2056 apostolorum
1352 1995 1380 2043 et
1395 1994 1499 2043 suuotae
1512 1988 1616 2052 Crucis,
1632 1994 1661 2041 et
1677 1985 1797 2041 Dedica-

997 2072 1089 2138 tianis,
1106 2079 1135 2129 et
1149 2073 1446 2131 Omniumsanctornm
1462 2077 1578 2132 canitur.
1607 2073 1799 2144 Quandodlo-

997 2163 1042 2217 rla
1057 2162 1090 2217 in
1101 2165 1223 2219 excelsis
1229 2171 1366 2231 cantatur,
1374 2163 1647 2235 semperdalmatiaae
1653 2168 1680 2218 et
1688 2162 1798 2218 subdia·

996 2250 1105 2305 conaliu
1119 2260 1271 2321 portantur.
1289 2251 1444 2308 Menander
1457 2266 1527 2323 papa
1540 2250 1678 2307 secundus
1692 2250 1796 2306 eonsti-

997 2339 1059 2406 tuit,
1072 2347 1100 2395 ut
1114 2340 1242 2396 alleluia
1256 2340 1291 2395 ad
1301 2356 1446 2412 vesperam
1461 2341 1625 2408 dimittatur,
1634 2348 1661 2395 et
1679 2339 1796 2410 heptati-

996 2445 1046 2486 cus
1083 2444 1147 2485 cum
1171 2428 1355 2501 responsoriis
1379 2429 1415 2485 ad
1443 2437 1608 2487 noctmnum
1635 2427 1792 2499 incipiatur.

995 2515 1102 2574 Eadem
1113 2532 1179 2576 vero
1197 2517 1311 2573 historia
1322 2516 1489 2589 insequenti
1512 2524 1660 2587 repetatur,
1676 2516 1710 2571 ab
1732 2515 1797 2573 binc

996 2605 1121 2679 usquein
1138 2605 1257 2662 Pascha.
1277 2607 1372 2663 Gloria
1386 2607 1417 2661 in
1428 2606 1560 2673 excelsis,
1576 2610 1605 2661 al
1623 2606 1797 2674 tabenna

996 2694 1036 2749 lte
1052 2696 1139 2751 missa
1149 2699 1201 2755 est.
1218 2685 1250 2750 et'
1259 2693 1403 2751 dalmatica
1416 2695 1441 2751 et
1453 2694 1556 2751 subtile
1570 2692 1755 2749 dimittuntur.

1152 2818 1191 2874 Da
1204 2816 1522 2886 Purifioaiionaranaioe
1535 2815 1641 2873 Μανία.

127 2964 175 3011 cto
198 2957 304 3013 Ioanne
330 2958 359 3011 in
386 2958 508 3029 sequenti
526 2956 570 3012 die
600 2958 725 3013 iacimus.
742 2958 772 3012 ln
801 2956 940 3013 nativitate
1031 2939 1232 2996 Sipfllififfliffl
1248 2949 1348 2995 ⁸³¹¹&ae
1362 2939 1541 2995 Masiaeinflss
1560 2936 1797 3010 50D¹¹¹⁰80⁸5m⁸m

125 3044 326 3100 Innocentium,
344 3044 439 3103 Gloria
454 3048 485 3101 in
501 3046 629 3111 emostis,
641 3055 668 3102 et
685 3048 719 3103 Te
731 3047 819 3102 Deum
835 3047 938 3104 lauda.
995 3030 1155 3097 occurrerit,
1179 3028 1245 3084 nihii
1262 3030 1296 3083 de
1306 3042 1340 3083 0st
1355 3026 1407 3083 nisi
1431 3028 1554 3084 Alleluia
1568 3026 1720 3081 mittamus.
1749 3026 1796 3083 Si·

127 3146 201 3197 mm,
231 3142 258 3189 ει
285 3132 419 3201 pupinia,
446 3144 472 3189 ep
487 3134 527 3190 ηρ
542 3135 623 3191 pum
649 3140 755 3192 ,ginon
779 3144 935 3203 canuntur,
954 3092 978 3195 ‚C
994 3118 1096 3173 militer
1108 3119 1135 3172 in
1151 3117 1286 3172 cathedra
1300 3116 1331 3171 S.
1351 3116 1424 3172 Petri
1435 3124 1462 3170 et
1472 3116 1682 3171 annuntiatione
1692 3124 1795 3169 sanctie

125 3221 287 3279 Dalmapcae
301 3239 356 3279 110„
378 3231 530 3294 ponantur,
558 3224 653 3280 (poppa
673 3226 756 3281 pam
772 3239 779 3294 3
797 3240 937 3297 nunquam
993 3207 1096 3275 Mariae,
1113 3201 1209 3263 Gloria
1223 3206 1255 3260 in
1274 3206 1407 3268 excelsis,
1424 3205 1574 3260 seeundum
1586 3203 1709 3258 ordinem
1724 3218 1792 3259 can-

125 3308 180 3365 nisi
195 3309 223 3366 in
239 3310 368 3367 Passione
392 3311 500 3367 Domini
525 3312 669 3367 omittitur.
687 3312 715 3369 Si
739 3314 845 3369 illorum
862 3312 937 3368 lasti·
992 3304 1094 3351 lamus·
1114 3294 1142 3351 Si
1158 3303 1248 3350 amem
1273 3293 1451 3349 Ᾱῦὓῦῃῐῐᾶῑῑθ
1466 3300 1566 3349 ⁸³P⁰¹ae
1582 3293 1674 3349 ⁸¹³⁸ae
1700 3290 1727 3345 5¹¹
1745 3292 1794 3346 lsi·

125 3396 198 3451 viras
216 3396 244 3450 in
271 3396 413 3452 coninua
444 3397 604 3465 occurrero,
621 3396 688 3452 niun
714 3398 749 3453 ae
764 3398 806 3453 ms
835 3397 938 3453 nnrnt-
992 3385 1242 3441 anianensem
1266 3391 1404 3450 ieeur-rar,
1429 3380 1457 3437 in
1473 3382 1593 3437 sauneio
1607 3388 1672 3437 aare
1688 3380 1794 3435 calmas
1850 3403 1856 3418 ·

124 3498 199 3538 mus.
219 3482 249 3539 ln
269 3492 367 3541 octava
383 3500 492 3557 quoque
519 3486 630 3541 illorum
646 3486 737 3540 omniu
753 3486 887 3552 canimus,
912 3486 936 3541 si
992 3466 1168 3539 ῑῡῑῑθῑρθῑῦῐ·

122 3572 231 3627 Natalis
258 3574 376 3639 Domini,
403 3573 512 3629 velatio
539 3590 657 3646 sequens
678 3574 810 3629 festivitas
833 3576 861 3627 in
878 3576 937 3629 Do-

123 3659 224 3717 minica
238 3662 369 3717 evenerit.
394 3660 525 3719 Officium
552 3664 624 3718 Dani
641 3663 764 3718 mediam
784 3663 936 3717 silentiam

123 3749 368 3848 9⁰⁵².⁰².¹¹ivi.¹³²em
384 3750 562 3851 [nmmum
580 3750 797 3849 ωηίωυε’θι.ἰῃ
810 3750 937 3821 sequenti
992 3809 1055 3848 mox
1068 3807 1182 3863 vespera
1198 3794 1319 3864 sequitur
1353 3802 1380 3848 et
1394 3792 1484 3848 omnia
1510 3800 1539 3847 ui
1549 3793 1576 3845 in
1601 3792 1794 3863 Quadr'agasi·

124 3838 264 3893 Domrnrea
281 3838 353 3893 idern
369 3848 528 3909 repetimus.
543 3840 573 3894 ln
589 3854 639 3893 vrrr
655 3839 773 3905 Domum,
793 3853 846 3894 non
863 3840 938 3895 Paer
992 3880 1038 3919 m,
1052 3863 1169 3919 facimus
1184 3838 1383 3935 praesapon’em,
1404 3833 1793 3935 Quicgrpmstjejunpoquo‚

124 3928 340 3989 'mmmmm
373 3928 485 3985 Vanum
505 3932 587 3983 mm
612 3928 842 3993 ⁹⁵²⁰³¹¹¹³¹¹d¹¹¹¹¹r
872 3927 937 3999 ‘³⁰5⁸
993 3952 1058 4008 tidie
1074 3960 1130 4007 tam
1153 3951 1316 4015 Dominicis,
1340 3966 1421 4022 quam
1445 3951 1504 4005 aliis
1527 3950 1624 4005 diebus
1637 3966 1725 4021 usque
1748 3949 1794 4003 in·

125 4020 210 4069 totum
227 4014 347 4071 oiflainm
362 4016 410 4071 iiia
425 4016 468 4071 die
483 4017 516 4072 do
531 4022 634 4073 sancta
650 4017 735 4074 Maria
749 4017 850 4088 agitur.
859 4016 936 4072 Unde
992 4040 1153 4095 passionem
1169 4039 1278 4095 Domini
1297 4039 1427 4094 dicimus·
1447 4039 1568 4095 gabbam
1589 4032 1718 4105 officium,
1728 4040 1793 4095 Em

125 4102 294 4169 etallolaia,
324 4106 666 4177 Poslporlurncantaiur‚
696 4114 723 4161 et
744 4104 845 4173 Oratio,
864 4106 937 4161 Dent
991 4128 1103 4184 mihim
1115 4124 1792 4198 Deum,jnproxim,hebdomadaouadmgegimae

125 4192 285 4265 qnisalaiis
306 4197 431 4249 aterne.
448 4192 476 4251 Si
492 4194 584 4266 vigilia
608 4194 767 4265 Epiphaniae
798 4194 824 4248 in
841 4194 936 4249 Domi·
993 4226 1112 4289 quanm,
1129 4216 1262 4286 sempor,
1288 4216 1477 4281 observamur,
1503 4222 1530 4269 02
1546 4222 1643 4286 quma
1670 4212 1738 4268 fem
1757 4214 1793 4269 ,d

124 4280 185 4336 nica
199 4280 331 4345 evenerit,
360 4281 481 4339 officium
498 4285 570 4338 Dum
583 4284 708 4339 nandium
729 4284 890 4349 sileruiiam,
908 4290 936 4337 ut
992 4306 1113 4361 pflomm
1141 4304 1295 4360 orationem
1326 4305 1486 4359 plectam,
1510 4310 1732 4375 mmmmm,
1755 4303 1790 4357 „d

125 4369 154 4424 in
165 4368 248 4439 priori
275 4370 417 4425 Dominiea
434 4370 549 4441 pleniter
573 4370 748 4426 observatur.
773 4370 802 4425 Si
828 4368 856 4424 in
885 4371 936 4425 alia
994 4394 1220 4451 secundampem
1235 4393 1371 4449 pompm,
1398 4392 1541 4448 vobiscum
1551 4408 1605 4447 110„
1631 4392 1793 4448 plectamus

127 4454 172 4511 die
187 4456 257 4511 idem
273 4474 381 4531 quoque
397 4458 527 4525 officium,
545 4460 593 4515 sed
608 4458 805 4515 cambeotione
820 4461 934 4527 scimus,
951 4448 978 4508 D
993 4500 1087 4556 qma
1101 4482 1212 4539 dicitur,

124 4551 152 4599 et
167 4546 321 4619 Evangelio
338 4548 481 4619 Defuncto
495 4549 599 4605 Herode
614 4555 747 4604 cantatur.
770 4548 800 4602 ln
816 4546 937 4618 Epipha-

123 4633 366 4691 niainvitatorinm
385 4652 438 4695 nun
461 4644 595 4702 cantmur,
614 4636 689 4691 seda
705 4636 812 4706 psalmo
831 4638 937 4711 risibile

122 4724 240 4781 Domino
268 4724 421 4791 inchoatur,
452 4733 479 4779 et
503 4726 674 4795 antiphona,
692 4726 844 4795 Fluminis,
875 4742 936 4783 amn

1172 3592 1211 3646 De
1227 3589 1321 3659 officio
1334 3589 1367 3645 ia
1381 3590 1475 3662 eapite
1490 3589 1611 3658 ieiunii.

1030 3705 1161 3775 incapite
1176 3706 1275 3775 lejnnii
1289 3705 1403 3760 missurn
1417 3706 1451 3758 ad
1480 3719 1584 3759 nonam
1598 3705 1724 3759 canimus
1740 3722 1747 3767 ;
1764 3711 1795 3759 at

1229 4582 1268 4636 De
1282 4582 1416 4637 Passieno
1431 4581 1554 4637 Domini.

1029 4697 1212 4755 ADominica
1243 4695 1380 4751 Passionis
1400 4696 1508 4751 Domini
1534 4696 1661 4767 usquein
1690 4694 1793 4751 Pascha

125 4810 244 4881 psalma,
273 4813 347 4869 Dens
370 4817 468 4869 nostor
496 4814 640 4885 nesapium
655 4813 681 4868 in
698 4814 776 4869 tertio
803 4822 936 4871 nocturno

124 4908 261 4957 servatur.
282 4898 309 4957 si
325 4900 477 4973 Epiphania
493 4900 520 4957 in
536 4902 679 4957 Dominica
695 4902 826 4968 evenerit,
845 4904 937 4959 Domi·

124 4985 187 5043 nica
210 4986 236 5043 in
258 4996 355 5046 octava
373 4988 506 5057 differtur,
533 4990 556 5044 si
581 4999 670 5045 autem
696 4990 837 5049 Dominica
864 4991 937 5046 inira

125 5084 247 5131 octavam
265 5078 426 5147 occurrerit,
445 5078 476 5133 ln
487 5080 600 5135 ecaolao
616 5080 727 5148 throno,
744 5088 828 5136 toturn
844 5087 936 5137 canta-

125 5162 215 5219 bitur.
231 5164 311 5234 Quod
336 5166 430 5235 etiarn,
460 5164 483 5221 si
508 5183 622 5223 neccsse
646 5168 736 5235 luerit,
753 5168 781 5225 iu
811 5178 927 5241 sequent

125 5252 268 5311 Ilorniniaa
303 5256 444 5327 repetitur,
475 5256 518 5313 Ad
545 5256 718 5313 Dominicam
747 5266 837 5313 autem
867 5258 936 5315 inira

994 4798 1049 4839 non
1065 4782 1163 4838 dicitur
1189 4782 1283 4838 Gloria
1307 4780 1388 4835 Patri
1401 4780 1435 4833 ad
1464 4778 1689 4849 Responsorium,
1714 4777 1793 4832 etad

993 4870 1150 4938 introitum,
1166 4879 1192 4926 et
1208 4870 1242 4925 ad
1263 4868 1411 4933 Psalmum
1433 4868 1528 4924 Venite
1555 4866 1793 4932 encolismensi

992 4976 1075 5033 quem
1089 4968 1117 5015 et
1131 4958 1258 5031 repetitio
1285 4958 1356 5013 solet
1381 4955 1490 5021 mutari,
1515 4955 1542 5009 id
1566 4962 1608 5009 cst
1630 4964 1659 5009 ut
1678 4955 1712 5009 ad
1732 4954 1791 5027 pri-

990 5066 1065 5107 mum
1095 5050 1210 5105 Versum
1229 5046 1352 5102 emedio
1376 5044 1411 5099 ad
1431 5043 1591 5107 secundum,
1617 5058 1633 5097 a
1657 5042 1792 5113 principio

993 5147 1134 5209 repetatur
1155 5136 1290 5192 invitatio.
1320 5133 1450 5189 Similiter
1464 5133 1491 5187 in
1507 5132 1558 5188 hoa
1586 5130 1713 5197 Sabbata,
1744 5132 1793 5188 la-

993 5228 1057 5284 dica
1071 5244 1127 5290 rae,
1145 5228 1228 5280 Deus.

129 5350 253 5399 octavam
268 5342 367 5413 psalmi
384 5344 569 5401 Dominioaies
589 5361 651 5401 oum
667 5354 747 5401 cantu
763 5346 797 5400 de
812 5346 938 5417 Epipba-
1081 5324 1120 5379 Di
1134 5322 1178 5377 ‘²²⁵⁹
1193 5322 1371 5383 P‘i'm‘lmmv
1391 5321 1419 5373 0⁶
1436 5316 1607 5373 hibdffl'md‘l
1623 5319 1695 5370 ma·

129 5432 171 5487 nia
199 5432 332 5487 recitandi
353 5442 425 5489 sunt.
457 5433 572 5489 Privatis
599 5450 708 5507 quoque
737 5434 835 5489 diebus
863 5434 935 5491 inira
1028 5438 1283 5494 IndiePalmarnm
1307 5433 1509 5490 atsecuudaet
1533 5438 1632 5502 quarta
1656 5428 1793 5485 ieriaDo-

128 5536 178 5575 viu
193 5518 303 5577 feriales
316 5531 455 5577 nocturnas
476 5538 537 5577 eum
553 5522 711 5591 antiphonis
723 5523 756 5577 de
780 5523 937 5593 Epiphania
993 5526 1238 5583 minasvobisaaro
1254 5531 1317 5579 ante
1329 5521 1486 5577 Passionem
1504 5519 1612 5588 dicitur,
1634 5518 1683 5575 sad
1701 5519 1795 5576 Gloria

128 5618 153 5665 ct
183 5610 365 5681 responsoriis
393 5612 536 5667 cantandae
571 5618 644 5667 sunt.
675 5610 812 5667 biatutinm
842 5612 938 5669 laudes
994 5616 1192 5681 tibi.Dorniae,
1210 5628 1265 5669 nou
1288 5609 1710 5681 subiungitur.1nbebdomada
1730 5607 1794 5663 Pai-

128 5698 208 5754 etiam
222 5698 257 5753 de
272 5698 341 5755 sesto
356 5699 475 5773 agendae
489 5708 564 5755 aunt.
591 5700 669 5755 Juxta
689 5701 841 5758 Romanum
860 5702 938 5759 ordi·
994 5719 1098 5760 marum
1115 5701 1239 5759 Praeiatio
1262 5700 1297 5755 de
1312 5706 1408 5756 sanata
1429 5698 1517 5756 Cruce
1535 5698 1645 5755 dicitur.
1676 5696 1704 5752 Si
1723 5695 1794 5751 infra
