3942 6067
114 284 168 339 scs
260 230 264 236 ⁴
471 271 873 337 sescauuanccnasm.
892 266 991 327 -oe
1008 270 1039 327 s.
1062 268 1203 333 toruus
1221 276 1410 335 savrrsru.
1722 282 1775 342 aaa

933 393 1039 455 Aoum
1053 398 1111 455 suis
1126 401 1289 459 satellitibus
1311 400 1412 459 devicit
1433 400 1629 477 victoriamque
1648 413 1775 478 potenter

975 484 1101 545 obtinuit.
1115 488 1179 547 Dies
1195 506 1262 549 vero
1273 490 1423 549 Dominicoe
1438 492 1646 551 resurrectionis
1659 503 1702 553 eat
1717 497 1777 556 dies

973 590 1028 646 qua
1042 586 1154 647 peracto
1174 580 1245 637 bello
1259 596 1377 654 regnum
1391 580 1500 655 tyranni
1515 582 1644 651 vastavit,
1657 586 1775 659 captivi-

974 670 1058 721 tatem
1074 666 1108 722 ab
1123 683 1156 725 eo
1171 677 1279 741 captam
1294 670 1329 726 ad
1344 684 1375 726 se
1388 670 1581 744 congregavit.
1602 671 1668 729 Dies
1680 678 1772 733 autern

972 754 1144 815 ascensionis
1158 767 1200 815 est
1214 759 1273 816 baec
1289 759 1316 816 io
1332 774 1386 833 qua
1401 774 1461 816 cum
1477 758 1561 817 nobili
1572 778 1672 835 pompa
1681 764 1776 823 Domi·

974 858 1027 898 nus
1041 843 1171 902 virtutum
1186 862 1332 921 regressus
1347 847 1534 921 triumphavit,
1551 856 1633 923 atque
1646 869 1708 911 cum
1723 869 1776 913 aa·

974 928 1073 1006 pelicis
1087 934 1167 992 melis
1181 945 1336 1011 susceptus,
1352 952 1465 995 carnem
1480 947 1601 997 nostram
1624 957 1713 1013 super
1735 960 1778 1001 as-

974 1021 1051 1077 thera
1067 1023 1206 1081 exaltavit.
1219 1025 1356 1083 Hodierna
1370 1043 1438 1084 vero
1453 1027 1513 1085 dies
1528 1036 1568 1085 est
1580 1044 1633 1104 qua
1644 1031 1776 1090 militibus

975 1110 1063 1183 spolia
1087 1112 1228 1170 distribuit
1250 1114 1315 1171 dum
1340 1112 1467 1175 fidelibus
1482 1116 1557 1173 varia
1571 1118 1644 1175 dona
1658 1121 1776 1194 Spiritus

155 1200 404 1273 Quemadmodum,
429 1197 579 1267 karissiam,
605 1206 647 1255 est
669 1196 798 1255 nativitas
811 1194 921 1253 Domini
974 1198 1064 1259 sancti
1088 1202 1213 1260 contulit.
1240 1204 1336 1261 Adbuc
1352 1204 1384 1275 (D
1400 1208 1461 1272 tet,
1476 1206 1517 1278 ιθ)
1532 1215 1618 1264 restat
1640 1224 1694 1267 uua
1717 1211 1776 1269 dies

118 1291 251 1359 celebris,
265 1291 309 1347 sic
321 1290 405 1346 etiam
420 1286 553 1345 testivitas
578 1287 632 1343 ista
653 1287 780 1344 omnibus
793 1284 922 1344 fidelibus
975 1306 1028 1362 qua
1042 1306 1171 1362 sponsam
1186 1306 1264 1349 suem
1279 1292 1314 1349 dc
1328 1294 1379 1351 bac
1397 1294 1549 1367 Babylonia
1562 1304 1604 1352 est
1618 1298 1775 1369 educturus,

118 1389 162 1439 est
174 1379 317 1445 solemnis,
333 1378 398 1453 maia
412 1380 480 1437 siem
494 1376 523 1433 in
536 1376 585 1433 illa
598 1378 674 1435 Deus
688 1377 716 1432 in
729 1390 813 1433 carue
833 1374 921 1433 adve·
976 1378 1086 1451 quaudo
1101 1380 1127 1435 in
1142 1380 1239 1437 ultima
1261 1382 1307 1439 die
1328 1382 1481 1439 Ecclesiam
1503 1382 1530 1439 in
1554 1385 1659 1442 coelesti
1675 1388 1776 1445 Hieru-

119 1471 200 1527 nieus
213 1470 341 1527 bomines
350 1468 480 1534 visitavit,
493 1467 570 1527 sicin
580 1466 635 1522 ista
642 1466 717 1523 Deus
726 1466 754 1521 in
763 1463 922 1538 ipneadve·
974 1463 1062 1529 salem
1078 1470 1120 1520 est
1135 1464 1330 1523 collocaturus.
1343 1467 1448 1539 Nempe
1463 1468 1497 1523 de
1512 1468 1554 1524 bis
1568 1470 1665 1527 diebus
1677 1474 1778 1543 praeci·

118 1560 229 1617 measa
246 1557 367 1629 peccatis
380 1556 507 1613 borsines
521 1572 642 1628 purgans
661 1555 747 1612 multa
769 1553 922 1610 karismata
976 1547 1036 1603 nuit
1052 1557 1136 1605 toturn
1154 1548 1312 1621 psalterium
1328 1549 1446 1623 Spiritus
1461 1560 1582 1609 sauctus.
1604 1554 1720 1628 iusuper
1733 1558 1777 1615 lea

118 1643 719 1721 ei(sic)dooavit.llaelestivitatesetsngells
728 1652 755 1702 et
765 1642 922 1700 bominibus
975 1644 1003 1693 et
1022 1639 1164 1710 propbetas
1187 1654 1282 1697 omnes
1316 1640 1535 1713 persultaverunt
1568 1642 1628 1701 brec
1655 1660 1779 1703 consona

118 1746 184 1794 suut
200 1735 372 1794 venerabiies
386 1750 448 1809 qum
460 1734 513 1808 ipsi
529 1737 585 1791 tteo
598 1741 693 1791 nostro
706 1737 771 1790 sunt
784 1733 919 1791 celebras.
934 1754 963 1819 B
976 1742 1057 1783 voce.
1076 1726 1172 1802 igitur,
1191 1728 1338 1786 karissimi.
1354 1728 1513 1802 conspectui
1537 1732 1598 1803 ejus
1619 1732 1647 1789 in
1668 1734 1780 1805 justicia

117 1826 246 1901 bentqae
268 1826 298 1883 in
321 1824 463 1882 „nivium
484 1823 596 1881 Domini
614 1822 748 1881 pominus
769 1820 922 1892 majarum
976 1827 1051 1869 nunc
1064 1828 1256 1885 appareamus,
1273 1819 1302 1870 ut
1316 1829 1377 1871 cum
1392 1815 1546 1887 apparuerit
1561 1816 1653 1891 gloria
1666 1820 1735 1890 ejus,
1751 1816 1780 1876 in

116 1916 153 1974 de
166 1914 238 1973 ωηο
249 1914 348 1989 3105ae
361 1930 419 1971 m
431 1913 569 1978 mmm-⁹
595 1927 676 1969 „m
698 1912 800 1969 pepp„
824 1910 921 1979 inputa,
976 1900 1079 1973 nuptiis
1094 1902 1153 1972 ejus
1168 1901 1269 1959 saciari
1284 1901 1481 1971 valeamus,ad
1496 1902 1644 1963 videndum
1659 1906 1687 1963 ia
1703 1906 1780 1965 boni·

115 2020 168 2079 pre
181 2003 262 2063 uobis
275 2010 449 2078 pugnaturus
469 2002 500 2059 in
521 2001 631 2059 uxilium
654 2000 752 2059 subiit.
770 2001 922 2059 Parascave
976 1995 1034 2045 tute
1048 1988 1195 2048 electorum
1205 2006 1327 2060 suorum,
1338 1992 1372 2048 ad
1383 1992 1532 2049 laetandum
1543 1994 1571 2049 in
1581 1992 1781 2072 laeticiapeutis

117 2102 216 2153 mm
231 2093 292 2151 di„
305 2092 371 2151 bem
379 2091 595 2166 „quopiam
604 2089 921 2160 „mimumnompuug
976 2094 1035 2135 sum
1060 2076 1087 2135 in
1112 2078 1280 2153 plenitudine
1303 2080 1425 2138 omnium
1449 2081 1586 2140 bonorum
1609 2085 1699 2155 (Prot.
1715 2087 1776 2161 cv).

118 2182 202 2243 tortis
212 2190 241 2241 st
252 2189 353 2255 potens
363 2182 393 2240 in
406 2180 504 2255 praello
516 2178 669 2255 principem
676 2179 772 2238 muudi
780 2177 922 2237 &nuptum
976 2166 1044 2239 Quae
1058 2168 1155 2226 oculus
1170 2184 1225 2228 non
1238 2168 1306 2228 vidit
1320 2168 1345 2245 (l
1358 2170 1419 2231 Gor.
1435 2170 1477 2243 ιι).

116 441 249 519 originale
264 440 370 498 crisma
391 436 546 495 remittitur.
564 438 630 494 idco
651 436 733 493 etiam
753 434 797 491 bis
820 432 919 489 diebus

112 532 218 605 jejunia
248 529 442 594 celebramus,
469 527 533 601 quia
558 524 763 600 perspiritum
793 526 919 579 sanctum

114 622 223 679 veniam
238 618 364 690 accipere
386 632 543 689 speramus.
576 614 628 685 Qui
645 615 775 685 Spiritum
791 618 920 668 sanctum

117 707 367 781 blasphemaverit,
392 722 447 763 aon
470 704 623 761 remittetur
650 703 678 759 el
705 718 795 773 neque
819 701 848 755 in
866 700 921 756 boc

118 798 329 870 secutumque
352 795 380 850 ia
402 793 494 851 tuturo
516 794 596 865 (lac.
622 794 685 863 ru).
716 792 766 849 Per
791 788 920 863 Spiritum

119 895 243 944 sanctum
256 886 336 942 datur
350 883 478 940 remissio
491 887 679 954 peccatorum.
706 879 763 945 Qui
786 879 822 935 de
842 877 921 935 venia

118 976 258 1048 desperat,
274 973 320 1032 bic
343 972 472 1045 Spiritum
497 976 621 1027 sanctum
646 969 820 1043 blasphemat
839 974 921 1041 atque

121 1064 311 1123 irremissibile
325 1070 466 1135 peccatum
480 1068 632 1134 perpetrat.

474 2599 546 2689 bit
581 2598 801 2691 Snttcto
831 2598 1091 2689 JOHANNE
1126 2600 1414 2695 BAPTISTAa

156 2818 258 2875 laetas
271 2821 305 2875 at
317 2817 416 2891 potato
428 2817 541 2887 plorabit
563 2820 594 2875 et
616 2818 694 2875 rictu
710 2816 811 2874 cennas
825 2815 926 2873 libant
980 2812 1081 2885 dignm
1092 2813 1216 2873 declarat
1225 2814 1258 2881 [ιι
1271 2815 1333 2889 teo)
1341 2815 1421 2875 nobis
1431 2815 1459 2873 iu
1469 2816 1619 2891 Evangelio
1629 2819 1780 2878 Dominus:
1878 2826 1883 2834 ’

119 2907 468 2981 multiplicabiturtl'sat.
484 2906 554 2979 xct).
572 2907 664 2962 Palma
678 2905 794 2963 interius
807 2920 928 2976 manau.
980 2903 1059 2961 luter
1072 2909 1164 2969 actor.
1180 2905 1276 2979 inquit,
1293 2908 1451 2965 meliorant
1468 2922 1527 2965 aaa
1544 2912 1675 2967 aarrcait
1690 2912 1782 2985 major
1865 2905 1867 2913 ’

120 3004 219 3061 emtar,
234 2996 362 3069 superius
383 2994 516 3053 dilatatur
532 3014 539 3051 :
555 2996 609 3064 ita,
634 2994 789 3062 karissimi,
817 3002 928 3053 sanctas
981 2992 1110 3050 iotanae
1120 2995 1249 3067 Baptista
1263 2995 1343 3067 (lac.
1355 2995 1416 3067 vu).
1428 2994 1562 3055 Omnibus
1576 2998 1680 3057 sanctu
1693 3000 1783 3071 major

118 3085 259 3143 lebannes
273 3084 405 3157 Baptista,
420 3086 500 3156 caius
514 3084 597 3142 bodie
611 3085 702 3143 votiva
716 3084 865 3141 recolimus
884 3082 927 3139 le·
982 3079 1141 3152 affirmatur,
1157 3082 1226 3139 solis
1240 3083 1348 3159 angelis
1361 3083 1557 3157 aequiparatur,
1574 3087 1646 3145 unde
1660 3096 1687 3145 ct
1700 3103 1783 3163 auge·

118 3182 175 3242 sta,
190 3174 257 3247 qum
280 3174 413 3231 interris
436 3174 525 3231 voluit
548 3182 673 3247 egestate
696 3172 886 3248 coangustari,
900 3171 928 3227 iu
981 3170 1025 3227 lus
1039 3187 1094 3228 uon
1108 3171 1244 3231 immerito
1257 3173 1422 3247 appelletur.
1447 3174 1489 3230 Ab
1512 3174 1610 3233 eodem
1633 3176 1715 3235 etiam
1728 3193 1781 3235 an·

118 3263 201 3321 caelis
224 3262 472 3338 voluit1meraitt]
496 3263 697 3335 superomnia
719 3263 793 3320 bona
816 3260 927 3319 Domini
941 3244 963 3307 C
976 3260 1041 3333 pelo
1056 3260 1210 3319 nasciturus
1228 3262 1421 3331 annunciatur,
1437 3278 1537 3321 nomeu
1561 3272 1588 3322 et
1611 3264 1674 3325 vitae
1696 3266 1781 3325 meri-

120 3351 250 3410 eaaltari.
278 3354 314 3409 iit
326 3353 393 3425 quia
405 3352 435 3409 iu
447 3352 597 3409 virtutibus
609 3352 726 3425 putcbrc
739 3351 845 3419 floruit,
861 3349 926 3408 ideo
979 3358 1036 3406 tum
1052 3359 1219 3422 praenotatur
1242 3367 1259 3408 a
1282 3367 1336 3425 quo
1351 3362 1378 3409 et
1393 3351 1515 3410 Christus
1530 3353 1685 3413 nasciturus
1708 3372 1781 3431 prae-

118 3441 402 3515 palmaruvictoritea
416 3442 495 3500 viciis
504 3442 628 3517 gloriose
641 3440 769 3499 obtinuit.
780 3440 831 3498 iiic
844 3440 926 3498 etiam
979 3439 1132 3509 nunciatur,
1149 3450 1176 3497 et
1198 3456 1298 3499 nomen
1320 3441 1381 3514 ejus
1405 3437 1485 3498 lesus
1507 3448 1535 3499 et
1558 3443 1639 3518 regni
1661 3444 1782 3521 dignitas

118 3538 152 3587 ut
164 3531 265 3589 cedrus
280 3530 485 3605 multiplicatur,
501 3531 565 3606 quia
579 3531 608 3587 in
623 3530 730 3588 meritis
752 3546 811 3603 prae
832 3529 926 3587 omoi-
980 3538 1173 3601 praenarratur.
1185 3530 1263 3588 Unde
1278 3529 1349 3589 sicut
1364 3530 1472 3589 lisbraei
1486 3531 1544 3591 Deo
1558 3532 1655 3591 decern
1671 3534 1783 3593 nomina

121 3619 177 3677 bas
191 3620 294 3679 sanctis
308 3620 503 3679 condensatur.
517 3621 625 3678 cedrus
637 3636 758 3694 mmque
771 3617 927 3692 imputribi-
980 3616 1135 3691 imponunt,
1160 3617 1201 3676 sic
1221 3616 1369 3677 Christiani
1390 3618 1453 3677 buio
1479 3619 1576 3679 indunt
1590 3622 1617 3679 X
1631 3624 1780 3683 vocabula.

122 3708 161 3766 lis
173 3716 278 3767 naturae
291 3726 355 3767 csse
369 3709 467 3782 lemur,
478 3724 513 3768 ac
522 3726 629 3769 vermes
644 3708 742 3783 lupara
750 3707 925 3781 perhibeturr
981 3706 1040 3764 lloc
1061 3707 1126 3764 olim
1148 3706 1292 3781 propbetia
1320 3708 1498 3781 presignavit
1528 3709 1593 3767 dnm
1622 3726 1686 3769 eum
1712 3730 1782 3773 unos

120 3799 184 3873 quia
198 3799 286 3857 sancti
299 3798 434 3857 lobannis
447 3799 504 3857 vita
517 3815 573 3857 non
587 3799 677 3872 potuit
687 3798 813 3856 consuunt
828 3806 927 3869 putre-
981 3795 1115 3868 propbeta
1130 3812 1226 3853 vocem
1241 3796 1325 3853 altam
1340 3796 1468 3871 angelum
1484 3798 1635 3857 nuncbvit.

122 3888 188 3945 dine
200 3896 388 3961 peccatorum,
398 3896 427 3945 et
439 3888 500 3961 ipse
510 3896 605 3946 sancta
615 3887 809 3960 predicatione
823 3885 929 3960 ingerit
1018 3880 1075 3937 Vox
1090 3880 1191 3953 quippe
1208 3881 1292 3939 Verbi
1306 3880 1358 3939 Dei
1373 3880 1431 3949 luit,
1446 3881 1587 3941 ductante
1610 3883 1781 3943 incarnatum

123 3992 234 4035 vermes
248 3977 393 4035 viciorum.
410 3976 460 4035 llic
475 3986 538 4034 erat
552 3975 655 4051 sagitta
670 3975 757 4033 electa
771 3990 855 4049 quarn
870 3974 929 4033 Do·
982 3964 1103 4023 Verbum
1118 3964 1146 4020 in
1162 3965 1272 4025 deserte
1287 3966 1382 4024 mundi
1396 3967 1497 4023 senuit.

125 4060 215 4117 minus
233 4060 380 4119 abscondit
394 4060 422 4118 in
436 4077 485 4117 sua
500 4062 637 4133 pharetra.
655 4058 776 4133 Sagittae
790 4059 929 4116 mittentes
1019 4056 1112 4113 Praeco
1124 4054 1224 4125 judicis
1238 4054 1335 4117 extitit.
1351 4056 1417 4116 dum
1438 4055 1562 4115 homines
1583 4057 1611 4116 in
1635 4059 1783 4119 adveutum

121 4150 212 4207 solent
225 4151 345 4223 aliquam
359 4168 416 4223 prae
431 4150 494 4206 allis
507 4166 652 4207 reservare
666 4165 808 4223 perquam
821 4142 929 4221 possint
983 4143 1042 4215 ejus
1054 4143 1137 4201 bouis
1152 4143 1276 4201 moribus
1290 4161 1448 4220 preparare
1463 4162 1493 4204 se
1510 4146 1664 4206 admonuit.

121 4248 258 4311 oportuno
272 4250 396 4313 temporo
406 4247 512 4298 certum
524 4239 609 4295 ictum
623 4239 707 4303 darc;
724 4240 763 4296 sic
774 4240 849 4296 Deus
864 4252 930 4295 san·
1019 4234 1140 4307 Baptista
1155 4234 1303 4291 Salvatoris
1318 4234 1423 4305 claruit,
1440 4236 1504 4310 quia
1518 4238 1563 4311 qui
1578 4238 1669 4296 omnia
1684 4238 1783 4299 sancti·

121 4336 197 4387 ctam
209 4329 364 4386 lobaunem
380 4329 407 4385 in
423 4329 551 4401 pharetra
565 4328 607 4385 sui
622 4328 724 4386 secreti
737 4326 847 4386 consilii
861 4329 931 4386 abs-
983 4322 1056 4392 licat,
1071 4325 1145 4382 bunc
1158 4324 1313 4381 Jordaoicis
1328 4325 1408 4383 undis
1424 4326 1531 4399 tingere
1547 4328 1657 4403 meruit.

125 4418 249 4475 condens
271 4419 431 4487 reservavit,
447 4427 553 4475 etcum
575 4426 713 4491 oportuno
734 4425 856 4491 tempore
881 4434 931 4475 ex·
1021 4412 1180 4471 Prmcursor
1193 4412 1384 4488 Redemptoris
1398 4422 1459 4473 eret
1481 4416 1546 4474 dum
1567 4433 1630 4475 cnm
1649 4417 1678 4475 in
1700 4435 1784 4477 mun-

123 4506 278 4564 trebensis
294 4505 417 4565 Judaeam
431 4506 561 4583 sagitavit
578 4508 643 4565 dum
658 4507 712 4565 sibi
727 4508 799 4566 viam
819 4508 855 4565 ad
877 4508 931 4566 bo·
984 4501 1049 4558 dum
1071 4500 1209 4561 nascendo
1228 4511 1254 4563 et
1274 4503 1311 4561 ad
1334 4501 1468 4565 internum
1500 4506 1631 4581 patiendo
1658 4524 1783 4583 pracer-

122 4592 212 4652 mines
225 4596 354 4653 veniendi
367 4613 518 4671 praeparare
533 4596 684 4655 mandavit.
705 4598 768 4670 lpse
783 4595 856 4655 enim
870 4598 927 4671 pri·
942 4610 970 4673 Β
984 4593 1074 4649 rebat.

122 4699 187 4741 mua
206 4684 333 4743 bomines
347 4686 383 4742 ad
396 4684 586 4759 paenitentiam
610 4685 777 4755 informavit,
797 4686 858 4759 ipse
872 4686 933 4761 pri·
1019 4682 1085 4739 Plus
1099 4698 1182 4756 quam
1196 4680 1329 4757 propbeta
1344 4682 1403 4757 luit,
1415 4684 1478 4759 quia
1491 4701 1574 4760 quem
1587 4684 1633 4743 alii
1643 4688 1783 4763 prophetae

122 4788 187 4830 mus
200 4788 318 4849 regnum
342 4775 476 4832 coelorum
500 4775 529 4831 in
554 4775 929 4849 neccommittam
981 4768 1103 4829 latarum
1125 4770 1318 4846 praedicando,
1344 4774 1416 4832 bunc
1437 4774 1489 4833 iste
1507 4782 1673 4851 praesentem
1696 4778 1783 4855 digito

123 4860 250 4920 Ecclesia
263 4863 367 4921 nablas
379 4866 467 4922 sancti
481 4865 599 4922 natalem
609 4864 683 4923 diem
693 4865 929 4938 celebretprmtcr
981 4859 1198 4920 demonstrando
1213 4862 1344 4921 essemit.

125 4950 200 5009 diem
220 4951 331 5009 Domini
352 4962 379 5011 et
397 4961 499 5011 sancte
523 4956 619 5011 itariae
642 4962 669 5012 et
688 4954 776 5013 sancti
796 4953 929 5013 lobannis
1018 4950 1143 5026 Angelus
1165 4950 1246 5009 etiam
1270 4950 1431 5026 appellatur,
1452 4951 1517 5027 qnia
1538 4970 1589 5027 per
1609 4970 1672 5015 eam
1694 4958 1783 5034 primo

125 5040 265 5114 Baptistae.
287 5042 426 5103 lohannes
446 5043 549 5117 quippe
569 5044 648 5119 quasi
672 5042 780 5102 Luciler
793 5044 882 5103 oritur
896 5062 930 5103 ex
983 5040 1144 5115 angelorum
1160 5040 1275 5099 societas
1289 5040 1468 5115 praedicatur.

125 5145 181 5203 quo
208 5130 333 5189 vicinitas
359 5132 426 5189 solis
447 5134 579 5191 noscitur.
605 5133 694 5189 llario
717 5148 786 5191 vero
811 5150 931 5194 nascens
1020 5124 1142 5183 Lucerna
1156 5124 1251 5183 lucent
1265 5132 1292 5183 el
1306 5126 1405 5184 ardens
1425 5133 1498 5199 erat,
1522 5124 1587 5203 quie
1608 5127 1784 5203 splendorem

126 5218 206 5292 quast
220 5235 320 5277 aurora
334 5222 455 5279 surrexit
467 5221 504 5279 de
518 5239 572 5296 qua
587 5222 633 5280 Sol
647 5231 766 5280 aeternus
781 5224 928 5297 processit.
984 5214 1079 5273 aeleml
1093 5214 1204 5271 luminis
1217 5215 1406 5287 ptaetedebttt·

124 5306 197 5365 Dum
211 5318 305 5365 autam
315 5309 438 5367 Christus
453 5327 570 5369 nascens
580 5312 738 5368 bominibus
748 5312 848 5380 illuxit,
863 5321 931 5371 tunc
1021 5300 1132 5358 Affllsstss
1155 5298 1254 5373 SP⁰¹¹⁵l
1274 5308 1397 5368 loeflllll·
1419 5299 1483 5374 quia
1502 5316 1519 5357 ⁸
1540 5298 1653 5361 Christo
1676 5302 1784 5379 Sponso

126 5397 260 5469 splendor
277 5399 365 5456 Patris
386 5400 487 5457 mundo
501 5397 614 5468 infulsit,
631 5402 678 5475 qui
692 5419 743 5459 nos
758 5402 793 5459 de
807 5400 931 5461 tenebris
982 5390 1117 5447 Ecclesloe
1130 5388 1165 5446 fid
1178 5388 1309 5449 0oe10⁸l0⁸
1324 5388 1433 5463 nuptiis
1442 5388 1580 5448 invitetur·

123 5486 223 5543 mortis
237 5486 274 5545 ad
287 5487 378 5546 lucem
391 5490 453 5547 vtrae
466 5489 595 5562 justum,
606 5491 643 5547 tta
663 5491 728 5564 quta
753 5494 813 5551 1120
841 5492 932 5567 grang
1021 5480 1228 5553 Parauympbus
1243 5479 1324 5537 etiarn
1337 5478 1434 5549 extitit,
1446 5482 1510 5539 atum
1524 5495 1652 5555 sponsam
1666 5482 1786 5557 gemmis

125 5591 178 5649 per
190 5577 243 5633 bas
258 5584 314 5635 tres
328 5594 463 5651 personas
478 5579 558 5637 nobis
572 5588 615 5637 est
628 5579 739 5650 collata,
752 5581 815 5639 ideo
830 5590 858 5640 et
872 5580 933 5640 illa·
985 5571 1117 5630 virtutum
1130 5568 1272 5643 immiti
1287 5566 1391 5639 d⁰0¹¹ils

126 5676 189 5717 rum
202 5662 375 5721 solummodo
396 5664 525 5723 natalicia
548 5665 651 5725 devote
675 5666 773 5725 recolit
787 5668 927 5727 Ecclesia.
1021 5664 1123 5741 llelyas
1143 5682 1253 5741 quoque
1273 5662 1302 5723 in
1321 5664 1416 5739 spiritu
1444 5674 1472 5726 et
1499 5666 1599 5727 virtute
1624 5676 1698 5745 erat,
1720 5672 1786 5748 quia

126 5746 254 5828 Denique
277 5761 379 5831 quauta
401 5756 578 5815 ueneratione
602 5763 717 5815 sanctus
737 5756 876 5819 Jobmnes
896 5757 933 5842 sit
986 5755 1056 5817 sicut
1069 5754 1171 5832 Delpas
1186 5752 1339 5815 secuudum
1348 5754 1458 5817 Domini
1466 5756 1617 5821 adrentum
1625 5762 1785 5838 praeveniet,
