3942 6067
115 195 187 257 rtet
266 186 274 204 ‘
667 200 834 266 ttnsttns
852 195 948 265 octo
966 195 1216 277 ansrtounrt.
1705 212 1774 277 trec

117 324 202 383 deute
215 325 299 382 bomo
312 339 404 399 proco
417 326 603 390 connitnitnr.
621 332 673 392 ilic
685 332 811 391 tetur:
829 332 859 390 in
872 348 919 391 re·
930 339 960 415 Α·
972 330 1031 402 sic:
1047 335 1111 408 qnia
1124 337 1250 397 eamdem
1276 338 1402 398 virtutem
1429 338 1507 397 multi
1528 338 1654 400 similiter
1671 344 1774 405 habere

119 414 173 471 bns
201 413 303 488 qnippe
329 416 531 489 corporalibus,
559 423 633 495 quod
655 440 725 481 nnus
742 424 833 491 babet,
851 423 922 480 strar
974 432 1099 495 possunt,
1121 434 1149 484 et
1167 429 1293 487 eamdem
1309 428 1498 489 Gmmmaticse
1516 430 1662 489 scientiam
1680 434 1775 507 plures

119 499 225 557 habere
250 514 307 556 non
334 507 437 572 potest.
465 502 534 560 Nam
559 522 655 591 eurum
669 509 743 582 quod
765 508 812 565 ille
825 507 919 577 babet,
974 512 1078 571 babere
1101 524 1239 588 poterunt.
1267 518 1313 577 Sic
1337 518 1435 591 Deum,
1461 520 1509 595 qui
1533 527 1576 577 est
1597 520 1653 593 lux,
1672 522 1726 579 vite
1747 532 1776 582 st

119 588 190 646 alter
203 604 259 645 non
277 588 362 645 babet
381 590 492 661 quando
518 592 571 652 iste
593 597 724 666 antenus,
748 605 776 656 et
802 597 848 656 isti
872 598 920 655 da·
974 602 1103 676 pendium
1118 606 1211 681 angeli
1224 616 1253 665 et
1272 608 1397 665 homines
1425 608 1550 666 similiter
1568 610 1670 669 hebere
1694 622 1775 685 pote-

119 683 176 746 tnr,
199 678 245 734 bie
264 678 360 747 babet,
381 679 428 736 ille
448 684 615 742 nonhabet.
648 688 706 745 ller
730 688 807 746 rivus
831 688 920 745 solum
973 698 1059 765 runt:
1080 710 1161 767 quem
1188 697 1310 756 selinon
1331 698 1480 767 habebunt,
1498 698 1648 771 quivisnm
1676 704 1776 761 mouns

119 780 209 842 regno
234 767 346 841 potitur,
370 768 515 829 deiunctae
537 782 629 833 antem
657 776 767 849 penitus
788 778 921 835 derebus
974 780 1010 837 ab
1023 796 1057 837 eo
1070 792 1205 842 auertunt.
1236 788 1319 862 Igitur
1330 787 1456 845 homines
1473 804 1528 845 non
1543 804 1595 863 pro
1610 790 1718 865 angelis
1733 808 1777 849 re-

119 856 249 916 bumanis
263 856 386 928 tollitur:
410 860 475 918 item
498 862 553 936 bic,
569 864 615 938 qui
629 881 680 939 pro
694 882 728 925 eo
746 862 921 925 constituitur
974 868 1141 943 stituuntur,
1167 876 1217 932 sed
1243 892 1293 949 pro
1316 878 1417 950 seipsis
1440 879 1518 950 Deo,
1556 886 1659 937 aetem:
1694 880 1776 951 lnce,

121 946 200 1004 aolus
210 954 320 1020 sceptro
333 947 487 1022 insignitur.
509 954 539 1008 ln
558 953 746 1027 spiritualibus
759 964 850 1014 antem
865 972 920 1015 non
973 965 1077 1019 aetsrna
1088 962 1151 1033 rita,
1167 980 1198 1022 ec
1208 973 1310 1024 eterno
1321 968 1423 1042 gaudio
1437 969 1626 1042 perfruuntur.

119 1206 1780 1261 Q

392 1454 740 1575 LIBELLUS
783 1460 972 1576 octo
1017 1462 1501 1599 QUAESTIONUM

565 1733 642 1825 ns
687 1733 932 1829 enennts
971 1738 1044 1831 nu
1092 1737 1332 1833 nemias.

173 1984 263 2057 (iltuit
274 1988 386 2047 excod.
403 2005 457 2047 nes.
472 1989 583 2064 inclytae
595 1991 741 2049 artemis
754 1990 946 2051 Gemnicensia
959 2010 1026 2053 ven.
1050 1994 1089 2051 D.
1108 1996 1137 2051 P.
1154 1994 1309 2067 Leopoldus
1323 1994 1508 2069 Wydemnnn,
1530 1996 1653 2067 ejusdem
1673 1998 1726 2057 loci

333 2060 580 2133 bibliothecarius}
595 2061 680 2121 edidit
693 2064 729 2121 ll.
748 2063 782 2122 Ρ.
800 2064 885 2123 ilem.
905 2066 1004 2123 Purus
1021 2067 1099 2125 Thes.
1115 2066 1251 2125 enecet.
1270 2074 1293 2123 t.
1309 2066 1343 2141 ll,
1359 2082 1387 2141 p.
1403 2081 1423 2138 t,
1439 2068 1492 2124 col.
1506 2068 1584 2141 213.)

911 2276 997 2291 —

127 2483 198 2540 Cae.
210 2482 236 2541 i.
258 2482 357 2542 litmm
373 2482 455 2545 tomo
469 2490 626 2556 crearetur,
643 2486 799 2561 decoetus
812 2488 844 2544 es
858 2487 926 2545 reto
940 2485 968 2547 B
981 2485 1098 2557 Quaem
1112 2485 1164 2545 leci
1178 2485 1328 2559 hominem,
1343 2486 1395 2545 leci
1409 2493 1437 2545 ει
1453 2487 1596 2563 angelum.
1619 2489 1668 2547 Est
1691 2498 1782 2549 entem

429 2577 616 2650 perstitisset.
982 2575 1073 2633 dualis
1093 2575 1197 2634 creatio
1211 2576 1338 2643 bominis,
1360 2593 1413 2633 une
1434 2576 1462 2633 in
1475 2578 1627 2636 ntemitute
1643 2596 1693 2651 per
1707 2597 1779 2652 pre-

164 2662 346 2722 Dtscrnuuns.
366 2666 473 2723 Vellem
491 2665 559 2722 mibi
579 2669 658 2723 certa
673 2666 834 2724 anctoritate
847 2681 928 2724 mou·
982 2662 1205 2737 destinationem,
1220 2664 1305 2721 attere
1318 2666 1370 2722 sub
1384 2664 1584 2739 temporalitate
1612 2682 1662 2739 per
1674 2666 1781 2726 lorna-

126 2753 221 2820 strari,
239 2769 272 2811 ac
285 2752 363 2811 firma
379 2755 485 2814 ratione
498 2754 622 2829 probem,
642 2762 731 2812 utrum
749 2756 832 2813 homo
847 2770 929 2813 crea-
981 2752 1097 2810 tionem.
1130 2754 1171 2811 ile
1197 2753 1336 2811 cenaticum
1365 2754 1614 2827 predestinationis
1628 2758 1783 2816 scribitur:

129 2848 215 2908 retur,
231 2843 255 2899 si
270 2845 388 2919 angelus
406 2844 434 2903 in
458 2844 529 2903 noelo
549 2844 746 2918 perstitisset?
772 2860 832 2903 cnm
856 2843 929 2903 enim
982 2843 1135 2901 Faciamus
1150 2842 1340 2902 treminemad
1352 2846 1509 2918 tmapireem
1522 2847 1784 2907 etsiusttttadiecm

124 2931 278 2989 ‘auderitas
293 2933 436 3005 cujusdam
450 2933 637 3008 magnidicet,
652 2933 859 3008 ntimpleretnr
874 2933 928 2991 cle·
982 2934 1173 2990 normamllt
1180 2935 1250 3007 serit
1258 2935 1331 2991 Deus
1342 2933 1698 3009 bominemedirsnpieam
1708 2942 1737 2995 et
1745 2940 1784 2995 si·
1889 2924 1891 2929 ’

126 3025 236 3074 ctorum
260 3034 399 3089 numerus,
421 3020 504 3076 bomo
527 3018 651 3076 decimus
664 3026 793 3077 crentur:
822 3019 931 3077 ridetur
982 3020 1362 3094 militudinemsoomfficss.
1372 3024 1603 3095 1).llecrsations
1613 3024 1785 3083 formationis

127 3106 163 3162 ad
177 3106 231 3165 boc
244 3107 332 3164 solum
355 3107 426 3167 lacte
448 3108 632 3182 multiplicitas
654 3108 806 3178 bominum,
826 3116 857 3165 ut
876 3107 930 3165 im·
983 3110 1183 3183 scriptumest:
1196 3112 1422 3169 liormevitDeus
1432 3113 1785 3173 bominemdellmoterroe

126 3194 251 3269 piaretur
268 3196 410 3256 imminuta
433 3199 618 3255 numerositas
636 3198 823 3271 angelornm„
837 3205 864 3255 et
888 3198 929 3256 sic
984 3204 1014 3257 et
1024 3200 1179 3273 inspirarit
1192 3203 1224 3258 ln
1233 3202 1338 3273 tecum
1353 3202 1415 3274 eius
1423 3202 1602 3277 spiraculum
1609 3204 1674 3261 rite
1683 3223 1692 3271 ,·
1706 3208 1736 3261 et
1744 3206 1786 3277 fe·

127 3295 325 3359 eonoequentcr
351 3289 431 3344 ruina
453 3287 548 3364 angeli
574 3286 626 3344 init
655 3303 738 3345 caum
765 3287 930 3346 conditionis
983 3288 1096 3344 cturcst
1105 3286 1138 3343 irs
1147 3287 1275 3343 unimam
1283 3285 1569 3361 niuntemwemn).
1581 3287 1635 3357 Qui
1645 3288 1720 3346 enim
1729 3306 1787 3349 ma·

125 3374 258 3432 bominis.
983 3380 1035 3433 εει
1052 3375 1085 3432 irs
1100 3379 1250 3448 trimum,
1262 3376 1301 3432 ait
1311 3374 1464 3447 Scriptura,
1474 3377 1580 3435 creauit
1590 3380 1688 3437 orante
1698 3378 1786 3437 simui

163 3464 322 3523 litarem.
344 3466 418 3523 Nihil
444 3474 488 3524 est
511 3466 585 3524 alind
608 3465 767 3535 auctoritas,
782 3482 864 3539 qnam
879 3482 930 3539 per
983 3465 1193 3537 (scottum).
1224 3463 1323 3521 Omnis
1342 3464 1445 3523 crearit
1468 3464 1551 3523 simul
1565 3466 1784 3539 permeteriem,

127 3554 262 3611 rationem
277 3556 394 3628 probata
408 3556 512 3614 veritas
527 3574 536 3613 :
556 3563 584 3613 et
597 3555 673 3629 qnod
685 3555 836 3613 suobrites
848 3556 931 3613 docet
985 3553 1109 3611 distinxit
1134 3570 1205 3611 vero
1219 3570 1267 3611 sex
1281 3552 1378 3611 diebus
1397 3571 1448 3626 per
1462 3571 1577 3629 genera,
1601 3572 1653 3628 per
1667 3557 1784 3629 species,

128 3643 311 3714 credendum,
332 3644 386 3703 boc
407 3647 477 3703 ratio
503 3646 602 3719 probat
624 3642 782 3702 tenendum.
809 3645 932 3702 Bridens
985 3658 1036 3715 per
1050 3641 1163 3709 lormas,
1179 3658 1228 3716 per
1249 3658 1390 3700 numeros.
1415 3642 1457 3699 Illi
1480 3651 1571 3701 autem
1591 3660 1642 3703 ses
1656 3646 1717 3704 dies
1730 3661 1786 3703 non

126 3731 269 3805 scripturn
281 3734 430 3792 senories
443 3734 555 3803 clamat,
570 3743 598 3792 et
611 3734 758 3808 perspicax
780 3734 931 3806 ratiopro·
987 3739 1059 3799 sunt,
1074 3735 1106 3789 ut
1130 3732 1174 3787 isti
1198 3730 1342 3802 volubiles,
1365 3730 1547 3807 intelligendi,
1576 3732 1676 3793 sedin
1702 3742 1787 3793 eter-

127 3824 175 3877 bat
188 3836 196 3877 ε
211 3822 236 3878 si
249 3838 346 3880 omnes
359 3823 452 3900 angeli
468 3824 497 3880 in
510 3824 583 3882 coelo
595 3823 823 3896 permansissent,
839 3831 931 3881 nmen
945 3851 970 3917 G
985 3818 1071 3877 nitate
1084 3818 1140 3889 lixi,
1156 3820 1191 3877 ad
1212 3835 1329 3894 qnomm
1343 3819 1484 3893 exemplar
1506 3820 1552 3879 isti
1565 3830 1629 3879 sunt
1642 3822 1720 3883 iacti.
1752 3825 1786 3884 Et

126 3912 211 3968 homo
225 3928 288 3970 cnm
302 3914 377 3971 omni
391 3913 552 3987 posteritate
566 3928 617 3971 ana
629 3912 857 3972 creatustnisset.
876 3915 931 3971 lste
984 3908 1050 3984 qula
1063 3909 1187 3966 senarius
1203 3925 1333 3967 nements
1346 3908 1485 3982 perlectus
1505 3919 1557 3979 cst,
1580 3910 1644 3969 ideo
1658 3928 1708 3971 ses
1723 3913 1786 3972 die·

128 4000 230 4074 qnippe
242 4002 362 4059 mundus
375 4012 488 4076 propter
500 4004 640 4062 bominem
654 4011 697 4061 est
710 4003 798 4061 lactus
815 4020 822 4069 ς
846 4018 931 4060 mun·
985 3998 1038 4056 bns
1052 4000 1126 4055 tleus
1145 3998 1237 4057 omnis
1265 3996 1364 4055 iecisse
1383 3998 1484 4073 legitur
1499 4016 1507 4055 ε
1533 4006 1564 4056 nt
1584 4002 1707 4073 operatio
1734 4000 1787 4059 Dei

127 4089 286 4148 dueentem
310 4099 353 4149 est
374 4092 474 4150 crolum
496 4100 524 4149 ει
547 4101 629 4161 terra,
656 4098 686 4148 ει
712 4092 843 4150 universa
869 4108 932 4166 qnos
983 4087 1109 4161 perlecta
1122 4087 1294 4158 insinuetur:
1309 4087 1412 4160 quaein
1426 4104 1475 4146 sex
1489 4096 1584 4163 partes
1598 4088 1785 4164 disdnpuitur,

127 4178 231 4237 ambitu
245 4181 420 4238 conducetur
435 4196 443 4254 ;
463 4189 491 4239 ει
505 4180 587 4240 raldo
602 4182 753 4239 absurdum
766 4182 844 4239 credi
856 4182 932 4240 ride·
984 4176 1091 4235 setes:
1114 4177 1142 4233 iu
1164 4177 1217 4234 tria
1242 4174 1377 4235 elementa
1399 4184 1427 4234 et
1451 4177 1479 4235 in
1493 4178 1560 4250 {tria
1574 4194 1611 4237 ex
1624 4178 1669 4237 bis
1682 4189 1784 4239 creata.

125 4276 181 4340 tnr,
194 4278 227 4327 ut
241 4270 378 4332 amahus
395 4272 502 4344 angelis
525 4272 550 4329 is
561 4288 618 4330 non
638 4279 791 4344 crearetur,
820 4280 932 4345 propter
984 4268 1128 4324 Elementa
1151 4266 1253 4339 quippe
1274 4272 1338 4323 sunt
1365 4265 1449 4341 ignis,
1477 4282 1560 4341 equa,
1585 4276 1681 4337 terra:
1710 4271 1787 4329 etde

128 4374 210 4434 quern
222 4360 389 4418 universitas
407 4368 499 4419 creata
519 4362 628 4437 legitur.
654 4362 931 4419 annumeraretur
983 4357 1050 4433 igne
1063 4357 1148 4415 creati
1173 4363 1237 4415 aunt
1255 4356 1357 4431 angeli,
1378 4358 1528 4417 luminaria
1551 4367 1579 4417 et
1601 4359 1718 4432 siders;
1749 4361 1787 4419 de

127 4449 324 4507 removendum
345 4464 427 4508 sacra
451 4450 603 4524 Scriptura,
624 4449 777 4508 futurorum
805 4451 930 4523 mecla,
985 4453 1058 4503 terre
1072 4462 1139 4505 nero
1154 4446 1288 4515 homines,
1317 4447 1441 4521 arbores,
1467 4448 1785 4517 herimannitarum

127 4545 192 4595 aute
205 4538 374 4597 creationem
385 4540 478 4615 angeli
488 4548 515 4598 et
524 4540 643 4598 bominis
658 4554 757 4598 exorsa
766 4540 928 4598 estdicens:
984 4536 1021 4593 de
1035 4536 1114 4608 aquis
1128 4542 1220 4593 autem
1234 4534 1324 4608 pisces
1338 4544 1366 4593 et
1378 4536 1522 4595 volucres.
1540 4539 1690 4597 fluentem
1700 4538 1787 4613 gemi-

127 4624 161 4684 in
172 4629 317 4703 principio
323 4630 431 4688 ceant
442 4629 520 4689 Deus
530 4632 632 4687 celum
642 4632 670 4687 et
681 4632 790 4686 terrum
804 4629 884 4702 (Gen.
896 4632 928 4701 ι).
983 4639 1021 4681 na
1034 4640 1166 4699 aquaram
1180 4632 1287 4693 natura,
1302 4642 1462 4685 unscrassa
1475 4642 1586 4700 semper
1600 4636 1683 4685 terres
1695 4627 1787 4685 adhe·

127 4716 228 4791 thuid
241 4718 370 4775 mlum?
397 4718 435 4776 Ut
457 4729 533 4777 esset
556 4718 652 4797 utique
667 4716 801 4776 habitatio
815 4718 931 4792 angelo·
984 4730 1059 4781 rens,
1088 4730 1149 4787 qne
1164 4728 1242 4772 mara
1265 4714 1373 4780 dicitur.
1403 4717 1438 4772 de
1465 4731 1521 4790 qua
1543 4716 1634 4789 pisces
1662 4716 1786 4788 producti

128 4823 201 4863 mm.
218 4807 320 4881 thnid
333 4809 466 4866 terrem?
490 4810 527 4867 tn
547 4808 676 4866 videlicet
697 4814 771 4865 essct
793 4806 930 4866 habitatio
983 4804 1141 4879 leguntur:
1169 4802 1257 4861 altera
1283 4804 1373 4862 tensis
1402 4820 1419 4861 a
1447 4812 1523 4862 tarrn
1548 4820 1694 4877 suspensa,
1724 4820 1787 4881 quae

127 4882 278 4953 hominum
303 4896 338 4953 itt
353 4896 570 4957 nncseutenttss
583 4898 733 4956 eumentes
747 4896 821 4955 itlius
835 4897 931 4971 magni
983 4908 1034 4951 aer
1057 4894 1167 4962 dieitur,
1195 4894 1231 4951 de
1258 4908 1313 4967 qna
1337 4892 1465 4953 :ommes
1492 4902 1590 4951 creste
1617 4904 1780 4955 noscuntur.

127 4982 189 5054 riri,
204 4984 309 5043 scilicet
323 4984 461 5061 Gregorii,
482 5002 538 5045 non
566 4986 733 5062 reirapstur,
761 4985 812 5045 sed
839 4987 931 5060 potius
985 4982 1066 5054 Quod
1078 4989 1170 5041 antem
1192 4981 1311 5055 angelus
1338 4982 1374 5041 sit
1400 4982 1564 5056 principium
1594 4983 1697 5041 remu:
1721 4985 1781 5055 Ilei,

128 5070 295 5147 snd'mgstur
310 5090 318 5131 τ
347 5076 410 5149 qnia
423 5076 552 5133 nimirum
565 5075 714 5134 electorum
728 5090 861 5133 numerus
874 5091 931 5135 non
984 5072 1116 5131 scribitur
1131 5072 1158 5128 in
1172 5072 1227 5129 lob
1243 5086 1250 5128 :
1271 5072 1354 5129 borno
1367 5086 1434 5131 vero
1448 5072 1543 5131 ultima
1557 5072 1662 5131 iactura
1675 5074 1726 5132 liei
1739 5073 1783 5132 ie·

128 5162 158 5220 in
171 5162 238 5220 solis
261 5163 382 5223 constitit
404 5164 521 5239 angelis,
552 5164 603 5222 sed
625 5164 655 5222 in
673 5164 781 5239 angelis
803 5164 885 5222 simul
903 5171 932 5222 et
982 5161 1071 5237 gitur.
1103 5161 1173 5219 ilinc
1200 5160 1345 5235 perillum
1373 5160 1522 5229 inchoatio,
1551 5179 1602 5235 per
1620 5162 1703 5221 istum
1716 5180 1783 5225 uera

127 5252 295 5323 bomlnibns,
324 5263 352 5311 et
375 5254 441 5328 quia
467 5255 497 5311 in
518 5268 619 5312 norem
640 5252 785 5312 ordinibus
811 5252 930 5329 angelo·
943 5226 970 5289 D
985 5251 1184 5311 consummatio
1197 5266 1310 5324 operum
1327 5250 1374 5309 ilci
1388 5252 1525 5309 innuitur:
1540 5252 1584 5311 ani
1599 5252 1688 5311 omnis
1701 5268 1784 5313 crea-

129 5362 190 5403 mm
203 5362 259 5405 non
273 5355 333 5405 erat
346 5346 487 5421 perlectus
510 5364 642 5406 numerus
665 5344 827 5415 electomm,
842 5348 931 5406 utbic
983 5342 1167 5415 turareliquu
1181 5339 1331 5412 subjicitur.
1362 5340 1450 5415 lpitnr
1470 5342 1541 5399 sicut
1561 5357 1613 5399 nec
1627 5342 1719 5413 suesti
1732 5359 1784 5417 pro

128 5434 291 5509 impieretur
302 5452 444 5508 numerus,
460 5445 503 5495 est
525 5436 608 5495 bomo
625 5436 751 5495 decimus
763 5436 835 5493 ordo
850 5451 930 5494 cren-
984 5430 1098 5505 perditis
1120 5430 1275 5488 hominibut
1289 5436 1426 5498 omniur,
1441 5430 1488 5501 ‚in
1514 5446 1566 5491 ¹10⁰
1592 5432 1722 5491 homines
1734 5449 1785 5507 pto

129 5530 184 5582 tns.
201 5524 282 5595 Quod
295 5534 385 5585 anem
398 5524 482 5585 bomo
496 5540 559 5585 cnm
573 5526 674 5601 angelo
687 5526 723 5583 sit
745 5532 861 5594 creatus,
886 5532 931 5583 te·
985 5522 1073 5596 lapsis
1086 5520 1193 5595 angelis
1219 5520 1303 5578 creati
1323 5520 1482 5589 creduntur,
1505 5520 1556 5578 sed
1582 5521 1697 5595 proprio
1723 5524 1785 5583 loco

130 5614 288 5689 staturipse
303 5624 411 5675 creator
426 5616 499 5673 Deus
517 5615 631 5691 loquens
644 5615 681 5673 ad
698 5616 772 5672 lob:
793 5615 864 5673 Ecce
878 5616 932 5673 Be·
987 5612 1083 5685 glorie
1096 5610 1263 5683 possidendo
1277 5617 1303 5666 st
1317 5610 1455 5669 nemmem
1477 5609 1606 5668 ordinem
1633 5612 1784 5671 electorum

133 5703 353 5778 armatarum
366 5704 593 5779 secttecum(lob
607 5704 750 5778 :abeund
763 5712 805 5763 est
818 5703 931 5763 dicere:
987 5699 1137 5774 implendo.
1154 5694 1222 5755 ideo
1236 5704 1327 5755 antem
1341 5714 1390 5771 pro
1408 5698 1525 5772 perditis
1535 5698 1642 5775 angelis
1655 5701 1785 5763 dicuntur
