3942 6067
179 168 226 223 oar
426 216 430 224 ,
524 156 676 221 nouoau
695 120 947 219 uncosronorr.
970 152 1054 211 orn.
1076 152 1163 213 ruas
1182 154 1234 213 ru.
1262 184 1297 197 -
1321 135 1524 215 urrrmo'rc'l.
1781 156 1837 213 naa

180 301 288 347 summa
301 286 464 361 angelorum
477 284 599 362 dignitas
614 299 705 359 prona
725 282 875 355 subjicitur.
892 280 978 354 cnjus
994 282 1023 343 Α
1036 278 1185 353 angularis
1197 295 1214 337 a
1226 281 1285 339 lieo
1299 280 1430 354 probatus
1443 280 1477 337 ab
1491 278 1689 339 edificantibus
1702 279 1837 353 reproba·

180 376 325 435 sanctitate
339 375 430 433 scelus
445 376 607 450 extergitur,
619 392 634 431 a
648 390 731 432 sarro
747 368 980 443 undisimmergi·
1036 376 1089 437 tur,
1101 368 1129 425 in
1138 370 1315 443 quoduorum
1322 370 1517 443 pericnlumab
1525 368 1637 428 Oriente
1648 372 1675 429 el
1685 369 1837 429 Occidente

182 473 241 524 tur.
260 466 303 523 sb
318 466 396 524 hoste
410 469 537 523 esuriens
551 472 696 537 temptatur
706 480 758 543 per
772 478 854 537 quem
879 460 981 519 caritas
1036 458 1201 517 venientium
1215 475 1351 535 compago
1366 460 1507 533 copulatur
1520 460 1545 533 (1
1551 461 1627 517 Petr.
1644 459 1691 531 u).
1709 459 1836 517 Nasceus

181 554 346 629 augelorum
358 554 386 611 in
400 553 491 629 gloria
505 553 638 620 firmetur,
654 552 701 628 qui
716 568 766 609 ccx
779 566 832 609 sus
852 546 982 608 ineffabili
1035 564 1153 622 namque
1167 551 1275 607 attraxit
1288 548 1409 623 gentiles
1420 566 1483 607 cum
1493 549 1653 607 muneribus
1662 550 1697 607 ab
1710 548 1835 617 Oriente.

181 639 328 697 dulcedine
353 640 450 705 saciat.
471 638 535 696 dum
556 654 666 711 semper
686 636 715 694 in
738 652 800 696 eum
822 634 982 708 prospicere
1036 635 1160 697 moriens
1173 638 1282 695 attraxit
1295 638 1415 713 gentiles
1429 656 1479 711 per
1491 638 1692 697 confessionem
1718 638 1754 697 ab
1782 638 1839 697 Oc·

181 728 357 799 desiderantg
372 728 417 801 qni
429 736 473 785 eet
487 727 550 785 lons
567 727 692 785 omnium
701 728 847 792 bonorum,
856 724 982 782 levamen
1036 728 1154 786 cideutc.
1171 727 1191 784 P
1195 728 1283 800 platus
1297 737 1387 787 autem
1402 736 1429 787 et
1442 728 1567 785 centurio
1581 729 1698 787 Romani
1719 728 1756 785 ab
1778 726 1838 789 Oe·

180 816 301 877 omniurn
324 817 460 887 laborum,
485 832 519 878 ex
541 816 639 873 itinere
660 814 798 889 fatigatur.
815 813 888 871 sitim
909 826 982 885 aqua
1036 817 1147 875 uidente
1164 818 1395 891 cinnamonum
1415 817 1518 889 justam
1539 818 1653 890 (satu.
1676 817 1765 889 xxmt)
1793 815 1839 877 tal

180 906 302 981 extingui
316 912 457 981 precatur.
473 904 575 963 Somrm
589 904 754 979 opprimitur
765 903 796 961 in
814 903 892 975 cujus
914 902 981 960 lau·
1037 906 1133 963 lilium
1147 906 1198 965 ilai
1212 907 1310 978 (ibid.)
1323 906 1459 965 dicebant.
1476 908 1560 967 Porro
1574 906 1663 966 ludoei
1676 906 1763 965 tinem
1787 904 1839 965 bei

116 1066 120 1074 Ι
150 1039 153 1047 .
179 996 244 1053 dem
258 1003 407 1053 coucamus
419 994 552 1053 ooelorum
567 993 684 1068 uigilare
698 992 909 1052 deacribimus
923 1005 982 1065 quo
1035 996 1165 1071 agricole
1180 996 1320 1055 heredem
1333 996 1424 1053 multis
1438 996 1612 1055 contmueliis
1627 1004 1654 1055 et
1676 995 1838 1069 obprobriis

180 1094 222 1143 est
234 1084 324 1143 omnis
338 1083 508 1151 benedictio.
523 1083 713 1152 maledicitur;
737 1098 820 1157 quem
840 1080 982 1158 demones
1035 1083 1164 1143 allectum
1178 1090 1267 1143 morta
1281 1086 1441 1159 turpissima
1462 1086 1538 1159 (Sep.
1564 1086 1606 1157 ult
1630 1084 1839 1145 condemnare-

179 1173 394 1232 contremiscunt
407 1174 480 1246 (loc.
495 1177 538 1245 rt),
553 1188 571 1230 a
584 1173 709 1230 daemone
722 1172 853 1229 obsessus
867 1169 977 1227 dicitur.
1035 1185 1098 1233 runt
1120 1175 1186 1231 dum
1206 1191 1269 1233 eum
1290 1173 1319 1231 in
1340 1189 1423 1235 eruce
1446 1183 1477 1231 ut
1497 1175 1605 1248 Moyses
1626 1181 1785 1247 serpentem
1808 1174 1840 1231 im

180 1264 211 1319 In
239 1264 317 1334 cujus
345 1263 456 1319 nomine
479 1277 561 1319 omna
582 1278 657 1337 genu
671 1261 800 1327 nectitur.
815 1258 980 1329 amicalium,
1036 1264 1146 1323 deserto
1160 1264 1254 1334 (llum.
1270 1265 1341 1335 χιιι)
1356 1264 1551 1323 exultaverunt.
1575 1265 1651 1322 Tunc
1669 1263 1758 1321 duleis
1786 1264 1840 1321 bc-

179 1353 352 1411 terrestrium
366 1361 392 1409 et
407 1351 575 1408 infernorum
590 1349 727 1425 (Philipp.
738 1348 781 1423 ιι),
797 1349 869 1407 dexo
879 1347 982 1422 poplite
1035 1361 1092 1413 trus
1114 1354 1192 1426 cypri
1216 1353 1244 1411 in
1268 1361 1345 1411 uecta
1368 1353 1549 1424 boiolebatur,
1572 1360 1600 1413 et
1613 1352 1694 1411 dulce
1707 1352 1839 1425 poculum

131 1462 135 1469 ’
179 1442 254 1500 lavat
265 1442 351 1518 pedes
365 1440 574 1515 discipulorum.
589 1439 715 1497 'iristicia
729 1448 757 1497 et
780 1454 901 1497 moerore
920 1437 981 1497 rffi-
1036 1442 1098 1501 ritae
1113 1442 1148 1501 de
1163 1458 1197 1501 eo
1212 1442 1241 1501 in
1255 1442 1348 1501 crucis
1362 1443 1439 1515 prelo
1449 1443 1633 1515 premebatur.
1646 1443 1841 1499 Verumtamen

180 1531 260 1598 citur,
277 1547 327 1605 per
340 1547 423 1604 quem
435 1530 590 1604 frequentia
602 1529 746 1587 beatorum
760 1528 865 1603 gaudio
888 1536 915 1585 et
930 1526 980 1585 lm-
1035 1530 1146 1599 coeium,
1162 1530 1235 1604 qnod
1248 1546 1282 1591 ao
1296 1540 1427 1590 nasoeuta
1451 1546 1522 1589 noua
1539 1531 1602 1591 luca
1627 1530 1788 1603 illustratur,
1803 1546 1839 1587 ao

180 1621 242 1679 ticia
255 1618 380 1679 afficitur.
396 1618 449 1691 Qui
464 1620 554 1677 taliter
567 1634 629 1677 cum
655 1617 812 1675 homiuibus
834 1632 981 1676 conuersa·
995 1642 1023 1711 Β
1037 1620 1172 1679 moriente
1187 1621 1215 1677 in
1225 1636 1306 1679 cruce
1320 1620 1441 1679 horridis
1455 1620 1576 1679 tenebris
1589 1620 1759 1679 ablmcatm.
1777 1619 1838 1687 Sol,

180 1718 225 1767 tus
246 1708 299 1765 sub
321 1708 408 1766 lomna
427 1708 502 1767 serui
524 1706 611 1777 istaut,
635 1724 686 1781 par
708 1706 789 1781 signs
808 1715 835 1763 et
849 1705 982 1765 miracula
1037 1708 1084 1784 qui
1098 1726 1132 1769 eo
1146 1718 1279 1769 nascente
1294 1726 1382 1769 aureo
1396 1710 1501 1770 circulo
1514 1718 1661 1769 coronatur
1673 1710 1838 1783 (bitom),

179 1798 255 1857 Deus
269 1814 352 1857 verus
365 1797 475 1855 clamit.
488 1797 560 1854 Nam
571 1812 633 1855 euru
655 1804 816 1855 nascamem
830 1804 904 1853 aaut
918 1810 981 1853 ma·
1035 1816 1070 1859 ao
1094 1799 1227 1859 moriente
1248 1800 1359 1873 lugubri
1385 1799 1503 1873 caligine
1526 1800 1704 1861 obscuratur.
1733 1797 1838 1866 Tellus,

178 1888 266 1946 tutius
291 1888 474 1945 laudaverunt
500 1886 571 1960 (iol.
598 1886 734 1959 xxxuru),
763 1886 827 1943 dum
857 1885 982 1958 protinus
1035 1906 1097 1963 que
1120 1906 1154 1947 eo
1179 1897 1308 1948 nascente
1330 1890 1406 1947 latos
1429 1889 1485 1947 olai
1508 1888 1615 1959 effudit,
1646 1904 1680 1947 ec
1704 1888 1841 1947 moriente

180 1977 242 2036 caeli
264 1977 293 2034 in
315 1976 478 2051 obsequium
501 1992 561 2046 epus
584 1991 684 2032 noram
707 1974 815 2031 stellam
830 1974 977 2031 miserunt.
1035 1988 1157 2037 mortuos
1180 1995 1320 2050 evomens,
1349 1978 1451 2037 ruitum
1478 1979 1653 2037 contremuit.
1688 1979 1733 2035 Do
1759 1976 1838 2051 Ιὶςοο

178 2066 284 2125 Omnes
298 2062 346 2122 biii
359 2064 410 2122 ilci
425 2065 451 2121 ei
462 2065 651 2137 jubilaverunt
665 2062 843 2136 (ibid.).dum
853 2062 981 2138 angeliin
1034 2085 1165 2143 numque.
1181 2068 1272 2127 soluta
1286 2068 1489 2136 meledictione,
1504 2068 1657 2141 depositus,
1686 2066 1716 2123 in
1739 2066 1838 2139 sepul·

179 2155 290 2217 laudem
306 2156 367 2229 elus
382 2155 478 2213 Gloria
493 2156 525 2211 irt
539 2154 661 2212 excelsis
674 2156 730 2211 lieo
752 2152 807 2210 alta
827 2169 895 2211 roae
914 2169 980 2224 per-
1035 2159 1103 2216 cbro
1124 2157 1251 2215 dormivit
1273 2158 1458 2215 conturbatur.
1485 2156 1574 2215 aridei
1598 2164 1691 2215 nutem
1704 2170 1839 2230 inegram

182 2246 351 2303 sultarerunt
364 2245 444 2315 (luc.
460 2244 492 2318 ι).
507 2244 599 2317 Reges
613 2260 676 2301 cum
704 2242 855 2300 mineribus
882 2243 982 2299 adesse
1035 2246 1155 2321 lapidem
1178 2246 1214 2305 ad
1241 2254 1448 2305 mouumentum
1472 2247 1614 2305 volventes
1635 2244 1836 2319 sigillaverunt,

180 2336 324 2405 festinum,
340 2348 373 2391 ab
393 2332 465 2407 Regi
487 2332 584 2409 gloriae
608 2332 731 2390 cervices
745 2331 886 2389 adorando
900 2330 981 2389 incli·
1035 2337 1180 2407 custodes,
1201 2352 1236 2393 ne
1260 2334 1396 2395 suu-uretur
1418 2352 1435 2393 ι
1456 2336 1610 2409 discipulis,
1635 2335 1834 2393 adhibuemnt.

181 2432 263 2484 nant.
282 2422 392 2481 cmlum
406 2438 561 2496 supereum
577 2429 724 2491 reseratur,
738 2430 853 2495 paterna
866 2438 918 2479 aar
934 2419 981 2478 lii-
1034 2426 1147 2499 loseph,
1173 2426 1219 2500 qui
1243 2442 1305 2483 eum
1328 2426 1468 2499 sepelevit.
1498 2425 1626 2483 custodia
1654 2424 1838 2493 includentes,

181 2514 249 2572 lium
263 2521 441 2587 protestetur,
458 2512 573 2585 Spiritus
593 2520 705 2569 sanctus
727 2510 756 2568 iu
779 2528 840 2568 eum
862 2511 981 2568 descen·
1035 2514 1127 2587 sigillo
1141 2522 1169 2573 et
1182 2515 1342 2575 custodibus
1358 2516 1514 2572 munierunt
1528 2532 1535 2579 ;
1551 2514 1840 2581 cinnomannio,

60 2614 64 2618 ’
180 2604 250 2662 dens
264 2602 291 2660 in
305 2603 433 2661 omuibus
448 2601 658 2675 cicooperatur.
669 2600 769 2675 Angeii
780 2600 805 2656 ci
815 2600 979 2668 ministrant,
1034 2603 1081 2679 qui
1097 2603 1289 2671 eumaudivit,
1305 2604 1340 2660 de
1354 2603 1486 2678 dignitate
1507 2618 1557 2659 sut
1576 2602 1773 2673 deposuerunt.
1788 2599 1840 2657 ln-

179 2693 292 2767 spiritus
305 2691 430 2749 inmundi
442 2691 615 2765 praesentium
627 2690 684 2762 ejus
698 2688 859 2747 formidant.
873 2691 981 2763 Aquam
1034 2701 1109 2751 terea
1124 2694 1180 2751 Rex
1195 2692 1292 2768 glorie
1304 2709 1370 2751 curn
1385 2692 1506 2751 exercitu
1519 2691 1681 2766 angelorum
1704 2692 1840 2749 tenebro-

126 2771 133 2787 “
179 2782 289 2855 (ΜΒ)
304 2780 332 2838 in
347 2782 450 2852 riuum,
472 2796 542 2839 tera
567 2779 640 2847 ritis,
659 2777 845 2849 commutavit,
860 2786 981 2836 mortuos
1034 2798 1094 2839 sum
1117 2781 1226 2855 tyranni
1250 2798 1365 2856 regnum
1394 2783 1471 2851 adiit,
1497 2781 1585 2853 spolia
1613 2780 1639 2839 ei
1665 2780 1747 2853 rapit,
1772 2794 1840 2838 curn

179 2870 235 2929 rita
258 2880 360 2929 eterna
383 2870 469 2928 uerbo
493 2868 678 2926 resuscitarit.
704 2867 791 2925 (lesia
820 2866 910 2923 risum
933 2866 982 2923 lux
1033 2870 1119 2929 nobili
1132 2888 1231 2945 pompn
1245 2872 1326 2929 bodie
1341 2880 1455 2937 remeat,
1471 2871 1584 2928 baratro
1596 2878 1742 2943 exemptos
1765 2869 1841 2927 coelu

178 2958 275 3017 mundi
297 2958 408 3028 refudit,
437 2956 529 3014 surdis
557 2958 713 3014 obstructas
739 2973 822 3014 aures
850 2955 974 3014 reclusit.
1034 2961 1159 3031 collocat,
1175 2962 1306 3035 parictem
1328 2961 1483 3035 angelicum
1505 2959 1658 3033 collapsum
1680 2958 1840 3017 bominibus

176 3048 293 3106 Vincula
306 3048 408 3123 tinguae
422 3055 557 3104 mutorum
572 3046 659 3103 rerbo
672 3044 722 3103 Ilei
736 3045 827 3117 soluit,
850 3046 981 3118 paralyti·
995 3006 1020 3073 C
1036 3059 1185 3121 restauret,
1201 3066 1301 3123 corpus
1315 3050 1350 3107 de
1366 3050 1513 3123 sepulchro
1528 3049 1679 3109 raamcitat.
1695 3048 1768 3105 ultra
1781 3064 1839 3105 non

178 3151 276 3197 corum
291 3137 371 3195 turba
380 3136 440 3206 ejus
454 3133 570 3209 imperio
586 3142 683 3191 runata
697 3133 797 3192 lectum
811 3133 890 3191 tollit.
908 3134 980 3191 Snu-
1035 3140 1199 3207 moriturus,
1212 3140 1340 3197 omnibus
1354 3156 1386 3198 ιι
1400 3139 1579 3213 diligentum
1602 3138 1686 3195 vitm
1705 3146 1839 3195 mmm

176 3228 270 3303 guinis
282 3227 387 3284 fluxum
402 3225 519 3300 siringii,
546 3223 661 3283 febrium
685 3224 814 3281 ardorem
837 3222 900 3280 lons
918 3223 981 3282 vilae
1035 3228 1128 3297 donat,
1145 3228 1265 3289 eoelestis
1280 3244 1347 3302 ergo
1369 3228 1485 3287 nuncius
1512 3228 1695 3301 proemittitur,
1721 3226 1769 3296 qui
1784 3226 1839 3285 boo

178 3317 325 3393 extinguit.
354 3314 466 3374 Claudis
501 3329 640 3390 gressum,
670 3311 788 3388 leprosis
813 3312 981 3372 mundiciam
1034 3317 1140 3375 moestis
1153 3318 1299 3392 discipulis
1315 3316 1428 3385 referat,
1446 3325 1579 3391 quatenus
1593 3315 1703 3375 illorum
1723 3314 1841 3373 tristicia

177 3406 311 3477 contulit;
336 3414 461 3464 catervas
485 3403 642 3461 demonum
663 3403 698 3460 ab
719 3402 842 3461 obsessis
860 3402 975 3477 expulit.
1034 3407 1218 3483 ingaudium
1241 3414 1430 3467 convertatur.
1459 3406 1513 3478 Qui
1539 3406 1660 3480 lapidem
1683 3406 1719 3465 de
1737 3418 1840 3463 monu-

178 3496 302 3568 Quatuor
315 3494 546 3554 miliabominum
568 3492 616 3551 vlt
639 3490 766 3567 panibus,
789 3492 868 3567 panis
891 3492 978 3564 virus,
1034 3506 1129 3557 mento
1150 3512 1297 3555 removens
1320 3496 1439 3570 desuper
1461 3496 1544 3565 sedit,
1570 3494 1683 3569 eiusque
1708 3494 1794 3553 lanies
1808 3502 1841 3551 xt

178 3584 304 3645 saciavit.
322 3585 390 3642 item
405 3584 427 3643 V
440 3583 517 3641 milia
530 3583 555 3641 V
568 3580 694 3657 panibus,
710 3582 791 3656 panis
804 3582 978 3658 angelorum,
1033 3584 1136 3660 fulgur,
1153 3586 1236 3643 vasus
1250 3594 1276 3643 ut
1293 3586 1343 3643 nix
1356 3584 1540 3661 resplenduit.
1559 3582 1621 3655 Quo
1631 3584 1692 3643 riso
1706 3582 1839 3643 omiodcs

178 3675 321 3735 saturavit.
335 3673 449 3733 Fluctus
460 3672 546 3730 maris
559 3672 643 3731 siccis
656 3670 774 3745 pedibus
797 3671 978 3745 perambulat.
1034 3680 1098 3734 sunt
1113 3674 1237 3733 exterriti
1248 3682 1277 3733 et
1290 3674 1353 3733 lacti
1367 3683 1431 3734 eunt
1445 3674 1518 3735 reiut
1532 3672 1642 3733 mortui.

177 3774 322 3825 ventorum
343 3764 450 3822 rabiem
473 3764 565 3820 sedat.
593 3760 765 3819 facinorosis
792 3761 908 3819 crimine
930 3777 979 3819 re-

176 3854 260 3926 laxat,
275 3853 402 3929 discipuli
417 3852 446 3910 in
461 3854 522 3923 ejus
537 3850 648 3910 nornine
663 3867 773 3911 omnem
793 3851 920 3910 virtutem
934 3850 980 3907 in·

177 3944 251 4003 imici
265 3944 383 4004 calcant.
398 3944 434 4000 Et
447 3943 510 4016 quia
524 3940 566 3998 soi
580 3949 608 3998 et
620 3941 686 3997 lune
713 3942 774 4013 ejus
794 3940 979 4015 pulchritudi-

176 4050 242 4092 nem
256 4035 399 4103 mirentur,
414 4047 508 4090 coram
523 4030 580 4087 suis
601 4036 632 4087 ut
654 4030 730 4087 Deus
753 4030 974 4106 transfiguratur.

176 4124 212 4181 iit
226 4125 292 4198 quia
306 4122 450 4196 speciosus
464 4118 554 4178 forma
567 4136 627 4192 prm
643 4116 707 4176 liliis
728 4120 869 4177 bominum
894 4119 979 4177 lucmt

1069 3798 1154 3856 bieria
1169 3806 1260 3857 autem
1275 3812 1353 3857 soror
1368 3796 1463 3855 Lazari
1477 3806 1506 3855 et
1519 3796 1603 3855 liaris
1626 3804 1715 3856 mater
1729 3796 1837 3867 iacobi,

1033 3896 1127 3961 poster
1155 3887 1401 3947 llierosolimorum
1428 3886 1561 3961 episcopi,
1587 3897 1614 3945 ot
1641 3888 1726 3945 llaria
1754 3902 1839 3946 soror

1033 3978 1129 4035 matris
1153 3976 1276 4045 Domini,
1302 3992 1371 4034 uxor
1393 3976 1524 4044 salomei.
1548 3992 1611 4035 oum
1631 3976 1766 4050 preciosis
1780 3994 1837 4034 un-

1034 4066 1144 4141 guentis
1166 4067 1202 4123 ad
1224 4074 1430 4125 monumentum
1453 4066 1600 4127 ranmbant
1625 4066 1724 4141 quibus
1737 4066 1837 4125 borni-

432 4210 438 4222 .
503 4208 509 4221 .
702 4208 707 4220 .
862 4208 904 4222 ..
1033 4172 1108 4225 num,
1123 4173 1159 4215 na
1172 4172 1190 4215 a
1204 4156 1343 4216 vermibus
1357 4162 1591 4229 corrumperetur,
1605 4170 1729 4230 ongum
1756 4155 1833 4214 roie-

177 4213 267 4286 (Prcl.
281 4211 369 4282 xmo),
386 4210 472 4267 lucres
485 4225 545 4279 erus
558 4214 588 4264 ut
602 4206 644 4264 rol
657 4208 760 4265 rutilat.
779 4208 813 4265 Et
823 4208 977 4282 qursJudcx
1032 4244 1108 4303 hm·
1123 4245 1189 4303 Viso
1205 4260 1271 4303 vm
1295 4244 1405 4319 melo,
1420 4244 1505 4303 nimio
1528 4259 1629 4317 mm
1650 4251 1833 4303 mm

177 4301 304 4359 airorum
317 4308 345 4359 et
358 4305 527 4357 mortuorum
542 4296 748 4369 comprobatur,
777 4298 886 4373 blcyses
900 4315 978 4356 mor·
1034 4343 1086 4403 mr,
1109 4335 1160 4392 sed
1193 4333 1293 4393 blande
1322 4334 1356 4391 ab
1384 4334 1482 4407 melo
1508 4334 1698 4393 mmmm,
1726 4332 1833 4405 Quum,

177 4408 242 4458 ‘⁰1¹³
254 4408 282 4458 01
295 4398 397 4473 flellu
410 4396 489 4457 Vim
501 4395 528 4454 ‘i
541 4392 762 4455 mmmmm?-
989 4374 1019 4451 ‘D
1032 4418 1179 4477 Dominum
1193 4420 1265 4478 ricta
1279 4428 1368 4478 morte
1383 4420 1565 4479 rusurrexisse
1579 4419 1833 4495 nunciatumque

105 4582 116 4603 ι
212 4554 360 4627 Postquam
374 4550 419 4609 bis
433 4556 461 4607 et
474 4547 575 4606 talibus
588 4546 668 4606 annis
683 4546 764 4606 XXX
778 4554 806 4607 et
819 4546 979 4623 tribusplus
1033 4508 1062 4567 in
1076 4507 1188 4567 mmm
1204 4508 1352 4569 videndum
1365 4508 1496 4568 mium·

177 4641 304 4713 renlux
318 4652 347 4709 in
359 4648 484 4707 tenebris
496 4647 573 4719 luxit,
590 4656 618 4706 ct
631 4646 703 4705 filios
719 4646 770 4705 bei
789 4647 931 4721 dispersos
951 4645 979 4703 in
1069 4649 1180 4711 iuterim
1195 4648 1329 4709 Dominus
1344 4646 1663 4722 resurrectionisloseplr
1676 4647 1705 4707 in
1717 4664 1831 4709 carrara

177 4768 261 4811 unam
276 4752 359 4808 iidem
381 4764 566 4825 congregans,
587 4747 672 4805 immo
694 4763 791 4805 serros
810 4746 978 4821 transfugas,
1033 4760 1062 4809 ut
1075 4748 1118 4809 sol
1131 4748 1311 4822 resplendens
1324 4747 1461 4821 apperuit,
1476 4748 1737 4822 quamilielitlyam
1748 4754 1831 4821 puta-

178 4851 299 4911 reditum
321 4849 356 4907 ad
378 4850 495 4923 patriam
524 4846 640 4921 copiose
668 4844 805 4911 instruxit,
833 4846 979 4903 tenebrosa
1033 4846 1091 4916 citt
1107 4847 1165 4921 ipsc
1179 4862 1247 4905 aero
1261 4862 1292 4905 aa
1306 4846 1399 4903 lesum
1421 4845 1456 4903 ab
1470 4862 1513 4905 ‚eo
1534 4847 1671 4920 sepultum
1685 4854 1832 4905 etnuncu

178 4948 265 5008 corda
276 4948 434 5005 ludaeorum
448 4945 613 5003 immensum
625 4942 712 5016 jubar
732 4942 910 5001 flammivomi
933 4942 979 4999 lu·
1032 4953 1123 5003 morte
1136 4942 1327 5003 resuscitatum
1340 4940 1499 5010 affirmarim
1524 4944 1697 5020 conquerit
1719 4960 1833 5005 carcere

178 5046 262 5105 minis
275 5046 349 5105 lerrc
362 5061 420 5103 non
433 5044 591 5111 valuerunt,
604 5041 679 5099 unda
694 5054 757 5099 cum
771 5038 856 5098 armis
871 5046 899 5097 et
912 5038 979 5097 laci·
1034 5042 1172 5099 sublatum
1196 5042 1226 5097 in
1246 5040 1436 5113 Arimatltytm
1459 5041 1562 5099 statuit.
1586 5042 1675 5101 Porro
1696 5042 1759 5116 ipat
1787 5042 1837 5102 dio

180 5144 232 5202 bus
244 5142 411 5218 conglobati,
425 5140 494 5198 illud
507 5139 670 5212 extinguere
684 5137 843 5195 volucrunt.
862 5135 980 5209 Quipri·
1032 5138 1120 5199 iudaei
1141 5139 1170 5197 in
1192 5138 1338 5198 concilium
1362 5137 1537 5207 mnrcniuut,
1561 5138 1598 5195 ad
1611 5154 1756 5197 mrem
1767 5140 1836 5197 mit-

178 5244 263 5301 mitus
276 5241 361 5301 verbo
375 5240 448 5303 illius
461 5237 592 5311 prostrati
605 5244 678 5303 sant,
694 5236 794 5295 deinde
807 5235 869 5309 ipso
882 5251 981 5296 conca·
1034 5244 1105 5306 tunt,
1127 5232 1279 5307 uticaepir
1300 5234 1537 5307 adiudicandum
1560 5234 1713 5294 adducatur
1734 5236 1837 5308 proect-
1912 5285 1918 5296 .

179 5340 262 5399 dente
276 5340 391 5397 sulutem
406 5335 503 5395 mundi
518 5334 702 5409 perfecerunt.
718 5334 804 5408 Igitur
818 5334 906 5391 bonus
928 5350 981 5409 ps·
1034 5334 1121 5409 piuut.
1138 5332 1191 5403 Qui
1205 5330 1446 5393 rereraireierunt
1459 5348 1491 5391 sa
1504 5348 1646 5393 merem
1669 5332 1793 5393 cinaeum
1807 5342 1838 5393 et

180 5448 276 5498 stura
297 5438 405 5497 iuribus
429 5445 456 5495 ct
478 5435 631 5494 latronibus
655 5432 906 5507 comprehenditur,
930 5432 981 5491 sed
1035 5432 1156 5508 sigillum
1170 5446 1267 5491 sanmn
1280 5432 1427 5505 reperisse.
1450 5440 1546 5505 aperto
1566 5448 1632 5491 raro
1654 5448 1768 5493 carcerc
1780 5448 1836 5493 na-

180 5530 299 5606 pusillus
314 5551 381 5606 grex
394 5551 411 5592 a
424 5532 497 5609 lupis
508 5531 688 5617 dispargitur.
704 5534 801 5608 Agnus
814 5546 865 5605 pro
883 5530 981 5591 oribus
1035 5534 1139 5593 minam
1151 5530 1190 5589 ibi
1203 5532 1354 5593 invexisse·
1377 5531 1434 5591 iiiia
1458 5530 1524 5591 inde
1545 5531 1745 5601 hesimntibos,
1767 5546 1836 5593 sace

181 5627 346 5703 immolatur,
361 5640 389 5693 ct
402 5631 459 5693 rita
477 5638 566 5691 morte
586 5628 785 5707 iunguntur.
810 5630 886 5694 Tunc
909 5629 981 5707 ltp’u
1035 5631 1147 5711 quidam
1159 5637 1308 5695 accurrunt
1320 5629 1356 5712 da
1368 5628 1721 5705 mensurnorum
1732 5630 1836 5689 lenum
