3942 6067
102 236 172 295 ilii

691 214 957 306 eructuantes.
979 274 1016 288 -
1033 246 1096 319 un.
1119 245 1152 305 ιι.

1692 214 1761 303 tres

100 360 212 431 iaciunt,
228 377 279 435 pro
294 362 413 422 terrenis
426 366 605 441 spassando
615 367 899 427 etmercedenrsusro
915 370 1050 445 Apositi,
1065 388 1176 449 sernper
1191 379 1319 447 potentes
1333 378 1407 441 sunt,
1433 378 1460 431 et
1481 383 1631 445 numquam
1643 368 1759 445 premio

101 449 249 524 recipiunt.
273 452 394 511 Potentia
421 454 577 527 splendent,
596 457 687 531 primo
714 466 829 532 propter
853 474 903 517 se·

100 538 187 615 ipsos,
202 550 232 597 ut
246 541 327 614 nida,
350 560 412 618 quae
425 554 529 613 amant,
543 555 671 619 potenter
684 548 813 621 expleant
830 567 839 617 ς
859 564 903 607 se·

100 630 190 687 cundo
202 638 316 705 propter
332 633 475 705 reprobos,
490 641 519 689 ut
533 651 581 691 eos
595 635 625 693 in
638 637 717 693 melis
730 636 901 706 defendant:

100 718 180 776 tertio
193 728 303 794 propter
316 720 433 789 electos,
449 732 476 779 ut
495 739 544 781 eos
558 725 705 799 castigent,
728 735 755 783 et
782 743 801 783 ιι
824 725 903 783 malis

99 808 206 865 aclibus
237 810 392 867 emendent.
422 810 559 885 sospitate
589 822 679 873 autem
706 814 820 889 pollent,
849 832 903 875 neo

100 914 164 955 curu
184 898 344 957 hominibus
369 900 481 975 flagella
503 903 635 973 sentiunt,
650 912 681 961 ut
693 913 756 977 post
769 920 818 963 eos
831 922 902 981 grs-

99 984 162 1044 vior
178 986 259 1044 dolor
281 989 430 1049 excruciet.
455 991 527 1049 Boni
547 1001 637 1051 autem
654 993 717 1052 idco
731 992 833 1062 inedia,
848 1010 902 1067 op·

99 1075 244 1151 pressione
259 1085 286 1133 et
299 1078 434 1151 languore
462 1079 624 1150 adimuntur,
636 1098 672 1139 ue
686 1083 715 1139 ia
728 1082 809 1139 malis
823 1082 901 1143 dole·

101 1172 211 1222 crentur
226 1181 233 1221 :
248 1174 295 1224 eut
309 1166 333 1223 si
342 1166 540 1242 aliquacontra
555 1170 641 1228 tuum
650 1180 768 1245 egerunt
776 1181 900 1245 peccata,

100 1253 265 1323 deleantur;
280 1256 304 1312 si
318 1273 382 1328 non,
399 1273 448 1331 pro
462 1259 593 1331 patientie
607 1270 788 1319 coronentur.

137 1397 172 1455 li.
188 1397 243 1456 Cur
257 1406 368 1455 econtra
386 1398 499 1472 quidam
525 1400 591 1458 troni
615 1402 661 1459 hic
687 1400 789 1459 divitiis
811 1402 902 1459 abnn-

99 1486 176 1552 dant,
199 1487 321 1559 potentia
342 1487 532 1557 sublimantur,
546 1490 702 1548 valetudine
716 1492 899 1559 roborantem

99 1575 164 1632 mali
187 1584 279 1633 autem
307 1578 435 1649 penurie,
450 1577 606 1638 infirmitate
620 1587 646 1637 et
660 1580 842 1653 oppressione
857 1579 899 1635 la-

100 1664 224 1722 borant?
237 1696 273 1709 -
286 1666 322 1722 lt.
338 1666 508 1737 Quibusdam
521 1667 617 1726 electis
629 1668 731 1726 divitie
752 1668 815 1727 ideo
829 1684 899 1726 con-

957 462 1105 521 carebunt.

995 577 1029 633 D.
1045 578 1099 635 Pro
1113 578 1163 636 liei
1178 593 1283 648 amore,
1299 578 1344 637 lac
1358 594 1401 635 me
1415 578 1469 635 hoe
1483 576 1582 635 clarius
1596 576 1711 635 rideret
1722 602 1759 622 -··

957 666 995 722 tt.
1011 658 1134 740 lieprobi
1146 662 1314 741 impotentes
1335 674 1407 736 sunt,
1430 666 1493 741 quis
1506 666 1638 740 praerenti
1651 665 1691 723 ira
1706 666 1758 725 Dei

956 755 1060 813 bonum
1076 756 1181 825 nolunt,
1198 764 1225 813 et
1239 757 1302 814 ideo
1317 756 1392 813 nullo
1405 756 1488 815 modo
1503 764 1638 829 possunt;
1654 755 1757 813 malurn

957 849 1051 902 sutem
1068 852 1094 903 et
1108 845 1212 915 volunt,
1234 854 1260 901 et
1276 854 1401 919 possunt.
1417 846 1516 902 llalum
1530 860 1597 902 rero
1612 844 1757 918 probatum

957 940 998 991 est
1023 934 1090 991 nihil
1115 951 1177 991 esse
1194 952 1201 991 ι
1217 935 1280 993 ideo
1295 951 1345 993 eos
1370 942 1477 993 constat
1496 934 1562 991 nihil
1577 950 1671 1007 posse.
1692 934 1758 993 Sina

956 1023 1092 1096 supplicio
1105 1039 1160 1081 non
1175 1032 1249 1091 snat,
1266 1025 1330 1098 quia
1353 1040 1427 1082 saera
1442 1023 1612 1082 conscientie
1627 1023 1757 1081 crucian-

956 1120 1011 1181 tur,
1033 1112 1165 1170 continuo
1191 1114 1288 1171 timore
1315 1115 1459 1171 anxientur
1487 1128 1524 1171 ne
1547 1112 1698 1187 capiantur,
1723 1128 1758 1171 nc

955 1201 1123 1269 occidantur,
1152 1218 1187 1259 ue
1216 1218 1261 1259 res
1286 1218 1342 1261 suae
1369 1203 1508 1270 tollantur,
1536 1202 1609 1259 nude
1635 1200 1757 1260 dicituro

956 1292 1018 1350 Non
1032 1294 1075 1349 est
1088 1308 1148 1365 por:
1162 1293 1270 1367 imptis,
1282 1292 1352 1351 dicit
1367 1294 1505 1351 Dominm
1514 1292 1579 1363 (lss.
1591 1303 1688 1361 assur,
1699 1294 1757 1365 ti).

954 1381 1086 1447 Ecuntra,
1103 1381 1183 1438 electi
1209 1381 1323 1439 nimium
1351 1388 1477 1454 potentes
1496 1390 1569 1451 sunt,
1596 1380 1660 1455 qula
1680 1396 1758 1455 pros·

954 1469 1028 1528 renti
1042 1470 1131 1544 pratia
1145 1470 1196 1528 Dei
1208 1480 1234 1527 et
1248 1470 1350 1528 bonurn
1365 1470 1460 1528 volunt
1474 1478 1501 1529 et
1516 1478 1641 1545 possunt,
1652 1470 1756 1527 malunt

955 1574 1022 1617 vero
1038 1567 1180 1633 respuunt.
1193 1560 1309 1617 Praemio
1321 1576 1376 1617 non
1391 1568 1498 1629 cuent,
1511 1559 1573 1635 qnia
1588 1560 1649 1617 sine
1660 1558 1758 1616 timore

956 1657 1079 1716 manent,
1095 1656 1123 1707 et
1137 1664 1188 1720 spe
1202 1649 1299 1707 suturas
1313 1648 1669 1723 libertatiscertigandentr
1685 1647 1760 1707 unde

99 1754 246 1819 menter,
261 1763 290 1811 nt
304 1756 387 1825 bona,
406 1774 469 1831 quar
492 1765 594 1829 amant,
616 1757 699 1815 rebus
723 1758 837 1832 implere
856 1738 902 1817 ιιι·
916 1739 943 1800 Β
958 1736 1060 1797 ‘filium'
1075 1754 1082 1797 ἴ
1097 1740 1198 1797 1¹⁴⁸²²⁸⁸
1209 1740 1310 1813 “billi“
1319 1739 1708 1811 Wmssffliprw·¹¹¹¹¹¹r
1719 1736 1759 1810 1)·

100 1842 196 1911 pm„
212 1851 238 1901 a
252 1860 305 1917 W
317 1845 377 1902 m
390 1846 471 1902 epm
486 1847 669 1905 admonemur
682 1846 706 1904 ,p
724 1848 783 1905 hm
797 1856 902 1921 10me
955 1827 1045 1885 Aliter
1071 1832 1155 1884 etiam
1175 1827 1222 1885 tibi
1245 1828 1308 1885 volo
1328 1828 1468 1885 insinuare
1493 1827 1566 1902 quod
1589 1826 1669 1885 maiia
1691 1824 1760 1886 nhil

99 1932 172 1990 ralia
181 1932 290 2004 suavia,
303 1936 501 2010 quantomagis
509 1942 613 1994 aeterns
623 1936 761 1994 ridentur.
774 1936 901 1993 Potentia
955 1916 1021 1974 Μ
1035 1918 1186 1993 muntiis
1204 1926 1231 1975 ⁸⁸
1245 1918 1326 1976 b⁰¹¹i⁸
1341 1916 1409 1975 ”ihil
1423 1916 1489 1975 ΜΠ
1503 1918 1622 1975 “enm-

98 2022 283 2079 redimantur
308 2022 402 2096 primo
428 2034 541 2098 propter
562 2024 678 2099 seipsos,
695 2033 724 2082 nt
746 2026 820 2084 bona
840 2042 902 2100 quae
991 2033 1027 2089 ll.
1047 2031 1077 2090 lu
1092 2032 1142 2089 lini
1158 2032 1269 2091 nomine
1284 2030 1350 2107 qnid
1364 2029 1509 2105 loqueris?
1521 2030 1620 2087 Nonne
1636 2029 1703 2088 mali
1716 2028 1764 2089 lia

99 2120 194 2168 arente
213 2120 407 2185 conceperunt,
422 2121 548 2185 potenter
572 2130 698 2173 exercere
713 2114 831 2187 possint.
847 2114 900 2172 Se·
954 2120 1091 2180 conviviis
1119 2120 1293 2189 delicientur,
1308 2119 1410 2179 decore
1433 2135 1465 2177 ac
1487 2116 1683 2177 commistione
1696 2135 1762 2179 rnu-

96 2200 201 2269 candc,
221 2210 338 2275 propter
361 2201 476 2272 eleetos,
491 2210 522 2259 nt
535 2202 615 2261 eisin
631 2203 711 2261 bonis
727 2205 802 2277 (ild)
818 2204 902 2262 tutela
953 2202 1055 2269 lterum
1091 2226 1124 2269 ac
1162 2210 1308 2268 liberorum
1348 2208 1537 2282 complexione
1563 2208 1760 2282 jocundentur,

99 2289 166 2352 sint.
181 2290 284 2359 tereto,
299 2298 411 2363 propter
426 2291 569 2365 reprobos,
585 2300 616 2349 ut
629 2308 679 2350 eos
691 2293 849 2367 reprimant,
866 2310 902 2353 ne
954 2298 1075 2373 pretiosa
1100 2306 1179 2357 reste
1204 2298 1372 2373 gloriantur,
1401 2297 1518 2371 pecunia
1547 2311 1582 2357 ac
1608 2296 1763 2375 magnificis

100 2384 208 2433 aaran
229 2385 361 2451 quntum
375 2378 471 2435 volunt
484 2387 613 2438 nocesm.
640 2380 759 2438 Sanitate
780 2381 902 2440 aolidae·
954 2388 1078 2447 edtttriis
1093 2389 1259 2447 exaltentur.
1278 2390 1408 2457 Econrra,
1439 2386 1504 2443 bont
1530 2386 1575 2445 ιιι
1600 2386 1761 2447 carceribus

99 2473 156 2534 ⁸³1.
167 2480 207 2523 Μ
218 2466 285 2537 iudi
300 2467 335 2523 dt
348 2482 443 2525 titium
457 2468 621 2543 acritudine
634 2470 841 2536 contristentur,
852 2469 901 2527 sed
955 2477 1142 2547 includuntur,
1172 2476 1334 2536 verberibus
1361 2476 1521 2543 tunduntur,
1542 2474 1615 2533 same
1633 2481 1661 2532 et
1674 2474 1719 2533 siti
1734 2482 1762 2535 at

99 2555 138 2612 ὼ
163 2570 259 2614 mm
286 2555 374 2613 “¹⁰20
399 2557 538 2614 leuatur.
556 2558 687 2627 Ειοΰῑιι,
703 2558 766 2615 mli
791 2559 901 2633 quidm
956 2566 1020 2625 aliis
1034 2564 1394 2639 cruciatibusatlltguaturt
1407 2562 1688 2623 -ll.Cumtortuna
1701 2580 1763 2623 me·

100 2644 148 2703 ¹¹⁵⁰
161 2652 297 2719 'Uimi
311 2645 469 2715 ⁸ffl5⁰²5⁰¹¹⁰=
484 2646 609 2720 ⁶⁰ill⁰fi⁸
626 2647 722 2706 ‘¹⁰¹0f0
743 2647 900 2721 ⁸1¹⁸ltifflnit
948 2654 992 2714 iis
1016 2671 1154 2731 prospera
1179 2656 1313 2724 irriserit,
1333 2660 1360 2713 et
1386 2670 1434 2713 eos
1453 2654 1535 2727 copia
1549 2655 1584 2711 ds
1605 2670 1655 2711 suo
1674 2669 1760 2712 corne

102 2739 134 2789 nt
147 2749 200 2806 per
211 2734 271 2791 laec
284 2734 394 2792 discant
407 2751 488 2809 quam
503 2752 600 2794 smera
616 2734 670 2793 sint
683 2736 720 2794 ad
736 2752 798 2811 quse
810 2738 903 2810 pravis

101 2824 229 2879 umas
242 2821 382 2881 testinant.

138 2966 177 3024 Ι).
195 2964 288 3036 Quare
301 2966 418 3041 quidam
433 2966 498 3027 mali
511 2968 558 3027 diu
571 2968 680 3039 virent,
704 2968 815 3044 qnidam
838 2986 904 3029 rere

103 3053 169 3111 boni
183 3054 265 3111 citius
278 3057 449 3123 morientum
466 3065 493 3113 et
507 3073 523 3115 a
536 3066 640 3129 contu,
655 3057 739 3133 aliqui
754 3060 819 3117 boni
837 3059 903 3117 diu-

103 3152 212 3203 turnam
229 3144 315 3203 ritant
338 3145 450 3213 dueuut,
466 3146 534 3203 mali
557 3163 624 3205 raro
647 3147 766 3207 celerius
779 3150 906 3207 obeantt

103 3263 140 3275 -
157 3233 194 3291 u.
210 3232 274 3292 Mali
288 3232 353 3291 ideo
367 3234 414 3292 diu
429 3235 524 3295 rivere
545 3237 749 3310 permittuntur,
777 3246 808 3295 ut
824 3238 907 3297 steen

102 3339 156 3395 per
169 3338 219 3380 eos
233 3333 423 3393 exerceantur,
442 3331 505 3383 eta
530 3326 606 3383 vitiis
629 3327 830 3401 corrigentur:
853 3328 906 3401 ipsa

103 3427 169 3469 rero
188 3419 253 3484 post
275 3411 427 3484 majoribus
448 3413 592 3488 suppliciis
615 3424 812 3490 torqueantur.
838 3415 907 3475 ttoni

102 3508 194 3557 ιιιιιιιι
209 3500 290 3559 citius
303 3502 446 3571 tolluntur,
462 3518 497 3560 ne
511 3504 615 3561 diutim
628 3504 673 3563 hio
687 3505 815 3563 adversis
837 3510 907 3565 atte-

103 3596 210 3660 rantur,
238 3590 290 3648 sed
311 3591 451 3649 mensuris
464 3590 573 3669 gaudiis
587 3592 751 3651 interantur.
773 3596 904 3673 licentra,

102 3679 159 3737 riu
171 3678 297 3754 longera
308 3680 393 3751 justis
405 3681 498 3749 datur,
512 3688 542 3738 ut
564 3682 694 3740 meritum
719 3683 828 3741 illomm
851 3700 904 3741 au-

102 3777 288 3842 enimcum
298 3770 571 3844 pturssperitlorurn
581 3772 706 3844 exempla
716 3774 903 3847 corrigumm.

102 3858 167 3916 itali
181 3874 248 3917 sans
259 3859 389 3919 celeriter
402 3860 438 3917 ad
448 3868 584 3919 tormenta
598 3861 750 3934 rapiuntur,
764 3871 796 3920 ut
809 3863 904 3921 decus

102 3947 194 4005 adsue
215 3948 369 4006 arraadlms
389 3948 472 4007 tirnor
488 3949 648 4021 mentiatur,
664 3959 692 4008 et
705 3951 747 4009 sic
760 3952 796 4009 ab
811 3966 904 4010 errore

101 4036 291 4093 retrahantur.

101 4220 129 4275 t.
146 4218 185 4276 De
199 4219 269 4276 boso
284 4217 500 4289 trttotrttont25
514 4223 543 4277 st
557 4220 629 4296 quod
642 4223 729 4280 mulis
741 4223 818 4281 ntur
837 4222 904 4283 dont

220 4305 390 4379 werinpetr
400 4307 480 4366 bonu
491 4312 591 4367 cutem
603 4310 680 4368 stttt
692 4312 778 4370 moti.

955 2746 1002 2803 his
1016 2745 1099 2805 bonis
1113 2761 1174 2820 quse
1188 2743 1356 2804 enumerasti
1371 2742 1530 2817 repleverit,
1553 2750 1619 2801 tuno
1636 2742 1760 2801 assimu-
1870 2760 1873 2767 ·

956 2836 1050 2893 tantur
1076 2835 1145 2908 pisci
1173 2834 1220 2908 qui
1247 2834 1379 2891 mordens
1402 2834 1513 2890 tamaro
1533 2832 1694 2907 presulatus
1708 2832 1762 2892 ssd

957 2926 1011 2984 lroc
1024 2922 1145 2997 tripudio
1159 2922 1194 2981 ds
1208 2937 1281 2996 aqua
1296 2928 1399 2979 tractus
1410 2928 1547 2989 ansatur,
1576 2928 1625 2977 aut
1652 2920 1692 2979 illi
1713 2920 1758 2981 cni

958 3014 1087 3089 poculum
1101 3012 1191 3071 mellis
1205 3011 1352 3087 pretatur,
1368 3018 1393 3069 et
1409 3018 1472 3083 post
1487 3010 1549 3069 sine
1563 3008 1620 3067 flue
1634 3025 1760 3093 amamur

918 3106 944 3172 n
962 3118 1039 3161 mero
1054 3111 1165 3176 epotare
1180 3109 1320 3175 segetum
1342 3114 1406 3157 nam
1428 3115 1479 3173 pro
1500 3098 1588 3183 epulis
1610 3099 1759 3172 replentur,

960 3201 989 3250 ut
1003 3191 1049 3251 ille
1064 3190 1154 3259 dites,
1170 3188 1310 3250 eustathio
1323 3187 1511 3246 amaritudinis
1524 3208 1532 3256 ;
1547 3203 1599 3265 pro
1614 3188 1761 3247 mularum

898 3327 905 3341 .
958 3298 1063 3351 amore,
1087 3281 1234 3355 sulphureo
1263 3278 1361 3339 loetore
1373 3296 1381 3344 ;
1395 3293 1445 3351 pro
1459 3277 1578 3338 restium
1594 3277 1695 3348 nitore,
1710 3276 1758 3339 iu·

958 3372 1077 3431 dueatur
1099 3369 1260 3429 contusione
1274 3388 1282 3437 ς
1297 3384 1349 3442 pro
1369 3367 1485 3443 pecunia
1506 3374 1536 3425 et
1554 3366 1687 3437 aediliciis.
1702 3367 1763 3427 ιω-

956 3461 1112 3523 redttabunt
1125 3476 1234 3521 vermes
1248 3458 1277 3515 in
1297 3456 1479 3517 infernalibus
1492 3455 1578 3515 antris
1593 3475 1603 3530 ;
1626 3455 1701 3517 unda
1713 3455 1760 3514 di·

955 3551 1028 3609 citur
1042 3567 1051 3610 s
1068 3575 1080 3601 ι
1097 3551 1204 3608 Ducunt
1217 3548 1247 3605 in
1261 3548 1342 3605 bonis
1355 3547 1415 3605 diss
1429 3562 1506 3617 snos,
1520 3555 1549 3604 et
1561 3545 1590 3603 in
1603 3551 1705 3621 puncto
1719 3545 1756 3603 ad

953 3640 1064 3699 iuterna
1092 3636 1264 3697 descendunt
1287 3637 1356 3708 (lod.
1372 3651 1431 3707 xxr,
1458 3636 1516 3709 ts).
1537 3657 1550 3687 ι
1575 3636 1658 3693 Porro
1681 3632 1756 3705 boni,

955 3746 1026 3805 quos
1050 3728 1156 3787 asseris
1184 3724 1340 3799 hujusmodi
1355 3723 1536 3785 incommodis
1551 3722 1632 3795 allici,
1652 3722 1757 3781 similas

954 3828 1021 3877 sunt
1034 3816 1089 3875 illis
1104 3814 1150 3892 qui
1163 3818 1243 3890 piper
1256 3813 1300 3873 vel
1314 3814 1396 3871 aliam
1411 3810 1525 3871 herbam
1539 3827 1663 3873 arnum
1671 3819 1753 3888 gustu

953 3908 1110 3983 praelibent,
1123 3914 1153 3963 ut
1167 3903 1262 3963 viuum
1288 3911 1351 3977 post
1366 3909 1507 3975 sumptum
1521 3899 1637 3959 suarius
1651 3900 1751 3975 sapiat.

953 4000 992 4055 lta
1003 3996 1079 4069 justi,
1088 4011 1139 4069 pro
1153 4010 1277 4065 earcere,
1288 3990 1457 4065 recipientur
1466 3990 1606 4049 instares
1619 3990 1754 4048 taberna

953 4086 1039 4154 cular
1061 4100 1114 4159 pro
1136 4083 1309 4151 verberibus,
1324 4080 1485 4141 obtinebunt
1498 4078 1628 4153 gandium
1644 4086 1671 4137 et
1682 4078 1754 4139 laeti·

953 4177 1039 4245 tiam3
1053 4190 1106 4249 pro
1119 4172 1191 4231 tame
1206 4182 1233 4231 et
1246 4171 1301 4240 siti,
1319 4194 1330 4219 ι
1347 4186 1403 4227 non
1416 4170 1538 4227 esurient
1552 4184 1642 4243 neque
1656 4166 1749 4243 sitient

953 4264 1070 4339 amplius
1084 4266 1133 4338 (ls.
1152 4279 1227 4329 xtra,
1245 4264 1304 4330 lo);
1323 4274 1399 4331 »pro
1414 4256 1592 4326 cruciatibus,
1606 4258 1700 4332 supin
1714 4259 1750 4317 od

952 4356 994 4415 eis
1007 4356 1087 4415 dolor
1101 4360 1130 4415 ct
1143 4353 1266 4427 semitas
1279 4350 1327 4421 (le.
1343 4362 1435 4418 xxxv,
1452 4348 1508 4419 to).
1523 4348 1565 4407 lla
1579 4361 1636 4421 qua
1646 4361 1752 4421 repro·

136 4456 174 4514 Ι).
196 4456 267 4517 Sunt
286 4457 390 4526 felices,
405 4458 453 4533 qui
466 4458 591 4519 adversis
604 4478 659 4520 uon
673 4465 848 4539 unguntur?
864 4442 943 4509 ..D
961 4446 1040 4505 batur
1050 4446 1138 4517 justos
1147 4458 1210 4501 esse
1219 4455 1331 4513 semper
1341 4436 1527 4510 locupletaret
1536 4437 1644 4511 beatos,
1656 4435 1757 4512 impios

103 4546 140 4603 ll.
162 4546 221 4603 Iruo
244 4545 426 4605 intelicissimi
454 4555 527 4619 sunt,
550 4550 650 4623 quibus
672 4554 835 4625 permittitur
857 4554 901 4612 hic

101 4651 151 4708 per
163 4634 257 4694 omnia
270 4636 393 4693 suaviter
409 4635 511 4706 urere,
540 4647 568 4696 et
594 4641 687 4697 omnia
700 4642 837 4701 desideria
849 4660 901 4701 sua

101 4740 154 4799 pro
172 4722 250 4781 libitu
270 4740 321 4781 suo
344 4725 471 4797 implere,
485 4727 535 4785 sed
558 4729 634 4802 (ets)
657 4732 824 4791 adversitate
846 4748 902 4791 nou

101 4820 271 4887 unguntum
296 4812 361 4888 quia
375 4812 419 4871 tali
435 4816 518 4874 modo
532 4825 560 4873 ut
574 4818 654 4876 arida
669 4818 745 4896 ligna
760 4822 796 4880 ed
809 4821 902 4895 ignem

101 4902 270 4959 nutriuntur.
297 4900 425 4975 licentra,
455 4914 518 4961 sunt
535 4906 574 4963 illi
592 4907 752 4982 lelicissimi,
768 4910 815 4986 qui
829 4911 903 4968 trica

103 4990 160 5049 suis
187 4990 334 5051 desideriis
361 4998 505 5065 arcentur,
529 5003 556 5053 et
579 4998 673 5055 multia
709 5001 903 5073 asperitatibus

103 5089 268 5138 exerceatur
282 5098 290 5139 ι
304 5079 369 5155 quie
383 5081 431 5138 tali
445 5083 575 5141 modoad
590 5102 718 5161 regnum,
733 5089 834 5160 attilii,
849 5092 903 5150 tle·

103 5168 185 5244 gellis
198 5169 369 5238 erudiuntur,
381 5179 411 5227 ut
424 5171 523 5229 dicitur
537 5191 544 5229 ι
561 5175 634 5234 Deus
649 5178 778 5251 tlupellot
790 5198 904 5239 omnem

102 5258 198 5330 filium
207 5276 288 5334 quem
299 5260 404 5334 recipit
412 5260 507 5333 (llrdr.
519 5278 571 5333 xrs,
580 5265 618 5336 d).
629 5267 697 5325 Volo
707 5276 734 5325 te
748 5269 821 5328 scire
830 5270 904 5344 quod

103 5347 222 5420 reprobi,
245 5348 371 5423 mmsis
391 5364 498 5409 corona
521 5352 601 5429 repet
619 5356 769 5429 potiantur,
791 5359 904 5417 omnino

102 5435 268 5509 impotentes
281 5446 356 5507 aunt,
377 5447 406 5495 et
427 5456 569 5517 nunquam
583 5442 644 5503 siue
657 5446 795 5521 supplicio
807 5456 900 5506 erunt.

103 5526 195 5587 Bleoti
211 5542 289 5598 rero,
312 5528 438 5603 quamtis
461 5530 570 5607 captivi,
591 5536 717 5609 quumvis
736 5536 766 5595 in
793 5552 906 5599 carcere

140 5707 218 5782 (tlt)
230 5710 284 5780 Α..
295 5710 382 5771 boum

956 4550 1066 4609 semper
1080 4548 1142 4591 esse
1154 4530 1253 4604 inopes
1264 4538 1289 4586 et
1304 4526 1434 4587 miseros.

955 4663 987 4718 ι.
1008 4659 1083 4719 uude
1098 4658 1254 4731 drpnitoter
1268 4672 1278 4711 .·
1291 4656 1321 4713 ct
1331 4652 1460 4727 quodcor
1470 4652 1590 4711 readers
1604 4650 1648 4709 vei
1660 4664 1754 4707 emere

991 4750 1075 4823 nelos
1088 4752 1152 4817 est,-
1167 4748 1196 4804 et
1209 4744 1293 4820 queis
1307 4742 1406 4801 deleat
1419 4757 1481 4800 csse
1499 4742 1687 4815 prelatorum
1707 4752 1755 4797 re·

993 4840 1097 4912 plnum

994 4982 1031 5039 ll.
1045 4980 1192 5039 lindesunt
1205 4976 1377 5053 dignitatesl
1390 5006 1425 5019 -
1438 4970 1756 5046 remurmuremus
1873 4968 1880 4977 “

957 5087 1054 5130 omnes
1068 5068 1228 5152 dignitates,
1244 5076 1271 5124 et
1284 5073 1433 5140 potestates
1446 5063 1592 5129 malorum,
1609 5077 1660 5119 seu
1670 5061 1757 5121 bono-

956 5158 1210 5229 norum,ntdioitur
1225 5172 1233 5213 ι
1250 5158 1311 5215 Non
1321 5149 1757 5237 estpotestosrrislollleo(ltom.

957 5266 1021 5319 xrrr,
1039 5250 1078 5323 t).
1096 5249 1152 5307 Gur
1165 5254 1257 5304 autem
1272 5244 1418 5319 aliquando
1431 5242 1507 5312 mali,
1528 5238 1676 5315 aliquando
1690 5253 1758 5297 vero

958 5339 1024 5397 boni
1051 5343 1198 5411 potestates
1224 5333 1384 5403 sortiantur,
1419 5332 1477 5405 jam
1503 5329 1629 5404 superius
1656 5327 1758 5387 dictum

960 5436 1013 5487 cti.

996 5544 1033 5601 l).
1053 5542 1143 5613 Quam
1156 5540 1320 5601 seeundum
1331 5536 1442 5614 protere
1460 5536 1496 5597 dc
1509 5535 1553 5601 tta
1567 5512 1614 5611 oni
1627 5548 1676 5595 aaa
1689 5548 1759 5593 ren-

998 5721 1190 5796 (semme.
