3942 6067
107 374 173 427 rior
465 365 650 427 srncunun
670 360 860 423 accurrere.
889 390 923 400 -
948 358 1068 438 santio
1089 364 1135 419 nu
1158 364 1405 424 unarclrrosu.
1696 372 1765 429 trra

105 496 166 551 baec
179 491 318 549 imitentur
332 489 432 546 animae
446 488 580 559 fidelium,
597 509 658 566 quae
672 498 734 547 sunt
754 488 816 545 filiae
838 484 904 541 llic·
917 485 948 547 A
961 483 990 539 in
1006 503 1059 559 qua
1074 488 1216 548 multitudo
1236 490 1355 549 fidelium
1380 509 1430 567 per
1453 494 1585 565 baptisma
1612 503 1637 550 ει
1665 511 1764 569 eorpus

105 582 236 641 rusalam.
253 582 303 636 l‘er
317 581 368 636 hoc
382 578 534 636 Salomonis
557 580 751 638 consistorium
776 576 910 649 figuratur
964 574 1066 632 Christi
1078 586 1104 633 ut
1120 596 1221 645 sponsa
1245 582 1352 639 Christo
1375 584 1541 639 associatur.
1568 583 1671 641 Omnes
1685 602 1765 643 nam-

106 672 239 731 Ecclesiae
259 668 446 736 refectorium,
462 669 567 725 scilicet
581 672 641 727 haee
651 668 748 726 domus
764 668 842 737 eujus
858 682 909 719 an·
964 680 1018 735 que
1033 666 1094 723 huic
1107 670 1232 728 ecclesiae
1247 671 1406 728 obedientes
1423 689 1479 729 uua
1493 672 1610 729 ecclesia
1624 681 1651 730 et
1665 690 1765 746 sponsa

105 778 190 819 nuum
206 761 305 817 festum
326 758 408 814 hodie
431 758 598 828 celebratur,
623 760 651 815 in
675 774 728 831 qua
747 756 845 812 vitulus
861 770 909 809 sa·
964 754 1066 811 Christi
1094 768 1274 831 nuncupatur,
1300 769 1326 817 et
1349 762 1422 820 huno
1438 763 1510 819 diem
1530 762 1593 819 ideo
1617 765 1764 835 nuptialem

107 854 217 925 ginatus
240 850 275 907 ad
298 848 455 906 convivium
478 847 602 905 fidelium
623 848 734 906 cottidie
757 848 816 903 Deo
835 842 910 899 Patri
965 861 1043 899 sunm
1059 862 1166 904 summo
1180 850 1281 922 gaudio
1296 850 1437 908 celebrare
1453 852 1603 925 imperant.
1619 853 1695 921 Ideo,
1713 854 1765 911 tn-

107 940 265 998 immolatur
284 949 312 996 et
339 936 490 1011 preclarus
513 936 582 995 calin
610 937 751 1012 sanguinis
779 936 840 1006 ejus
864 932 909 989 in-

108 1032 219 1089 ebrians
234 1044 251 1086 a
265 1028 390 1086 convivis
404 1035 523 1099 potatur.

144 1122 209 1177 llaec
223 1116 369 1184 festivitas,
384 1115 536 1187 karissimi,
561 1116 621 1173 dies
643 1115 799 1189 nuptiarum
823 1127 910 1170 voca-

107 1220 161 1277 tur,
179 1209 245 1283 quia
260 1208 330 1264 sicut
344 1222 447 1278 sponsa
458 1222 508 1279 per
522 1207 677 1263 convivium
692 1214 720 1261 ει
733 1204 909 1277 frequentem

107 1300 261 1357 amicorum
286 1305 449 1355 conventum
479 1297 586 1369 Sponso
614 1296 767 1369 copulatur,
791 1294 829 1349 ita
850 1293 909 1349 haec

105 1390 206 1447 domus
220 1387 305 1445 hodie
320 1385 457 1459 frequenti
472 1385 582 1459 ‘populo
605 1394 704 1445 orante
727 1388 909 1443 consecratur

149 1546 485 1629 &mmmw

141 1719 271 1792 (Μῖνι.)
283 1716 436 1791 Sapientia
445 1713 597 1785 edificavit
605 1713 658 1770 sibi
668 1711 792 1779 domum,
800 1710 910 1768 eccidit

111 1810 154 1865 tlt
166 1810 323 1874 eutramnus,
338 1808 433 1879 posuit
447 1820 585 1872 mensam,
604 1803 754 1860 inmolavit
768 1803 908 1869 uictimae,

964 933 1075 1003 rissirni,
1093 938 1246 995 constituite
1262 940 1343 997 hodie
1359 941 1431 997 diem
1454 942 1616 999 sollemnem
1640 943 1669 997 iu
1695 958 1765 999 eon-

963 1022 1058 1079 densls
1074 1028 1208 1098 usquead
1224 1044 1310 1085 cornu
1325 1030 1419 1086 altaris
1434 1032 1522 1104 (Paul.
1544 1032 1643 1101 curn),
1665 1041 1693 1088 ut
1708 1049 1765 1088 me·

963 1112 1078 1169 reamini
1102 1115 1130 1170 in
1152 1132 1221 1175 noce
1245 1119 1418 1177 statutionis
1439 1128 1466 1177 et
1488 1120 1668 1177 confessionis
1695 1138 1764 1179 sono

964 1202 1102 1273 epulantis
1116 1206 1203 1277 (Paul.
1220 1212 1278 1279 xer)
1294 1208 1328 1265 de
1344 1210 1394 1265 hae
1409 1208 1464 1266 vita
1479 1210 1596 1267 transire
1612 1212 1639 1267 iu
1652 1211 1764 1269 domum

964 1290 1024 1359 Dei,
1041 1292 1070 1347 iu
1090 1294 1179 1352 locum
1205 1297 1374 1354 tabernaculi
1397 1299 1566 1356 admirabilis
1592 1302 1696 1375 (ibid).
1724 1303 1765 1359 De

964 1381 1015 1437 hac
1029 1382 1112 1441 domo
1126 1384 1190 1443 dicit
1205 1386 1350 1460 Scriptura
1363 1386 1443 1445 nobis
1458 1388 1485 1444 in
1500 1388 1554 1446 alio
1569 1388 1644 1448 loeo.

1001 1720 1153 1778 Secundam
1167 1720 1348 1780 nihilominus
1369 1724 1469 1783 nobilis
1483 1724 1572 1800 pictor
1586 1724 1764 1803 Augustinus,

964 1809 1061 1881 spiritu
1088 1810 1275 1884 intelligentiae
1294 1814 1414 1884 inclitus,
1438 1817 1515 1875 varic
1544 1826 1640 1875 ornatu
1669 1820 1764 1887 cinxit,

105 1900 223 1956 miscuit
234 1900 343 1965 uinum,
355 1898 436 1953 misit
446 1891 909 1952 uneitlurinuitereedeouuiuium
964 1911 997 1951 ac
1013 1904 1096 1952 totam
1111 1897 1221 1954 domum
1236 1899 1264 1955 in
1279 1901 1390 1959 circuitu
1407 1904 1486 1975 quasi
1501 1904 1670 1979 praefulgidis
1685 1922 1767 1978 gem.

106 1991 200 2059 (Pron.
217 1992 269 2059 rx).
293 1987 439 2061 Sapientia,
469 1983 614 2050 larbsimi,
639 1980 776 2055 quaesibi
798 1980 910 2036 domum
962 1980 1016 2036 mis
1029 1980 1160 2039 distinxit.
1183 1983 1236 2039 lbi
1260 2000 1369 2059 quoque
1390 1994 1472 2059 atque
1495 1987 1542 2043 alii
1566 1990 1613 2061 qut
1635 1990 1764 2047 decorem

106 2076 252 2134 aedificarit
271 2086 314 2134 εει
329 2076 463 2141 Christus,
486 2074 538 2131 Dei
553 2073 640 2130 uirtus
655 2078 682 2127 ει
696 2070 749 2126 Dei
762 2069 907 2142 sapientia,
963 2068 1061 2127 domus
1084 2072 1195 2129 Domini
1221 2072 1375 2131 dilexerunt
1405 2076 1473 2133 alias
1498 2080 1660 2149 exponendo
1687 2080 1765 2154 quasi

106 2167 154 2240 qui
167 2166 321 2224 Ecclesiam
336 2166 372 2222 de
386 2164 454 2221 vivis
468 2168 496 2220 et
510 2162 605 2220 electis
626 2160 766 2233 lapidibus
780 2158 816 2215 ad
829 2158 910 2215 habi·
962 2162 1102 2232 prestanti
1115 2163 1221 2235 pictura
1235 2163 1359 2237 insignes
1373 2164 1565 2223 reddiderunt.

106 2256 221 2312 tandum
242 2256 294 2311 sibi
312 2253 445 2313 fundarit.
461 2253 503 2309 ad
518 2255 590 2309 hunc
612 2252 723 2307 domum
741 2246 910 2305 fulciendam
1086 2316 1091 2327 ι

108 2345 158 2404 llll
181 2345 325 2403 columnas
351 2342 461 2411 excidit,
491 2340 556 2415 quia
582 2340 629 2397 vlt
645 2339 733 2395 libros
759 2335 806 2411 qui
828 2335 909 2411 agio·
1001 2316 1032 2371 ¹¹¹
1047 2314 1190 2373 ¹³¹¹d⁰m⁰
1208 2316 1481 2389 ⁵¹²1)iemillmensmn
1504 2320 1603 2392 ll⁰⁸¹¹ilt
1627 2337 1689 2378 <lum
1718 2339 1765 2381 st·

107 2434 198 2509 grata,
209 2434 238 2491 id
251 2442 293 2491 est
307 2449 389 2491 sacra
402 2432 551 2504 Scriptura,
572 2428 755 2503 appellantur,
771 2426 847 2486 omni
860 2440 910 2484 sa·
964 2420 1041 2462 “am
1063 2406 1228 2477 Scri1³¹⁰ram
1248 2406 1343 2465 fideless
1366 2408 1466 2481 ubique
1491 2410 1524 2481 (Ρ
1537 2414 1589 2466 358
1604 2415 1643 2483 t⁰)
1658 2412 1762 2471 docuit.

106 2524 211 2598 pientia
230 2532 256 2581 et
271 2524 387 2581 scientia
406 2520 570 2595 perpolirit;
591 2534 709 2593 quorum
723 2516 850 2575 doctrina
864 2521 909 2574 to·
964 2495 1030 2551 ΗΜ
1056 2510 1152 2551 mem
1174 2504 1291 2567 (1ῡῦῑῦοΓ
1312 2492 1428 2568 pedibus
1452 2498 1571 2570 ssslssilffl's
1597 2500 1659 2573 ‘luia
1688 2518 1766 2559 ⁵⁸⁰r³

108 2615 161 2672 tius
178 2614 311 2672 Ecclesia
340 2612 461 2670 fructura
483 2608 642 2685 [structura]
669 2609 706 2663 ita
727 2606 765 2663 ad
788 2604 911 2663 caelestia

107 2710 287 2771 sustentatur,
312 2712 342 2759 ut
359 2702 451 2775 aliqua
473 2698 600 2757 machina
624 2698 653 2755 in
683 2712 749 2755 uera
775 2694 912 2754 columnis

107 2792 232 2850 libratur.
264 2794 319 2849 llas
341 2792 485 2850 columnas
507 2788 557 2847 l'll
586 2788 658 2845 dona
682 2785 800 2860 Spiritus
823 2784 911 2843 saneti

107 2882 226 2941 edituo
249 2882 301 2939 Dei
324 2882 530 2953 subposuerunt
550 2886 577 2937 et
602 2876 647 2933 his
671 2876 784 2934 domum
799 2875 910 2933 Deier-

110 2973 203 3030 nando
219 2970 410 3029 firmaverunt.

150 3081 241 3137 l’rirna
254 3080 381 3139 columna
395 3086 437 3135 est
456 3077 526 3133 liber
539 3073 686 3143 iohannis,
702 3087 785 3147 quam
800 3070 910 3146 spiritus

964 2583 1108 2657 Scriptura
1123 2586 1207 2641 llllor
1220 2585 1309 2641 modis
1324 2586 1495 2660 intelligitur.

1003 2730 1109 2787 Primus
1123 2748 1173 2805 pes
1186 2740 1227 2789 cst
1249 2734 1380 2805 hystoria,
1406 2751 1468 2792 cum
1492 2736 1531 2794 itu
1553 2743 1582 2793 ut
1606 2735 1685 2795 litera
1699 2754 1767 2797 nar·

964 2823 1006 2872 rot
1020 2815 1168 2888 accipitur.
1187 2816 1328 2873 Secundus
1344 2818 1486 2893 allegoria,
1499 2835 1560 2878 cum
1571 2821 1644 2877 aliud
1659 2823 1768 2896 dicitur,

965 2906 1042 2962 aliud
1064 2904 1245 2979 intellegitur.
1273 2908 1387 2965 Tercius
1409 2910 1560 2979 moralitas,
1584 2927 1648 2968 cum
1673 2928 1769 2984 peren

965 3012 1027 3068 quae
1039 2995 1269 3068 lcgtrnturmores
1283 2996 1473 3055 instituuntur.
1494 2999 1615 3069 Quartus
1631 3017 1767 3075 anagoge,

965 3084 993 3141 id
1009 3093 1052 3143 est
1068 3084 1193 3158 superior
1207 3102 1315 3157 sensus,
1339 3103 1400 3145 cum
1423 3088 1546 3145 coelestia
1561 3097 1589 3147 et
1603 3099 1706 3148 aeterna
1719 3092 1769 3149 do·

108 3171 252 3243 sapientias
280 3170 384 3236 erexit,
419 3169 467 3241 qui
493 3167 641 3223 maximam
678 3164 839 3235 sapientium
862 3179 912 3236 per
966 3182 1075 3233 centur,

108 3262 181 3318 hauc
191 3261 323 3318 Ecclesiae
338 3259 450 3315 iuverit.

145 3364 272 3422 &cunda
295 3371 337 3420 est
358 3361 530 3435 psalterium,
555 3376 638 3432 quam
665 3356 777 3431 spiritus
804 3355 912 3413 intelle·

108 3464 170 3513 ctus
184 3454 286 3522 subdit,
302 3453 367 3527 quia
389 3454 417 3507 in
432 3454 485 3509 hoc
497 3467 584 3524 quam
609 3448 728 3506 manime
750 3447 785 3504 ad
808 3445 911 3503 intelli-

108 3545 202 3619 genda
215 3543 370 3617 spiritualia
383 3558 496 3599 sensum
510 3540 642 3597 Ecclesiae
657 3538 757 3611 aperit.

145 3652 238 3709 Tereia
264 3652 392 3710 columna
420 3658 461 3707 ast
497 3648 654 3721 proverbia,
693 3661 777 3720 quam
799 3643 911 3717 spiritus

109 3742 218 3800 consilii
232 3741 360 3810 firmauit,
374 3740 440 3815 quia
458 3740 487 3795 in
501 3739 545 3795 bis
560 3738 691 3811 perplura
715 3735 779 3793 rita
797 3732 911 3792 consilia

108 3831 242 3891 Ecclesiae
256 3831 381 3888 donauit.

145 3940 250 4012 Quarta
272 3938 457 3996 Ecclesiastes
477 3944 528 4004 est,
557 3949 639 4009 quam
659 3932 773 4005 spiritus
799 3929 910 3987 fortitu·

108 4030 181 4087 dinis
195 4028 262 4100 hait,
287 4029 351 4102 quia
371 4029 399 4083 in
415 4029 467 4085 hoc
489 4024 617 4082 habunde
640 4021 794 4080 Ecclesiam
814 4027 911 4078 eontra

107 4120 179 4179 vicia
194 4119 353 4177 fortitudine
368 4117 462 4177 cinxit.

144 4223 246 4294 Quinta
278 4222 406 4280 columna
441 4230 484 4278 est
511 4219 642 4290 Cantica,
683 4232 764 4290 quam
792 4214 909 4288 Spiritus

109 4312 233 4370 scientim
247 4310 447 4379 corroboravit,
464 4310 526 4384 quia
538 4310 566 4367 iu
580 4309 623 4366 his
645 4307 791 4381 plurimam
815 4306 909 4361 scien-

108 4403 175 4460 tiam
189 4400 322 4459 Ecclesiae
336 4401 481 4457 reserarit.

1004 3332 1094 3402 Super
1116 3330 1186 3387 hanc
1205 3346 1326 3387 mensam
1349 3330 1451 3389 diversi
1473 3333 1582 3391 diversa
1596 3332 1699 3393 fercula
1714 3336 1768 3393 mi·

965 3418 1160 3486 nistrarerunt,
1174 3429 1200 3477 ει
1216 3422 1295 3476 variis
1318 3422 1463 3478 sententiis
1487 3426 1566 3497 quasi
1582 3426 1663 3481 variis
1681 3428 1769 3499 epulis

966 3510 1097 3566 convivas
1115 3510 1297 3566 saciaverunt.
1320 3514 1428 3583 llcyses
1453 3514 1563 3583 etenim,
1586 3516 1649 3571 duni
1674 3516 1768 3573 muudi

966 3598 1146 3666 creationem,
1168 3599 1296 3672 paradysi
1318 3600 1537 3673 dispositionem,
1562 3604 1661 3663 diluvii
1684 3606 1769 3662 inuu-

966 3688 1128 3755 dationem,
1158 3688 1278 3744 Abrahae
1316 3690 1519 3759 obedientiam,
1547 3694 1650 3765 ioseph
1682 3696 1766 3752 casti-

964 3775 1112 3844 moniam,
1143 3774 1260 3833 liliorum
1300 3778 1385 3835 lsrael
1413 3779 1626 3849 hberationem,
1659 3798 1692 3839 ae
1718 3800 1768 3856 per

964 3865 1048 3922 maris
1076 3865 1151 3920 mbri
1185 3881 1217 3922 ac
1253 3866 1358 3923 heremi
1397 3868 1670 3941 deambulationem,
1710 3873 1766 3927 eis-

965 3954 1028 4011 dem
1056 3970 1157 4011 marina
1185 3956 1219 4011 de
1248 3955 1317 4013 coelo
1345 3956 1449 4029 pluisse
1475 3965 1501 4014 et
1529 3974 1626 4031 aquam
1653 3959 1688 4016 dc
1716 3977 1769 4033 pe-

964 4047 1008 4096 tra
1035 4039 1149 4097 fluxisse
1171 4040 1272 4109 retulit,
1298 4041 1375 4113 quasi
1404 4042 1500 4102 suavia
1528 4052 1554 4099 et
1580 4043 1681 4101 diversi
1713 4062 1765 4119 ge-

963 4130 1040 4187 neris
1064 4127 1170 4187 ferculu
1198 4130 1417 4187 convivantibus.
1448 4130 1539 4190 David
1562 4142 1653 4190 eutem
1668 4142 1695 4191 et
1710 4148 1766 4191 cm-

964 4220 1015 4277 teri
1035 4220 1185 4292 prophetae,
1208 4220 1274 4276 dum
1297 4220 1331 4277 de
1355 4220 1499 4278 dulcedine
1523 4239 1648 4295 supernae
1671 4224 1765 4296 patriae

963 4310 1080 4366 dulciter
1094 4318 1284 4380 narraverunt,
1311 4308 1389 4382 quasi
1413 4310 1503 4367 dulcia
1524 4313 1623 4383 pocula
1648 4315 1764 4386 epulan-

963 4399 1037 4454 tibus
1060 4398 1284 4470 propinaverunt.
1319 4400 1348 4455 ln
1372 4400 1421 4455 hac
1440 4398 1523 4455 domo
1538 4402 1662 4458 victimas
1677 4402 1765 4459 inmo-

145 4514 230 4570 Senta
246 4521 286 4570 εει
300 4512 371 4567 liber
384 4510 540 4585 Sapientiae,
563 4524 647 4583 quam
666 4507 779 4581 spiritus
797 4504 907 4580 pietatis
960 4487 1119 4583 lovincum
1143 4502 1241 4560 ⁰⁰lP¹¹⁸
1266 4503 1346 4543 suum
1365 4504 1417 4559 P¹'0
1440 4490 1560 4547 hllffi³¹¹⁰
1582 4508 1684 4565 genere
1707 4495 1765 4550 ⁰0⁰

105 4603 249 4672 stabilivit,
274 4600 338 4676 quia
366 4602 395 4657 in
415 4602 467 4661 hoc
489 4616 599 4657 summa
623 4598 722 4674 pieque
751 4597 905 4655 Ecclesiam
923 4573 1037 4654 DPutri
1052 4572 1228 4629 sacrificavit.
1261 4571 1362 4627 Vinum
1381 4572 1497 4641 miscuit,
1514 4576 1578 4631 dum
1601 4576 1765 4650 sauguinem

106 4693 238 4752 erudivit.

144 4805 266 4878 Septima
288 4812 329 4861 est
345 4804 416 4861 liber
441 4802 661 4870 Ecclesiasticus,
689 4816 771 4874 quam
792 4799 908 4873 spiritus

106 4896 215 4953 timoris
229 4893 338 4951 Domini
348 4892 476 4960 subdidit,
494 4893 557 4965 quia
577 4892 604 4947 iu
628 4890 703 4946 nullo
727 4890 797 4945 libro
820 4890 909 4965 magis

108 4986 234 5041 timorem
249 4982 358 5039 Domini
369 4982 523 5039 Ecclesiam
537 4980 676 5036 iustruxit.

145 5086 201 5142 llas
216 5084 264 5140 Vll
281 5085 421 5141 columnas
434 5099 483 5155 per
502 5081 689 5153 septilormem
704 5077 834 5152 Spiritum
856 5079 910 5134 do-

107 5175 166 5231 mui
187 5174 237 5230 Dei
261 5172 415 5245 subpositas
444 5171 550 5227 nobiles
578 5170 696 5241 pictores
733 5170 909 5240 postmodum

108 5263 270 5337 exponendo
297 5262 478 5335 depinxerunt
506 5268 533 5317 et
558 5260 624 5315 mira
646 5258 774 5316 caelatura
798 5258 908 5314 domum

108 5353 159 5411 Dei
173 5361 352 5412 ornaremnt.

145 5452 262 5509 Primam
277 5465 397 5525 namque
416 5444 548 5519 egregius
570 5445 659 5519 pictor
683 5446 833 5520 Gregorius
848 5447 904 5518 spi-

106 5542 162 5600 ritu
186 5540 327 5615 sapientiae
353 5536 496 5612 preditus,
519 5534 591 5593 miro
605 5536 689 5593 modo
715 5537 867 5608 decoravit,
884 5544 910 5593 at

107 5640 196 5689 totam
223 5630 335 5689 domurn
362 5627 414 5687 Dei
446 5624 662 5701 incomparabili
696 5642 783 5700 opere
821 5627 910 5685 bone·

109 5717 202 5777 stavit.

146 5856 222 5932 (ttt)
237 5856 287 5914 liic
301 5854 462 5915 membrana
473 5850 569 5910 mutila
582 5856 636 5911 est.

963 4678 1044 4720 suum
1057 4677 1108 4733 pro
1122 4668 1215 4717 nostra
1230 4660 1420 4733 redemptione
1445 4664 1522 4719 ludit.
1550 4666 1580 4719 ln
1601 4666 1765 4739 quibusdam

963 4752 1032 4808 locis
1045 4752 1120 4825 (tto)
1131 4768 1181 4809 v...
1196 4751 1287 4807 dinem
1297 4766 1359 4809 oum
1374 4768 1443 4825 aqua
1451 4754 1567 4811 miscent
1577 4773 1584 4818 ;
1594 4754 1656 4810 ideo
1671 4756 1764 4812 dieunt

964 4839 1057 4893 viuum
1081 4836 1199 4904 miscuit,
1224 4836 1288 4908 quia
1317 4838 1352 4893 de
1375 4837 1459 4893 latere
1484 4839 1582 4893 Christi
1602 4854 1674 4911 aqua
1696 4856 1762 4897 sau-

963 4928 1047 5001 guine
1060 4927 1145 4981 mixta
1161 4926 1249 4981 fluxit.
1274 4926 1315 4983 Ad
1338 4927 1387 4983 has
1408 4929 1502 4999 epulas
1524 4927 1694 4985 invitandum
1709 4944 1764 4986 nou

963 5032 1061 5072 servos
1090 5016 1138 5072 sed
1165 5014 1277 5072 ancillas
1305 5016 1388 5085 misit,
1414 5016 1474 5089 quia
1499 5031 1553 5071 non
1574 5018 1690 5083 nobiles,
1715 5020 1764 5077 sud

964 5104 1114 5177 apostolos,
1136 5104 1288 5162 rusticanos
1309 5106 1412 5163 scilicet
1437 5105 1572 5176 homiues,
1596 5115 1624 5163 ut
1638 5116 1704 5178 puta
1718 5110 1764 5181 pi-

964 5203 1098 5267 scatores,
1127 5194 1243 5251 invitare
1271 5195 1387 5267 populos
1401 5194 1436 5251 ad
1464 5195 1575 5253 coeleste
1609 5196 1764 5257 consitium

963 5284 1048 5340 misit.

1001 5418 1091 5492 Hujus
1105 5418 1204 5477 demus
1221 5420 1339 5493 figuram
1353 5419 1435 5477 habet
1458 5420 1510 5477 ista
1524 5420 1641 5479 ecclesia
1663 5422 1691 5478 in
1713 5440 1765 5497 qua

965 5509 1053 5567 altare
1076 5514 1186 5585 ponltur
1205 5525 1257 5584 pro
1270 5525 1378 5567 mensa.
1397 5510 1439 5565 hd
1454 5526 1535 5583 quam
1550 5512 1642 5586 populi
1656 5513 1692 5571 ad
1707 5514 1767 5588 spi·

967 5600 1065 5659 rituale
1089 5597 1245 5659 convivium
1271 5598 1411 5657 confluunt
1441 5608 1469 5658 ει
1499 5616 1570 5676 aqua
1597 5602 1767 5678 baptismatis

971 5688 1065 5764 abiud,
1081 5706 1097 5748 a
1111 5705 1226 5766 corpore
1240 5696 1269 5749 et
1282 5688 1417 5767 sanguine
1436 5690 1536 5751 Christi
1557 5692 1639 5771 pasti,
1655 5695 1721 5757 dnm
1734 5694 1770 5757 de
