3942 6067
147 116 185 173 dd
841 112 1111 183 ttotedouun'e
1602 134 1605 143 ·
1740 152 1744 163 .
1769 119 1803 175 ii

148 237 271 297 Eonorii
285 234 363 293 libris
376 237 545 293 monasterio
564 236 743 299 Gotlwicensi
767 241 907 301 confertur
921 244 1063 301 Pabulum
1086 248 1169 311 aitte,
1192 245 1224 301 in
1247 259 1300 317 aaa
1323 258 1466 301 sermones
1480 242 1607 314 infestis
1622 240 1730 301 diebus.
1749 240 1805 298 Sed

150 309 340 367 Gottaicense
355 308 509 379 exemplam
524 308 646 379 deperiit,
731 354 734 365 ,

187 385 235 439 uit.
252 380 390 435 Libellum
405 381 439 435 de
456 380 644 436 luminaribus
659 379 801 437 Ecclesia.
819 380 845 434 ls
859 379 977 451 simplici
1002 378 1064 449 plus
1087 379 1146 435 vice
1171 379 1243 452 typis
1267 395 1383 438 excusus
1404 390 1462 452 est,
1484 384 1591 440 tametsi
1612 382 1763 442 correctior
1777 388 1805 438 et

151 451 316 525 castigatior
330 449 414 505 editio
429 450 465 504 ab
482 451 608 506 omuibus
625 450 722 506 merito
737 448 887 523 flagitetur.
902 451 1039 523 Egregius
1054 450 1192 508 estcoder
1204 452 1411 509 bellicensisL.
1422 457 1465 519 δι,
1477 454 1504 509 in
1520 454 1594 523 totto,
1606 472 1623 508 a
1633 454 1804 527 Wollgango

150 524 186 579 de
203 520 359 577 Emerstcrl
371 520 405 576 de
419 522 507 577 ueteri
520 523 693 594 exemplari,
710 528 738 574 ut
753 522 800 589 ait,
817 520 979 593 descriptus.
996 522 1073 577 hlius
1088 523 1209 593 ejusdem
1225 523 1390 582 mellicensis
1404 527 1562 581 monasterii
1577 528 1663 584 codex
1678 535 1718 582 est
1732 525 1759 580 in
1777 527 1802 592 i,

151 595 186 649 ll.
203 592 249 659 st,
265 592 388 661 ejusdem
403 592 500 658 aetaus,
518 602 580 663 puta
594 590 688 651 saculi
702 592 802 647 decimi
817 592 913 664 quinti.

186 666 277 735 Atque
291 662 351 719 hoec
366 661 419 717 sint
433 662 468 717 ad
484 664 636 733 catalogum
653 678 767 737 operum
783 678 862 734 quem
878 662 937 735 ipse
954 659 1094 717 Honorius
1107 659 1291 728 concinnavit,
1303 662 1502 719 auinradversa.
1515 662 1585 733 Quia
1596 680 1670 731 vero,
1680 674 1709 723 ut
1720 682 1806 739 supra
1870 724 1874 730 ,

150 735 327 807 scripsimus,
341 741 404 805 post
419 748 488 807 opus
503 735 540 791 lle
556 734 746 791 luminaribus
760 734 891 792 Ecclesia
904 734 929 789 is
943 732 995 788 alia
1010 732 1090 805 plura
1105 732 1238 804 opuscula
1253 732 1280 787 in
1295 732 1384 791 lucem
1401 734 1497 805 edidit,
1514 751 1608 791 eorum
1624 736 1705 793 etiam
1725 737 1805 795 elen-

150 807 245 873 chum,
262 812 398 877 quatenus
413 804 523 876 quidem
539 804 611 874 licet,
628 812 791 861 attexemus.
1836 847 1840 852 .

187 878 234 932 23.
250 878 290 932 be
305 876 327 931 ll
339 875 431 949 planis
445 876 770 951 AEpyptispirilaatiter.
786 875 955 1001 opusculum
970 875 1023 931 hoc
1039 873 1175 946 perbreve
1186 874 1237 929 sub
1247 872 1360 930 lionorii
1373 876 1484 931 nomina
1498 876 1615 931 hahetur
1629 877 1656 933 in
1670 879 1806 935 membra-

150 963 208 1003 neo
236 947 334 1003 radice
362 946 554 1016 Gemnioensi,
586 964 666 1021 quem
686 947 786 1005 sesculo
824 948 912 1004 caiam
931 953 1029 1018 quarto
1047 945 1240 1019 pereleganter
1259 954 1401 1001 exaratum
1429 962 1491 1002 osse
1525 948 1556 1004 V.
1591 948 1621 1004 Ρ.
1649 949 1805 1023 Leopoldus

154 1026 288 1074 iesitittt'.

189 1090 235 1144 El.
254 1090 337 1147 Scala
351 1086 418 1145 coeli
431 1091 535 1147 minor.
553 1089 729 1148 Desideratus
745 1106 843 1147 nomeu
857 1088 971 1145 Eonorii
984 1090 1011 1144 in
1027 1087 1122 1145 codice
1137 1089 1282 1144 chartaceo
1293 1086 1468 1144 Gemnioensi
1484 1087 1510 1144 in
1525 1087 1589 1146 tolio
1603 1105 1737 1147 annorum
1753 1100 1807 1149 tre-

152 1160 383 1286 ceaporuthec
397 1161 562 1231 opusculum
575 1162 694 1218 lionorio
711 1161 802 1217 tribuit
816 1162 847 1217 P.
863 1160 1017 1233 leopoldus
1031 1160 1083 1215 nisi
1098 1159 1287 1230 conjectando.
1302 1158 1389 1214 Nobis
1404 1160 1431 1214 id
1446 1159 1511 1214 nihil
1525 1160 1599 1215 uliud
1614 1178 1696 1233 quam
1712 1179 1804 1220 sermo

172 1231 305 1287 uitamv'
334 1238 401 1285 etur.

151 1248 168 1303 q
190 1302 236 1357 25.
254 1301 340 1358 biber
354 1300 501 1359 duodecim
518 1306 717 1376 quaestionum.
730 1304 869 1376 Praecipua
884 1305 980 1361 harum
994 1302 1173 1372 sabastianum
1188 1310 1230 1358 est
1245 1318 1251 1356 τ
1268 1303 1469 1358 lt'unrsoactus
1487 1301 1676 1371 arcltonpelus
1686 1304 1806 1360 blicbaei

153 1372 237 1429 beato
253 1374 338 1429 Petro
353 1390 370 1428 a
393 1376 490 1435 astole,
504 1393 540 1430 an
554 1378 655 1431 Petrus
666 1378 803 1433 Mmbaeli
813 1375 978 1448 praecedat?
993 1376 1130 1429 llouorius
1144 1374 1246 1446 primas
1256 1373 1346 1428 delent
1356 1373 1437 1427 heato
1448 1374 1527 1427 Petro
1543 1388 1567 1428 c.
1580 1377 1606 1437 6,
1617 1373 1663 1427 ubi
1673 1375 1732 1431 haec
1746 1377 1805 1443 ejus

152 1444 241 1499 verita
256 1443 334 1515 legas
346 1459 353 1498 :
366 1390 457 1515 igitur
466 1450 605 1517 quarelam
616 1448 682 1503 crdo
690 1447 825 1519 seraphin
836 1447 975 1518 praecellit
986 1445 1129 1517 diunitute
1140 1446 1268 1501 ordinem
1278 1444 1526 1513 arclsenpelorum,
1540 1448 1656 1499 tantu-m
1665 1448 1807 1515 precellit

151 1516 258 1571 Petrus
272 1516 405 1587 princeps
420 1518 611 1587 apostolorum
630 1518 792 1573 blicbaelem
807 1534 898 1573 unum
912 1517 945 1573 de
960 1518 1060 1573 ordine
1075 1518 1323 1586 archangelorum.
1348 1514 1425 1570 Hinc
1449 1518 1491 1570 est
1513 1514 1586 1586 quai
1609 1516 1695 1570 Barna
1719 1521 1807 1589 caput

153 1586 258 1641 munti
273 1586 360 1641 Petro
373 1586 508 1657 apostolo,
524 1604 583 1643 non
598 1590 728 1646 ldicbaeii
743 1590 913 1659 archangelo
928 1588 1087 1661 primatum
1102 1589 1249 1657 regiminis
1264 1586 1382 1651 obtulit,
1405 1587 1433 1640 et
1452 1586 1584 1640 uniuersa
1606 1584 1738 1643 Ecclesia
1754 1602 1806 1659 per

152 1654 253 1713 criseas
268 1673 326 1711 non
340 1656 433 1713 solum
449 1659 480 1713 ia
494 1659 615 1729 priuatis
631 1661 708 1726 locis,
724 1659 873 1715 sedetiam
889 1662 920 1717 ia
933 1660 1088 1732 precipuis
1102 1659 1216 1715 urbibus
1243 1658 1429 1782 episcopalem
1450 1657 1543 1711 sedern
1563 1657 1646 1711 Petro
1669 1658 1803 1716 contulit.

152 1728 193 1782 lta
209 1726 357 1783 Honorius.
374 1726 542 1798 Opuseulnm
557 1730 584 1785 in
600 1729 738 1801 publicum
753 1730 868 1803 emergit
883 1747 916 1787 en
933 1747 983 1786 ms.
1000 1731 1064 1786 cod.
1081 1729 1257 1785 Gemniceosi
1273 1744 1327 1799 qna
1350 1728 1537 1797 ungentorum
1552 1741 1696 1783 annorum.

190 1800 238 1855 26.
257 1798 430 1867 Quaesticnes
447 1800 505 1855 llll
518 1800 551 1857 de
567 1803 666 1873 ampelo
685 1806 713 1857 et
729 1802 762 1857 de
778 1800 900 1856 beastinc.
925 1802 1019 1856 Erntae
1041 1808 1103 1859 sunt
1127 1816 1159 1857 es
1184 1799 1293 1857 laudato
1317 1798 1439 1867 ejusdem
1462 1796 1610 1853 carthusiae
1628 1814 1682 1855 ms.
1698 1797 1805 1855 codice.

143 1869 246 1929 „Porro
260 1869 303 1923 hae
317 1870 483 1941 quaestiones
497 1886 552 1927 nou
567 1880 630 1929 sunt
652 1872 686 1927 de
709 1870 803 1937 nihilo,
831 1870 881 1927 sed
904 1887 997 1928 earum
1020 1872 1145 1944 quadam
1169 1888 1212 1927 res
1236 1869 1310 1941 apud
1332 1868 1510 1942 gravissimos
1530 1876 1656 1925 auctores
1670 1866 1806 1941 hodieque

153 1946 351 1995 controversas
363 1938 509 2012 attingunt,
526 1942 676 2011 cujusmodi
691 1942 737 1999 illa
753 1950 794 1998 est
811 1958 817 1997 :
835 1942 890 1999 Cur
904 1944 977 2000 beas
992 1942 1127 2016 quosdam
1141 1943 1319 2004 innocentes,
1336 1940 1466 1996 uidelicet
1480 1941 1621 2011 insontes.
1636 1957 1703 2013 quos
1726 1940 1806 1997 undo

153 2010 340 2083 baptismatis
353 2027 412 2067 nen
426 2019 611 2083 regeneravit,
622 2018 654 2069 in
670 2015 786 2071 ranerio
797 2015 942 2087 relinquat
956 2014 1057 2085 thod
1067 2012 1202 2070 Honorius
1212 2013 1248 2069 ait
1259 2027 1317 2067 nors
1330 2012 1396 2084 plus
1410 2028 1427 2066 a
1441 2012 1520 2067 nobis
1533 2026 1612 2082 posse
1627 2011 1804 2081 investigari,

153 2097 241 2154 quam
258 2082 331 2137 illud
340 2082 589 2155 possitindapari:
602 2101 654 2143 aar
667 2086 781 2157 anpeios
796 2100 853 2141 noa
864 2087 966 2157 lecerit
976 2085 1225 2157 orclsonpelos,nel
1234 2084 1300 2139 illos
1311 2097 1368 2137 non
1375 2082 1478 2153 seceris
1489 2081 1614 2150 thronos,
1628 2082 1672 2139 oet
1680 2083 1807 2154 seminas

154 2168 216 2209 non
230 2153 334 2221 secer-it
348 2154 434 2219 cviros,
449 2153 494 2210 uel
508 2156 612 2211 bestias
627 2172 685 2211 nan
699 2158 803 2240 [cuerit
815 2173 889 2223 crues,
906 2158 949 2212 vet
964 2174 1016 2213 cur
1027 2157 1131 2228 pavoni
1144 2160 1261 2212 tontum
1280 2154 1408 2209 decorem
1430 2168 1594 2223 pennarum
1614 2169 1672 2223 pree
1693 2153 1806 2209 ceteris

155 2222 258 2349 Ξυὶὺιιιε
272 2222 390 2290 dederit,
408 2226 544 2347 ethmulta
560 2226 603 2282 bis
618 2227 735 2285 similes.
754 2226 855 2284 Omnia
870 2230 957 2296 enim,
970 2242 1142 2301 quecunque
1157 2227 1258 2293 uoluit,
1268 2224 1338 2297 fecii
1361 2226 1389 2279 ei
1409 2224 1491 2294 fucit.
1507 2224 1572 2279 fleo
1586 2222 1723 2279 Honorius
1735 2240 1807 2296 pru-

175 2308 428 2351 enersaneacso
449 2310 497 2350 rte.

192 2365 235 2421 27.
253 2364 292 2421 De
305 2366 410 2421 animae
425 2366 529 2421 exsilio
550 2368 578 2421 ei
613 2366 699 2435 atrio,
716 2364 784 2422 alias
795 2368 833 2423 be
848 2368 968 2424 artibus.
984 2366 1117 2422 Libellum
1131 2366 1205 2421 hunc
1218 2364 1292 2420 idem
1304 2363 1384 2420 nobis
1398 2361 1485 2420 codex
1500 2361 1690 2420 Gemnioensis
1703 2362 1804 2421 biblio-

156 2435 248 2490 thecae
262 2434 411 2509 suggessit,
426 2444 540 2517 curante
553 2437 581 2492 P.
593 2383 743 2507 hupaldo,
760 2438 838 2519 cujus
854 2438 1041 2495 benevolentia
1056 2446 1083 2493 et
1096 2437 1185 2492 studio
1200 2437 1282 2492 etiam
1296 2436 1436 2507 sequentia
1445 2433 1537 2489 omnia
1547 2435 1686 2517 consecuti
1700 2452 1802 2493 snmus.

155 2504 228 2561 Eum
244 2504 381 2562 Honorius
395 2506 503 2563 auidam
521 2508 917 2575 Thornadicevit,cu1iibrum
932 2525 1042 2591 quoque
1058 2509 1105 2564 llll
1113 2509 1316 2575 Quesctonum,
1332 2522 1447 2562 numero
1461 2507 1496 2561 25
1512 2505 1638 2581 relatum,
1654 2507 1803 2579 mscripsit.

157 2579 359 2701 Alrgumentum
375 2586 460 2635 totum
476 2579 627 2636 asceticam
642 2589 693 2649 est,
709 2579 782 2652 qnod
797 2579 840 2636 vel
855 2580 922 2636 solis
937 2579 1066 2653 inspectis
1080 2578 1210 2650 capitum,
1224 2578 1251 2633 in
1266 2594 1327 2649 qnae
1342 2577 1368 2632 id
1385 2575 1537 2644 divisimus,
1555 2578 1711 2632 summariis
1725 2593 1804 2635 cnm·

187 2656 298 2703 eatena.

157 2664 175 2718 p
197 2717 292 2774 28.De
304 2718 390 2774 libera
400 2717 529 2775 arbitrio.
540 2716 754 2775 Libellusbicab
765 2718 850 2776 altem
861 2719 973 2777 Houorii
988 2718 1122 2792 opusculo
1132 2719 1170 2776 lle
1184 2718 1405 2783 liberoarbitrio‚
1416 2716 1489 2791 pund
1508 2718 1671 2777 inevitabile
1686 2718 1803 2785 dicitur,

158 2788 268 2860 penitus
281 2788 409 2844 diversus
419 2796 469 2854 est,
484 2788 591 2844 tametsi
601 2788 724 2845 doctrina
739 2790 861 2863 utrisque
875 2799 1003 2848 contenta
1017 2790 1076 2846 iere
1085 2791 1182 2847 eadem
1192 2790 1236 2845 sit.
1253 2791 1323 2845 Eum
1334 2792 1470 2847 Honorius
1481 2796 1620 2858 nuncupat
1636 2789 1805 2847 Godsebalco

158 2859 281 2927 cuidam,
297 2858 351 2929 fide
361 2863 481 2932 elopere
491 2860 608 2915 sudanti
619 2862 650 2915 in
665 2865 763 2917 sancto
779 2864 931 2935 proposito,
948 2863 1028 2919 aerbo
1047 2865 1076 2918 et
1096 2862 1225 2934 exemplo
1235 2863 1312 2933 prepi
1331 2862 1438 2919 Christi
1449 2861 1610 2934 praeposito,
1625 2877 1676 2931 que
1692 2860 1806 2916 innuere

159 2930 296 2997 sidentur,
311 2930 512 2987 Godscbalcum
528 2930 633 2985 abbatis
649 2948 762 2987 munere
776 2933 876 2990 alicubi
890 2934 1012 2989 inactum
1028 2932 1121 2988 luisse.
1138 2931 1161 2988 Ο
1184 2932 1308 2989 asculum
1331 2932 1359 2987 ia
1373 2934 1469 2990 codice
1484 2931 1661 2988 Gemnioensi
1676 2931 1808 3004 quadrin-

159 3008 307 3127 pentorum
329 3016 460 3083 annorum
474 3002 647 3083 auctoritates
662 3002 770 3083 botrum
787 3004 934 3069 Ambrosii,
951 3003 1106 3084 Augustini,
1122 2948 1269 3075 Fuigentii,
1284 3011 1348 3070 etc,
1365 3005 1512 3084 excipiunt,
1529 3003 1686 3083 exquibus,
1703 3001 1731 3057 ni
1745 3001 1805 3085 ial-

170 3072 440 3138 amur,mao1lestum
456 3080 496 3127 est
511 3074 659 3128 Honorrum
675 3090 702 3128 m
717 3074 842 3133 doctrina
857 3076 891 3131 de
909 3075 994 3132 libero
1008 3074 1122 3130 arbitrio
1137 3073 1205 3130 nihil
1217 3073 1290 3130 aliud
1306 3082 1409 3132 sentire
1422 3084 1467 3132 aut
1481 3073 1591 3129 tradere
1606 3073 1736 3142 voluisse,
1752 3073 1806 3130 nisi

162 3144 236 3215 quod
251 3158 269 3200 a
282 3142 431 3212 majoribus
447 3143 575 3198 traditum
591 3142 755 3214 accepisset.

199 3215 244 3269 29.
259 3216 298 3271 De
313 3214 372 3271 vila
382 3214 541 3271 claustrali.
555 3213 721 3285 Opusculum
736 3211 788 3269 sub
803 3210 916 3268 lionorii
930 3210 1039 3267 nomine
1050 3226 1103 3266 uua
1113 3225 1174 3267 cnm
1185 3208 1245 3265 aliis
1259 3208 1560 3279 certissimnsejusdem
1573 3210 1807 3271 lucubrationibus

162 3292 300 3356 comparet
315 3286 342 3339 iu
357 3284 453 3341 codice
469 3284 655 3351 Gemnioensi,
672 3286 698 3340 in
714 3291 752 3353 ιιι,
769 3299 850 3358 quem
865 3299 926 3339 ven.
942 3280 1165 3349 Bartholomaeus,
1180 3280 1376 3337 carthusianus
1391 3280 1592 3355 Gemnioensis,
1608 3292 1635 3342 et
1650 3301 1723 3343 anno
1736 3287 1806 3343 libb

162 3356 241 3428 prior
254 3356 404 3411 Carthasim
417 3355 613 3426 Eysbacensis,
630 3358 758 3412 exaravit.

200 3429 245 3481 30.
261 3428 297 3483 De
315 3426 423 3499 pbilaso
445 3428 493 3482 bia
508 3426 610 3483 mundi
630 3427 677 3481 lib.
697 3428 731 3483 lv
743 3428 857 3482 Exstant
872 3423 899 3479 iu
913 3420 1089 3479 Bibliothecis
1103 3422 1224 3476 Petrum.

199 3498 245 3551 sl.
260 3442 527 3569 Desolisatlgctibus
541 3514 589 3554 seu
599 3497 795 3569 allectionibus
806 3496 853 3552 lib.
871 3496 889 3550 l.
908 3494 986 3550 Erine
1001 3494 1073 3549 male
1087 3492 1219 3550 conlundi
1234 3494 1387 3551 cnmSeola
1400 3494 1806 3570 celidearadibuseisionum,

163 3584 197 3623 ex
213 3566 247 3622 iis
259 3575 367 3625 constat
381 3582 442 3639 quas
457 3567 646 3624 adnumerum
663 3586 711 3624 seu
727 3568 817 3641 potius
831 3564 994 3637 opusculum
1010 3566 1042 3620 li
1057 3564 1257 3620 adnotavimus.

199 3638 244 3695 ΒΞ.
260 3640 351 3696 Sec-ies
366 3640 555 3695 Eoneanorum
570 3640 750 3713 pontificum.
771 3640 867 3694 Exstat
881 3636 907 3690 in
922 3636 1033 3691 Petrum
1047 3634 1233 3692 bibliothecis.

200 3712 243 3763 bt.
260 3712 299 3766 lle
319 3709 469 3765 heresibus
485 3710 532 3765 tib.
549 3711 572 3765 l.
592 3709 696 3765 ibidem
721 3711 844 3766 habetur.
868 3706 1068 3777 blanuscriptus
1090 3705 1229 3778 multoque
1250 3705 1422 3765 emendatior
1435 3716 1521 3768 exstat
1543 3709 1572 3769 in
1595 3708 1690 3771 codice
1704 3709 1804 3772 blellie.

165 3778 329 3853 Woligaugi
342 3780 377 3836 de
392 3781 553 3848 Emerstorl,
573 3788 664 3837 notato
679 3782 718 3837 lit.
734 3782 765 3839 t.
781 3784 826 3842 δι.
842 3796 879 3837 eo
893 3778 1033 3835 veteribus
1048 3778 1258 3848 exemplar-ibus
1273 3781 1427 3852 exscripto.

163 3850 244 3977 ffiffil.
260 3852 433 3975 gemelliones
449 3856 477 3907 et
492 3852 528 3908 ad
546 3852 657 3909 easdem
668 3854 862 3926 responsiones
872 3851 904 3905 in
922 3849 1155 3906 ducsSolomoais
1171 3848 1265 3916 libros,
1276 3850 1428 3907 Proverbiis
1436 3856 1464 3909 et
1478 3854 1679 3913 Ecclesiasten.
1696 3854 1765 3913 tite
1778 3855 1807 3913 in

224 3930 260 3977 ιοι
280 3936 337 3978 tots
371 3930 468 3977 utrum.

199 3994 242 4047 ³5.
257 3994 298 4049 lte
314 3994 418 4049 Anima
435 3992 514 4049 lib.l.
535 3992 573 4049 lta
587 3992 752 4051 Trithemius
767 3994 808 4050 De
823 3992 918 4064 script.
935 3990 1046 4057 eccles,
1072 4004 1134 4062 cap.
1160 3991 1223 4045 est.
1247 3988 1302 4045 Sed
1324 3989 1424 4047 vitioso
1439 3990 1534 4048 codice
1553 3991 1700 4062 deceptum
1718 3990 1806 4049 virum

166 4077 295 4135 magum
310 4063 404 4127 luisse,
420 4078 475 4121 uon
489 4063 654 4120 dubitemus.
681 4066 728 4121 Est
742 4065 834 4138 itaque
848 4062 958 4120 lionorii
982 4064 1054 4119 liber
1075 4062 1108 4118 de
1128 4061 1226 4118 anima
1249 4060 1326 4118 nullo
1349 4061 1431 4117 modo
1454 4061 1601 4117 distinctus
1625 4059 1661 4116 ab
1684 4061 1808 4132 ejusdem

167 4133 259 4190 libello
272 4135 306 4191 de
316 4137 453 4261 onipnodet
462 4134 495 4191 de
505 4137 557 4193 ileo
573 4137 645 4193 eeS.
660 4137 828 4209 dupustino,
841 4151 923 4207 quern
933 4148 1010 4193 more
1020 4132 1317 4205 diaioaiexeratumio
1330 4132 1497 4190 bibliotheca
1506 4133 1659 4191 biellicensi
1669 4134 1808 4193 asservari

166 4220 197 4259 su
234 4222 342 4261 enum.
381 4208 396 4261 5
431 4204 538 4261 iximus.

198 4220 245 4330 ἐξ.
261 4276 390 4349 balapus
410 4292 447 4333 ee
461 4272 602 4351 opusculis
622 4274 775 4345 inpastini
792 4273 838 4332 lib.
860 4272 881 4328 l.
906 4272 944 4329 lta
959 4271 1056 4329 iterum
1070 4269 1247 4336 Trithemins,
1284 4286 1344 4327 uem
1361 4268 1460 4328 laisum
1474 4287 1536 4329 esse
1549 4274 1630 4344 paulo
1650 4283 1714 4333 ante
1736 4276 1808 4335 dicta

166 4344 361 4403 demonstrant.
377 4346 483 4419 Nempe
498 4365 530 4403 ex
548 4361 602 4402 uno
615 4346 713 4401 eodem
735 4361 768 4400 ue
783 4344 898 4401 Eonorii
912 4358 998 4415 opere
1012 4342 1063 4397 tria
1098 4342 1201 4399 rocudit
1214 4342 1272 4397 'l'rit
1294 4341 1391 4397 emius.

201 4418 245 4473 st.
263 4417 453 4490 Epistularum
467 4418 503 4474 ad
518 4419 638 4475 diuersos
653 4416 702 4472 lib.
715 4362 743 4481 (i,
760 4414 910 4473 secuudum
925 4414 1056 4494 eumdem·
1090 4412 1254 4494 rithemium.
1270 4415 1305 4468 ht
1318 4413 1353 4470 de
1366 4412 1400 4468 iis
1413 4429 1465 4470 nos
1479 4413 1569 4471 adhuc
1588 4415 1655 4473 nihil
1671 4417 1806 4475 videmus.

203 4491 247 4543 38.
261 4488 349 4547 &tum
363 4488 432 4561 quid
445 4489 562 4545 uirtutis
577 4486 777 4545 dubietatibus
792 4491 821 4543 ct
835 4488 921 4543 uitiis.
938 4486 995 4541 an
1012 4484 1077 4557 quad
1091 4483 1205 4541 monstri
1219 4490 1264 4552 snt,
1280 4483 1402 4539 noudum
1414 4486 1532 4541 assecuti
1547 4504 1650 4544 sumus.
1667 4488 1807 4562 Quidquid

167 4556 194 4612 id
209 4565 298 4615 tamen
313 4560 406 4631 operis
420 4558 510 4629 inerit,
525 4566 598 4616 carte
612 4557 682 4613 inter
697 4556 817 4625 lionorii,
835 4556 862 4611 ni
877 4554 1007 4619 fallimur,
1023 4555 1154 4637 opuscula
1168 4555 1194 4609 in
1210 4554 1356 4611 donatione
1372 4554 1493 4612 Heinrioi
1515 4560 1644 4617 monachi
1657 4561 1710 4617 hoc
1725 4562 1807 4618 modo

168 4630 335 4701 exprimitur.
356 4630 425 4701 Qum
439 4631 554 4689 donatio
570 4630 699 4703 qnoniam
714 4629 742 4685 in
756 4628 933 4685 illustratione
948 4626 1062 4683 Honorri
1075 4626 1296 4683 lucubrationum
1311 4624 1415 4698 insigni
1430 4628 1510 4683 nobis
1531 4631 1592 4684 usui
1614 4628 1673 4699 iuit,
1699 4631 1809 4705 aliaque

169 4700 287 4757 molinet
301 4718 363 4774 qnae
378 4711 500 4760 veterum
516 4700 653 4767 opusculis
667 4698 755 4756 lucem
770 4696 868 4755 afferro
883 4705 1006 4770 possunt,
1023 4712 1083 4752 eam
1105 4696 1241 4769 integram
1257 4696 1309 4752 hoc
1320 4696 1380 4752 loco
1395 4698 1524 4755 exhibere
1545 4716 1598 4756 aon
1618 4703 1806 4773 gravabimur.

396 4774 447 4829 isti
459 4778 529 4829 sunt
544 4772 608 4829 libri
622 4786 689 4843 auos
704 4774 805 4827 Frater
818 4770 967 4827 Heinricus
983 4768 1048 4826 huic
1066 4769 1269 4841 (Gottroiceasi)
1285 4768 1410 4824 contulit
1427 4770 1570 4827 Ecclesia.

210 4843 383 4901 Psalleriuns
405 4845 560 4914 insigniter
580 4860 617 4899 en
637 4844 754 4900 esituns.
784 4841 903 4898 Cantica
927 4842 1106 4897 canticorum
1129 4839 1301 4895 mirabiliter
1322 4840 1462 4912 exposita.
1490 4842 1637 4901 llattboeus
1686 4844 1807 4902 locotus.

166 4913 348 4987 Apocalypsis
361 4917 502 4988 exposita.
518 4916 588 4972 ilem
625 4914 723 4970 antica
736 4913 916 4969 canticorum
930 4928 996 4968 cum
1010 4911 1106 4995 pletis.
1123 4911 1215 4967 Clanis
1227 4911 1360 4982 physicae,
1381 4913 1491 4969 scilicet
1512 4914 1582 4970 liber
1604 4914 1637 4971 de
1657 4863 1808 4985 liei-lasiae

167 4990 328 5059 excerptus.
342 4987 494 5059 Speculum
513 4986 654 5051 Ecclesiae,
669 4986 701 5041 in
717 4998 769 5057 pua
784 4998 926 5040 sermones
940 4982 1100 5039 dulcissimi
1111 4982 1148 5037 ad
1160 4982 1309 5054 populum.
1330 4984 1453 5054 desectio
1467 4986 1609 5041 mentium
1624 4987 1690 5055 (bi),
1707 4986 1739 5041 in
1755 5002 1808 5059 quo

167 5070 308 5112 sermones
323 5058 359 5114 nd
373 5060 479 5127 [ratres
494 5057 526 5113 in
541 5056 676 5130 capitulo.
692 5056 831 5111 Pabulum
854 5056 930 5125 uitae,
946 5058 977 5109 in
992 5069 1044 5127 quo
1066 5069 1209 5109 sermones
1231 5054 1263 5108 in
1284 5053 1366 5124 scetis
1387 5052 1507 5109 diebos·
1521 5056 1714 5112 Elucidorium
1739 5057 1808 5114 bene

165 5132 332 5182 correctum.
348 5126 555 5199 offendiculum
581 5128 615 5183 de
632 5126 844 5184 incontinentia
857 5125 1046 5182 sacerdotum.
1063 5123 1262 5180 Eucharistion
1277 5125 1310 5179 de
1324 5139 1441 5196 corpore
1455 5124 1578 5182 Domini.
1595 5128 1760 5183 Neoccsmus
1774 5128 1808 5185 de

165 5210 217 5252 aee
230 5200 331 5269 primia
344 5199 449 5256 dubus.
465 5200 550 5257 Scala
563 5199 626 5254 cmii
639 5199 673 5254 de
688 5198 779 5253 tribus
792 5198 879 5254 cette.
898 5197 1012 5253 Gemma
1026 5196 1130 5251 anintoe
1150 5194 1184 5251 de
1200 5195 1304 5251 dicante
1325 5198 1525 5252 sacramentis.
1542 5198 1807 5256 sacramentorium

165 5266 198 5322 de
215 5270 367 5341 mysteriis.
378 5270 495 5327 Summa
509 5271 608 5337 totius,
621 5270 652 5325 in
661 5284 718 5392 pac
731 5268 866 5325 chronica
881 5266 915 5324 ab
929 5267 1015 5323 initio
1025 5267 1126 5322 mundi
1140 5282 1227 5339 usqae
1241 5265 1278 5321 nd
1291 5269 1390 5321 nostra
1407 5270 1464 5322 iem
1484 5282 1545 5321 oro.
1557 5266 1598 5320 lm
1634 5268 1761 5323 cavandi
1777 5272 1810 5325 in

164 5354 218 5411 pun
234 5344 307 5396 tolus
321 5341 446 5397 mundus
461 5341 640 5399 describitur.
657 5354 773 5397 karrsrna
788 5339 879 5411 picria
892 5338 926 5394 de
939 5339 1095 5411 Apostolico
1109 5342 1137 5393 et
1153 5337 1287 5408 topasio.
1300 5337 1390 5393 Saura
1400 5340 1447 5409 qui
1479 5336 1596 5392 uirtutis
1629 5353 1643 5393 e
1658 5339 1809 5396 uirtutibus

164 5414 192 5465 et
209 5409 297 5467 cittis.
317 5412 449 5485 Sipillum
464 5416 572 5469 sancte
582 5412 685 5479 buria,
697 5411 729 5467 in
744 5423 797 5484 pua
813 5410 931 5467 Cantica
945 5410 981 5465 nd
995 5412 1263 5483 persnaomsnncta
1272 5408 1367 5466 dame
1377 5410 1574 5480 exponuntur.
1589 5408 1716 5482 cognitio
1729 5411 1807 5470 uite.

1953 5327 1954 5392 l

200 5576 256 5653 (st)
272 5576 383 5636 t'idetm·
398 5578 463 5639 coel.
479 5578 580 5638 habere
594 5577 790 5637 sumentium.
1643 5653 1647 5668 ‚

1953 5709 1954 5758 l

1774 5924 1911 5993 A
