3942 6067
186 124 254 181 idid

503 72 653 175 acuoau
673 113 925 177 sususronuu.
945 110 1026 169 εει.
1051 108 1148 169 rans
1167 112 1218 170 ιιι.
1242 144 1273 159 -
1292 110 1493 169 struamus.

1769 114 1855 207 lilii

752 396 758 404 .
841 316 1103 395 DOMINICA
1132 318 1180 390 Il.

227 566 309 622 Beati
318 565 366 638 qui
375 564 411 621 ad
420 582 530 623 coertam
543 566 710 638 nuptiarum
730 559 801 631 dpui
815 554 908 612 unitati
921 555 991 607 sunl
1006 544 1035 607 Α
1050 562 1167 621 namque
1182 556 1244 605 sont
1258 548 1376 606 diversa
1394 554 1475 603 secte
1495 547 1730 619 pbilosophorum,
1759 565 1846 622 sepes

190 655 286 728 (Αροε,
310 668 375 709 arx.
407 654 502 709 Helcrt
530 652 719 723 Evangelium,
746 643 896 711 karissimi,
918 638 992 714 quod

193 742 303 815 quidam
319 757 448 815 magnam
462 757 566 797 coenam
587 739 684 798 lecerit
697 736 851 807 multosque
875 744 992 789 ιοεειε·

194 829 242 883 rit.
254 826 490 883 Paratisomnibus
499 825 572 881 misit
578 840 674 882 servos
685 838 750 879 suos
758 820 888 876 invitatos
896 828 995 871 vocare

196 924 222 971 ct
238 923 380 987 coeperunt
394 932 425 971 se
438 930 536 971 omnes
549 929 694 970 excusare.
721 912 755 967 Et
776 908 844 965 allus
870 904 938 961 dixit
964 918 995 957 se

195 1004 286 1061 villam
298 1003 412 1072 emisse,
429 1001 498 1059 alius
513 1002 632 1076 quinque
653 1002 720 1073 juga
741 1000 824 1055 boum
852 1008 995 1065 compara·

198 1092 283 1158 risse,
296 1091 484 1149 aliusuxorem
499 1092 614 1147 duxisse
628 1099 654 1147 ει
663 1090 725 1145 idco
734 1086 828 1144 venire
837 1100 892 1140 non
902 1095 994 1153 posse.

197 1181 246 1237 llis
261 1180 359 1237 cuditis
370 1181 451 1250 jussit
465 1181 592 1236 dominus
606 1195 714 1235 servum
730 1177 757 1231 in
768 1176 872 1248 plateas
880 1179 907 1227 et
918 1170 997 1225 vicos

200 1271 285 1334 exire,
293 1286 430 1341 pauperos
442 1268 571 1338 ,debiles,
583 1284 681 1333 caecos,
691 1261 995 1325 claudosintroducere;

198 1366 300 1416 etcum
314 1359 404 1414 adhuc
418 1358 493 1415 locus
514 1365 639 1425 vacaret,
655 1355 785 1429 pracepit
808 1367 890 1409 seruo
909 1358 938 1405 ut
964 1349 999 1405 de

199 1448 251 1502 viis
266 1455 291 1502 ει
307 1446 419 1518 sepibus
434 1446 568 1517 compulsi
582 1440 904 1513 intrarent,juransquod
917 1454 999 1495 nemo

199 1536 234 1593 de
248 1535 352 1591 uocatis
366 1550 472 1590 coerram
492 1551 568 1590 suam
591 1542 709 1607 gustaret
724 1531 810 1601 (Luc.
827 1530 888 1600 mr)
908 1528 1000 1583 Homo

201 1623 247 1696 qui
254 1638 384 1695 magnam
397 1638 501 1681 roenam
512 1623 755 1680 instrueusmultos
766 1619 870 1677 vocarit
877 1625 919 1674 est
925 1618 1001 1672 Deus

201 1712 250 1784 qui
264 1726 315 1782 pro
329 1711 408 1772 nobis
422 1713 505 1769 bomo
516 1712 612 1780 lactus,
623 1712 670 1785 qui
679 1727 775 1768 omnes
784 1715 882 1783 gentes
889 1707 923 1762 ad
931 1722 1001 1777 epu-

198 1800 242 1856 las
249 1801 345 1857 aeterni
355 1801 472 1857 convivii
481 1800 616 1858 invitarit.
629 1794 680 1858 liic
686 1800 758 1856 misit
765 1814 874 1855 serrum
880 1812 959 1851 sunm
966 1792 1002 1850 ad

1047 636 1163 693 diversae
1177 637 1245 693 ritus
1258 652 1441 711 paganorum.
1461 636 1501 693 De
1515 636 1558 691 bis
1573 638 1707 709 compulsi
1725 638 1849 695 intrasc-

1048 734 1110 781 runt
1124 725 1190 781 dom
1205 734 1302 799 gentes
1316 741 1366 797 ρει·
1376 724 1455 799 signa
1470 732 1496 781 at
1511 725 1638 799 prodigia
1657 726 1847 798 apostolorum

1049 814 1204 871 idolatriam
1232 822 1393 886 respuentes
1420 814 1507 869 Deum
1536 829 1628 869 rerum
1654 815 1844 873 crediderant.

1051 904 1151 961 Paulus
1170 903 1270 961 etenim
1295 903 1441 976 proconsul
1469 902 1628 975 cotnpulsus
1648 904 1757 960 intravit
1782 906 1849 961 dum

1051 992 1151 1049 Paulus
1164 993 1302 1065 apostolus
1318 1008 1410 1049 coram
1430 1006 1464 1047 co
1483 1006 1593 1063 magum
1604 993 1763 1050 excecavit.
1778 994 1852 1049 Gon-

1051 1081 1185 1137 stantinus
1200 1080 1360 1153 compulsus
1374 1079 1483 1135 intrarit
1497 1080 1563 1137 dum
1585 1080 1717 1137 Silrestar
1739 1098 1802 1137 eum
1835 1098 1852 1137 a

1051 1169 1127 1241 lepra
1141 1170 1168 1224 in
1179 1170 1343 1241 baptismate
1353 1167 1469 1224 curarit.
1483 1168 1586 1225 Gentes
1596 1168 1679 1243 igitur
1688 1169 1852 1227 introducta

1053 1275 1114 1315 cum
1130 1258 1244 1315 Domino
1259 1258 1414 1323 coenalumt,
1425 1256 1587 1315 Judaeivcrc
1604 1259 1728 1315 nolentes
1749 1260 1853 1316 intrare

1052 1346 1088 1403 de
1102 1362 1181 1403 coena
1196 1347 1304 1403 Domini
1320 1362 1374 1403 non
1390 1346 1547 1417 gustabunt.

1088 1446 1123 1499 Et
1137 1461 1197 1511 vos,
1212 1442 1390 1507 dilectissimi,
1407 1443 1441 1499 ad
1456 1458 1561 1501 coenam
1587 1444 1637 1501 Dei
1659 1444 1724 1500 eatis
1750 1446 1852 1513 vocati,

1056 1532 1145 1589 ridete
1158 1548 1193 1589 ne
1208 1532 1327 1606 quolibt
1348 1532 1457 1603 negotio
1481 1532 1613 1603 impliciti,
1643 1549 1677 1589 ιιε
1705 1534 1854 1603 cujuslibet

1055 1622 1172 1679 amicitia
1187 1622 1308 1692 impediti
1324 1621 1358 1675 ab
1374 1636 1407 1677 ea
1432 1621 1491 1677 sitis
1510 1622 1643 1677 excusati.
1666 1622 1724 1679 Nos
1751 1622 1853 1681 etenim

1056 1710 1170 1767 summis
1185 1709 1390 1765 Patr-ist'amilias
1404 1709 1478 1765 servi
1491 1726 1585 1766 sumus
1596 1709 1632 1765 ab
1646 1726 1679 1767 eo
1690 1710 1765 1765 missi
1779 1730 1786 1779 ;
1801 1728 1854 1767 sos

1056 1799 1091 1855 ad
1106 1800 1199 1871 epulas
1214 1807 1322 1855 aetcruae
1335 1798 1473 1855 sacietatis
1487 1797 1643 1855 invitamus.
1660 1800 1788 1870 igiturad
1799 1816 1855 1855 nu-

201 1889 465 1947 constriumroeare
475 1891 708 1963 quandobloysen
717 1889 789 1944 misit
796 1887 939 1959 perlegam
949 1899 997 1954 pu-
1013 1894 1039 1953 Β
1056 1890 1127 1961 ριὶεε
1141 1888 1212 1962 rigni
1228 1887 1351 1943 festinate
1366 1902 1462 1943 omnes
1476 1886 1583 1957 inttrcdi
1596 1896 1742 1959 antequam
1766 1889 1854 1958 janua

199 1976 295 2050 pulum
305 1977 341 2033 ad
350 1978 431 2035 vitam
443 1978 557 2035 inritare
569 1995 577 2045 ;
593 1980 642 2035 sed
653 1994 749 2035 ornnes
759 1993 791 2033 se
800 1991 817 2031 a
827 1989 996 2033 coenaescu-

201 2066 998 2140 suntquiaproiectoludaeiconviviumDeiadirerecusant.

203 2156 310 2212 Primus
318 2172 436 2228 namque
445 2156 513 2212 dixit
523 2174 553 2214 se
561 2158 661 2213 emisse
669 2156 760 2213 villam
776 2163 803 2212 et
819 2153 999 2211 scenitarum

201 2244 388 2302 viderelllam.
403 2244 534 2302 ludoicus
548 2246 664 2317 populus
674 2246 751 2318 qtrasi
763 2245 851 2299 uillam
860 2244 925 2299 emit
935 2242 1000 2297 dum

203 2341 302 2388 terram
311 2333 533 2405 repromissionis
543 2351 593 2405 per
600 2334 724 2391 carnales
730 2331 918 2389 observantias
925 2330 999 2387 obti-

202 2421 272 2477 nuit.
289 2421 360 2477 Exiit
373 2422 448 2476 illam
461 2423 554 2479 videre
568 2422 632 2478 dum
648 2423 683 2478 de
703 2424 819 2495 AEgpptc
847 2418 911 2476 exiit
939 2435 1001 2475 eam

202 2510 355 2582 possidere.
371 2511 419 2566 llis
432 2510 498 2585 [hic]
512 2526 621 2585 quoque
642 2512 710 2583 juga
737 2512 819 2565 boum
844 2509 910 2565 emit
936 2509 1002 2565 dum

204 2598 246 2653 bis
262 2598 380 2671 quinque
395 2608 531 2671 praecepta
547 2599 658 2673 gemina
672 2599 817 2656 dilectione
829 2599 924 2671 jugata
939 2612 1003 2667 per-

204 2686 286 2759 cepit,
303 2688 401 2761 quibus
417 2704 447 2743 sc
461 2705 558 2761 agrum
574 2688 682 2744 Domini
704 2687 774 2744 relat
801 2688 889 2742 bubus
910 2685 1003 2742 colere

202 2774 313 2839 debuitt
329 2774 439 2831 sedirit
462 2776 509 2831 illa
524 2777 651 2848 probare,
677 2776 741 2832 dum
767 2792 800 2831 oa
824 2774 925 2831 studuit
953 2790 1003 2845 pro

204 2864 320 2919 terrenis
336 2872 440 2919 tantum
454 2866 617 2922 observare.
634 2866 684 2921 llic
699 2866 783 2922 etlam
799 2880 910 2920 tixorem
928 2862 1005 2918 duxit

204 2951 268 3024 quia
285 2952 373 3024 legem
390 2952 491 3009 carnali
507 2953 645 3011 intellectu
661 2954 799 3025 conjunrit
815 2962 843 3009 et
863 2952 926 3009 ideo
942 2968 972 3007 se
989 2968 1006 3007 a

204 3040 330 3097 convivio
345 3039 395 3096 Dei
410 3040 554 3097 subtraxit.
575 3043 627 3099 Per
641 3043 716 3098 illum
735 3059 843 3114 quoque
856 3040 901 3115 qni
913 3040 1005 3096 villam

203 3123 268 3182 emit
282 3124 449 3197 intellegitur
462 3125 530 3181 ordo
543 3126 694 3199 principum
708 3127 863 3181 ludaeorum
883 3124 928 3193 ιριί
950 3132 1005 3179 ιει-

1052 1978 1201 2043 claudatur,
1210 1975 1474 2033 ettuncintrantibns
1484 1984 1510 2031 et
1520 1974 1623 2033 intrare
1633 1976 1855 2032 desiderantibus

1054 2081 1201 2137 numquam
1214 2063 1360 2137 aperiatur.
1378 2064 1450 2121 Dicit
1465 2064 1617 2119 Dominus:
1631 2066 1770 2122 Sicculuc
1787 2070 1856 2123 tuus

1054 2154 1338 2212 dcelerrccndullael
1349 2157 1453 2209 tccruc
1464 2168 1532 2209 cum
1542 2158 1570 2209 ct
1578 2157 1674 2227 proice
1684 2154 1779 2217 obstet
1795 2157 1857 2211 etsi

1054 2260 1102 2316 pas
1114 2248 1180 2299 tuus
1191 2242 1367 2299 scandalizet
1379 2246 1406 2297 ta
1414 2242 1524 2297 abscido
1535 2258 1601 2299 cum
1611 2246 1640 2299 ct
1646 2244 1743 2315 proice
1751 2243 1800 2299 aba
1815 2248 1856 2311 tc,

1054 2332 1152 2389 llelius
1165 2336 1208 2389 cst
1219 2332 1271 2389 titt
1283 2332 1445 2387 luscumuel
1456 2330 1854 2389 dciilmnuelclcadumodoi·

1057 2421 1328 2493 taminarediquom
1339 2420 1407 2475 duos
1428 2420 1522 2476 oculos
1540 2420 1583 2476 uel
1601 2420 1669 2476 duos
1682 2438 1784 2477 munus
1802 2427 1857 2477 out

1056 2514 1125 2571 duce
1137 2514 1221 2586 pedes
1232 2514 1381 2571 linientem
1395 2514 1425 2568 in
1438 2512 1597 2584 triennum
1608 2514 1697 2579 mitti,
1721 2515 1768 2571 uli
1781 2516 1857 2585 iunia

1056 2604 1856 2675 nourelinquituretoermueoramuoumorttar(turc.

1057 2694 1108 2762 ιιι).
1119 2691 1274 2747 Notandum
1282 2698 1371 2746 autem
1380 2690 1453 2762 quod
1462 2690 1513 2744 tria
1523 2705 1539 2744 a
1548 2690 1690 2746 Salvatcre
1698 2700 1857 2762 ponuntur:

1058 2780 1161 2837 scilicet
1174 2779 1280 2845 oculus,
1298 2794 1404 2843 manus,
1419 2794 1478 2850 pes,
1494 2794 1542 2850 per
1557 2794 1616 2851 quae
1627 2778 1774 2835 infelicesa
1788 2796 1860 2836 con-

1058 2868 1130 2925 vivio
1145 2869 1194 2924 Dei
1209 2868 1391 2935 retrahuntur,
1408 2868 1471 2939 quia
1485 2876 1531 2923 aut
1552 2868 1655 2939 praetatt
1680 2876 1725 2924 aut
1745 2870 1861 2943 cognati

1059 2966 1106 3015 ortt
1119 2956 1236 3027 subjecti
1251 2972 1267 3013 a
1282 2972 1359 3013 crena
1374 2956 1483 3012 Domini
1498 2972 1548 3012 nos
1564 2956 1715 3024 retardant,
1727 2972 1797 3031 quos
1805 2958 1862 3013 ista

1059 3047 1182 3103 membra
1196 3045 1355 3118 designant.
1374 3045 1478 3101 Oculus
1492 3045 1537 3118 qui
1553 3060 1603 3102 nos
1618 3046 1691 3103 ducit
1703 3050 1748 3102 est
1767 3062 1863 3103 sacer·

1059 3136 1109 3191 dos
1123 3136 1168 3208 qni
1183 3150 1234 3191 uos
1248 3134 1283 3191 de
1299 3134 1421 3191 tenebris
1436 3134 1530 3190 muudi
1545 3134 1579 3189 ad
1594 3132 1682 3190 lucem
1701 3134 1764 3192 vita
1787 3135 1862 3191 diri-

199 3227 261 3267 tssffl
276 3212 377 3282 D⁰lll¹¹⁰
391 3211 483 3268 divisi
512 3221 539 3269 θῑ
562 3213 608 3286 (lui
635 3214 808 3285 postmodum
838 3212 1002 3267 ῐΰῦὓῑῑῑθῦθῦ
1017 3234 1042 3297 (1
1059 3225 1111 3299 git.
1130 3224 1183 3294 Qui
1196 3225 1258 3280 ideo
1273 3224 1368 3279 dexter
1382 3224 1479 3279 oculus
1492 3222 1653 3294 appellatur,
1671 3224 1733 3291 quia
1757 3238 1807 3280 uos
1822 3226 1862 3281 de

206 3296 330 3353 θῧῑῖῦὓῑῑ·
347 3298 399 3351 Pel
412 3297 488 3351 illum
504 3314 613 3370 ‘lumin‘
627 3298 677 3371 ‘lui
691 3300 791 3371 Villi&
817 3298 899 3353 b⁰¹¹¹⁰
923 3297 1000 3363 emii·
1057 3314 1175 3370 sinistris
1187 3313 1222 3368 ad
1240 3312 1351 3368 dextros
1366 3312 1467 3367 ducere
1481 3320 1609 3368 conatur.
1627 3312 1677 3367 llic
1693 3313 1715 3367 si
1731 3328 1784 3369 nos
1800 3316 1862 3370 bre-

206 3384 345 3451 subJectus
360 3384 477 3455 populus
491 3386 651 3459 designatur
664 3387 710 3457 qui
722 3388 789 3458 jugo
805 3386 874 3460 legis
885 3388 917 3439 ad
938 3387 1003 3441 sub-

201 3468 352 3538 jectionem
366 3468 564 3541 stringebatur.
582 3471 637 3525 Per
651 3470 724 3526 illum
738 3487 803 3526 vero
825 3472 870 3543 qui
888 3487 1003 3538 uxorem

205 3556 280 3615 duxit
294 3555 419 3613 leviticus
432 3558 501 3613 ordo
518 3558 673 3615 declaratur·
687 3558 729 3616 cui
745 3558 788 3616 lex
804 3552 960 3632 specialiter
975 3568 1004 3615 ut

204 3645 433 3717 urorcopulatur.
451 3646 494 3702 ttti
517 3647 617 3720 singuli
644 3651 708 3720 quia
736 3650 852 3704 terronis
880 3649 1004 3723 negociis

203 3734 344 3800 insudant,
357 3750 388 3791 se
402 3751 418 3791 a
431 3734 558 3791 convitio
574 3736 622 3792 Dei
644 3746 784 3793 excusant.
809 3739 887 3796 Unde
910 3748 1003 3809 pater-

205 3822 320 3879 familias
333 3838 414 3880 scrvo
428 3823 544 3896 imperat
557 3834 587 3880 nt
599 3826 625 3880 in
641 3826 745 3897 plateas
759 3836 786 3882 ει
804 3827 879 3884 ticos
910 3826 1003 3884 civita-

204 3911 239 3967 tis
253 3920 342 3980 exeat,
358 3928 495 3985 pauperes
513 3930 545 3970 ac
567 3915 672 3971 debiles
700 3916 867 3973 introducat.
902 3919 1003 3975 Servus

204 4001 251 4075 qui
265 4016 337 4058 nnnc
350 4001 465 4057 mittitur
479 4000 548 4057 ordo
563 4005 761 4076 prophetarum
785 4007 930 4078 accipitur.
955 4009 1003 4065 Ci-

204 4088 276 4145 vitas
290 4098 380 4146 eutem
395 4090 566 4146 Hierusalem
577 4100 686 4149 notatur
700 4094 727 4149 iu
743 4112 795 4167 qua
811 4098 896 4152 archa
923 4104 1005 4155 testa-

205 4178 290 4233 menti
304 4178 486 4235 vcnerabatur
501 4188 527 4234 et
541 4180 570 4234 in
585 4196 638 4252 qua
652 4182 784 4254 templum
808 4193 868 4240 erat
896 4186 923 4241 iu
951 4203 1005 4259 quo

211 4264 246 4321 ab
261 4266 387 4321 omuibus
401 4265 608 4323 immolabatur.
625 4270 710 4340 liujus
732 4272 830 4343 plateae
857 4273 1006 4333 israhelitae

208 4350 243 4421 (ιι
256 4356 309 4411 286
321 4358 360 4425 va)
372 4362 448 4409 erant
464 4355 510 4427 qui
525 4373 555 4411 se
569 4357 597 4412 in
621 4358 790 4417 latitudinem
812 4361 864 4419 Xll
888 4366 1006 4423 tribuum

210 4439 384 4497 diffuderant.
400 4443 458 4499 l'ici
473 4454 566 4501 autem
579 4446 668 4504 Judaei
683 4450 837 4519 extiterant,
860 4454 905 4525 qui
933 4472 964 4511 εε
978 4457 1004 4511 in

210 4531 338 4603 ειιριιειὶε
351 4530 467 4587 duarum
482 4533 600 4590 tribuum
616 4538 848 4597 constrinxerant.
862 4544 901 4599 De
910 4542 1006 4615 plateis

210 4619 302 4692 itaque
316 4629 343 4676 ει
358 4620 426 4677 vicis
440 4623 581 4693 prophatae
596 4626 803 4685 introduxerunt
817 4630 882 4687 dum
897 4632 1008 4690 Israhe-

1058 3403 1144 3459 retice
1159 3402 1280 3459 doctrina
1296 3402 1330 3457 de
1344 3400 1389 3457 via
1402 3401 1452 3457 Dei
1467 3401 1605 3457 abducere
1629 3410 1655 3457 et
1679 3400 1707 3456 in
1736 3401 1770 3472 (D
1795 3404 1862 3471 2⁸8)

1059 3507 1181 3547 errorem
1195 3490 1295 3545 nitatur
1311 3490 1421 3555 ducere,
1438 3497 1484 3545 aul
1499 3505 1581 3561 pravo
1596 3490 1722 3561 etamplo
1738 3506 1755 3546 a
1779 3504 1863 3547 coena

1058 3580 1270 3647 Deiretrabere,
1287 3578 1321 3633 ob
1342 3579 1463 3649 injuncto
1485 3578 1575 3635 ollicio
1602 3587 1629 3634 ut
1657 3578 1752 3635 inutile
1776 3596 1865 3635 mem-

1058 3670 1141 3725 brum
1166 3676 1207 3725 est
1222 3666 1360 3725 eiciendus
1375 3676 1402 3723 et
1425 3666 1458 3721 ab
1484 3667 1604 3723 amicitia
1628 3676 1724 3723 nostra
1750 3669 1863 3739 penitus

1058 3752 1242 3827 proiciendus.
1272 3754 1367 3807 llanns
1392 3751 1497 3819 dextra,
1519 3767 1568 3823 per
1598 3768 1676 3824 quam
1704 3768 1863 3823 operamur,

1060 3851 1101 3899 est
1113 3850 1192 3914 pater
1206 3840 1250 3898 vel
1265 3848 1353 3896 mater
1367 3848 1413 3895 aut
1427 3856 1496 3896 uxor
1506 3840 1548 3895 vel
1557 3840 1669 3912 quilibet
1677 3840 1866 3899 amicissimus

1060 3948 1110 4005 per
1125 3946 1194 4003 quos
1209 3930 1237 3986 in
1251 3928 1378 3989 carnibus
1398 3930 1535 3998 juvamur.
1563 3928 1608 3985 liii
1634 3928 1657 3984 si
1686 3944 1736 3985 nos
1763 3929 1865 4002 aliquo

1061 4021 1142 4077 modo
1158 4018 1315 4077 aconvirio
1331 4024 1460 4074 revocent
1474 4016 1549 4075 zelus
1564 4018 1615 4075 Dei
1630 4033 1678 4075 eos
1695 4018 1800 4074 anobis
1810 4019 1866 4073 ab·

1061 4109 1147 4166 scidat
1161 4118 1186 4165 ει
1200 4107 1299 4179 procul
1314 4122 1330 4162 a
1346 4106 1491 4163 sedulitate
1507 4106 1617 4163 abiciat.
1635 4106 1696 4174 Pes,
1713 4122 1761 4179 ρει
1779 4124 1866 4181 quem

1062 4207 1204 4271 portamur
1219 4204 1263 4253 est
1277 4194 1390 4268 quilibet
1404 4194 1542 4264 subjectus
1564 4212 1613 4268 ρει
1628 4212 1707 4268 quem
1717 4195 1745 4251 ia
1761 4212 1865 4253 neccs-

1062 4287 1140 4343 sariis
1155 4286 1217 4343 rita
1231 4292 1423 4341 sustentamur.
1440 4284 1490 4343 llic
1504 4284 1526 4339 si
1541 4285 1661 4357 quolibet
1675 4286 1757 4341 modo
1781 4300 1833 4341 nos
1850 4303 1867 4342 a

1061 4390 1139 4433 coena
1155 4375 1205 4430 Dei
1216 4373 1337 4446 impedit,
1354 4381 1396 4429 εει
1409 4374 1490 4429 uobis
1505 4372 1672 4439 evellendus,
1689 4382 1715 4431 et
1736 4389 1753 4431 a
1780 4374 1866 4430 lami-

1060 4464 1177 4519 liaritate
1193 4471 1286 4519 nostra
1299 4462 1396 4532 procul
1405 4461 1607 4518 excludendus.
1623 4463 1705 4519 llulto
1716 4462 1790 4519 enim
1802 4480 1867 4519 me-

1063 4554 1114 4609 lius
1129 4566 1170 4610 cst
1187 4552 1301 4607 ano'ts
1316 4551 1357 4607 bis
1373 4550 1474 4606 saltari
1489 4567 1569 4624 quam
1585 4566 1646 4607 cum
1668 4550 1711 4607 bis
1729 4561 1867 4625 perpetuo

1063 4642 1120 4715 igni
1135 4640 1270 4713 deputari.
1289 4640 1360 4695 Nam
1375 4639 1420 4711 qui
1436 4640 1529 4695 talium
1545 4639 1649 4696 amicus
1664 4647 1714 4705 est,
1736 4640 1869 4698 iuimicus

209 4708 272 4764 litas
287 4716 314 4765 el
327 4710 437 4767 ludaeos
451 4711 591 4770 deerrare
605 4716 715 4788 scriptis
732 4726 759 4773 et
774 4719 852 4775 dietis
876 4736 1008 4778 correxe—
1064 4731 1113 4788 Det
1128 4729 1299 4789 constituitur
1313 4728 1383 4799 (tac,
1400 4728 1458 4799 rv);
1473 4738 1501 4784 et
1515 4727 1560 4801 qui
1572 4728 1614 4783 iris
1627 4728 1783 4787 hominibus
1802 4730 1868 4803 pta.

206 4805 281 4853 1'011‘·
297 4797 340 4853 flii
354 4814 492 4871 pauperes
504 4810 581 4857 “³¹¹²
604 4805 667 4876 qnia
688 4808 728 4863 Vis
730 4808 829 4864 [1¹¹5le
857 4810 1007 4880 Csslebssssll
1064 4828 1117 4888 cet,
1134 4819 1269 4877 contusus
1283 4833 1299 4873 e
1313 4818 1371 4873 Deo
1387 4818 1538 4889 spernitur.
1551 4814 1604 4887 Qui
1612 4818 1703 4873 villam
1715 4819 1780 4875 emit
1788 4828 1831 4875 est
1840 4820 1868 4876 is

210 4885 316 4943 debilefl
330 4888 474 4945 ellilefflssi
488 4892 550 4964 tillia
564 4894 642 4949 viciis
654 4894 838 4967 languebanlt
855 4900 920 4955 θεοί
931 4909 1010 4955 etant
1066 4910 1112 4983 qui
1126 4907 1243 4965 terrenis
1258 4915 1360 4963 tantum
1377 4906 1460 4963 lucris
1474 4906 1690 4963 inservitetideo
1699 4922 1714 4963 a
1724 4924 1803 4965 coena
1814 4908 1868 4967 Dei

212 4975 276 5047 quia
295 4977 714 5071 ⁸0⁰⁵1lm1035811011lideb8ss23
731 4986 1010 5059 claudifuertnl‘tuit
1065 4996 1177 5055 recedit.
1194 4994 1247 5065 Qui
1261 5003 1350 5051 autem
1366 4994 1484 5067 quinque
1497 4994 1561 5067 juga
1571 4994 1726 5051 boumemit
1737 5004 1763 5051 ει
1773 5011 1868 5068 capro

212 5059 315 5160 “litim
330 5060 383 5117 ⁰³¹
396 5078 426 5119 ¹⁸³
437 5063 582 5134 induem&
603 5076 665 5137 ll⁰⁵l
686 5069 761 5125 1⁶0¹st
786 5071 1004 5129 declinaverant.
1065 5083 1131 5139 bare
1146 5081 1221 5146 abiit,
1238 5088 1278 5135 est
1294 5080 1316 5134 is
1332 5078 1377 5151 qui
1394 5078 1414 5133 ll
1431 5079 1662 5149 sensuscorpcris
1673 5094 1719 5152 ρει
1730 5078 1867 5135 binarium

212 5149 261 5205 ΗΝ
276 5150 439 5207 ¹⁰¹l⁰dl¹⁰¹i⁸
452 5151 542 5210 ¹²thss
553 5153 631 5213 ¹⁰0¹¹⁵
646 5164 735 5224 lacti,
750 5167 777 5213 et
791 5159 918 5216 domiuus
928 5178 1008 5219 servo
1060 5172 1169 5245 jugatos
1178 5169 1212 5225 ab
1223 5168 1327 5225 alienos
1338 5176 1415 5223 actus
1427 5167 1592 5223 scrutandos
1602 5166 1732 5225 convertit
1740 5175 1766 5223 et
1778 5185 1870 5225 acon-

209 5239 287 5337 [ΠΜ
302 5246 330 5294 ⁰²
345 5238 374 5333 5¹¹,
388 5239 444 5295 vias
459 5251 486 5336 e}
500 5258 581 5315 “ies
596 5254 673 5301 ‘³¹⁰³‘
688 5247 825 5303 ‘misam
842 5250 1002 5321 θθῖΰΡθῙῙΕῑ·
1063 5260 1135 5316 rivio
1150 5258 1200 5315 Dei
1214 5256 1334 5311 divertit.
1346 5256 1423 5312 Unde
1433 5254 1533 5328 legitur
1548 5254 1620 5327 quod
1630 5255 1698 5309 Dina
1706 5252 1761 5310 lrlia
1772 5256 1861 5313 iacob

214 5337 316 5379 ”mus
330 5341 375 5421 ‘iffi
391 5322 425 5380 de
441 5326 492 5381 ‘4¹⁵
512 5336 538 5381 et
561 5329 672 5401 ⁵⁰Pib1¹⁵
700 5330 805 5389 imme
832 5335 1007 5405 c0¹¹1llenitur
1065 5349 1159 5406 ridere
1173 5346 1303 5402 mulieres
1319 5343 1438 5416 regionis
1452 5342 1524 5398 illius
1538 5342 1677 5415 egreditur
1691 5344 1867 5401 etaSichem

213 5409 373 5485 impelii]
388 5420 429 5468 ⁰⁵²
444 5414 513 5471 ⁰¹⁶⁰
528 5418 714 5489 ⁸P⁰Si⁰i⁰l¹¹¹¹l
730 5419 776 5492 (lui
790 5421 824 5477 de
834 5422 917 5480 ³0⁰ii⁵
927 5431 954 5480 θῑ
971 5424 1011 5479 ri·
1064 5436 1189 5510 principa
1203 5432 1326 5507 regionis
1341 5432 1505 5507 opprimitur
1519 5430 1602 5503 (den.
1621 5433 1732 5503 xxxiv).
1750 5432 1864 5502 Penset,

213 5506 286 5562 tibus
299 5505 446 5580 gentilibus
460 5512 561 5571 multus
574 5513 602 5572 iu
617 5516 728 5573 domum
740 5517 792 5577 Dei
804 5518 929 5594 collegit.
953 5521 1010 5581 via
1064 5540 1169 5599 queso,
1185 5532 1275 5581 restra
1291 5522 1449 5581 iraternit-es
1481 5536 1562 5594 quam
1588 5536 1673 5595 grave
1702 5518 1803 5579 vicium
1831 5526 1865 5580 sit
