3942 6067
131 268 182 328 829
503 272 690 336 montitii
706 276 896 337 Ecctssstm.
916 306 950 321 -
971 275 1020 334 nit
1037 276 1251 337 nativitem
1269 275 1405 338 Domi.
1733 284 1786 339 did

163 394 262 465 Nona,
278 395 434 469 karissimi,
447 406 556 473 oportet
575 416 626 459 ros
644 416 728 459 orare
749 416 801 477 pro
822 402 865 458 iris
884 398 972 475 quid
1022 401 1142 475 Fratres,
1157 402 1221 477 quia
1236 401 1376 478 Soriptora
1390 402 1477 462 dicit:
1496 406 1549 477 Qui
1564 420 1616 481 pro
1631 403 1688 465 olio
1702 410 1786 479 roqot

128 484 251 543 manime
271 492 365 543 restra
385 488 509 561 indigent
530 489 674 560 oratione,
695 506 746 563 pro
764 492 808 548 his
826 491 931 549 scilieet
984 495 1110 567 seipsum
1121 494 1234 562 literni,
1247 509 1314 567 rogo
1329 506 1378 551 voa
1393 499 1423 549 ut
1437 492 1529 552 velitis
1541 494 1622 551 etiam
1636 509 1718 552 orare
1731 508 1783 569 pro

129 574 176 647 qui
202 575 303 632 mortui
326 582 397 649 sunt,
422 578 469 649 qui
492 594 545 636 nen
568 580 612 637 rel
638 580 739 637 bonurn
763 582 807 638 rel
827 580 931 638 mulum
982 599 1029 640 me
1042 581 1146 641 misero
1159 582 1417 659 quipraeomnilros
1430 583 1586 641 hominibus
1601 582 1701 641 vestris
1715 600 1783 658 pre·

128 662 222 721 iecere
253 674 387 737 possunt:
412 666 478 739 quie
502 666 572 725 aient
600 684 670 743 aqna
701 684 785 741 super
808 670 884 727 ilium
906 668 930 726 si
984 672 1062 731 eibos
1077 673 1213 746 precipue
1226 673 1347 748 indigeo,
1362 683 1392 731 nt
1405 674 1528 733 elemena
1550 673 1680 749 dignetur
1700 673 1783 730 hodie

127 750 284 811 effundetur
298 754 344 828 qui
359 754 466 830 inique
480 758 799 832 mererenitsgsndsnt
812 758 853 815 illi
868 754 932 816 eom'
984 759 1149 819 suentisium
1162 762 1293 821 erotesis
1306 764 1342 821 de
1356 763 1484 820 menibus
1505 760 1575 819 meis
1598 762 1737 833 suseipere
1755 768 1784 819 et

126 841 267 899 orationes
290 850 337 899 eut
359 842 525 903 elemosinas
552 854 615 919 post
638 862 687 905 sos
708 847 828 915 mittitis,
852 854 878 905 et
901 846 930 905 in
982 849 1134 923 meipsum
1148 848 1377 908 sinisaerideium
1391 850 1507 919 eiicere,
1524 858 1552 908 et
1565 850 1783 925 omniapeoeata
1911 848 1918 855 '

126 928 227 1003 primis
250 930 438 1007 unusquisqne
461 940 580 992 restrum
599 950 650 1009 pro
663 944 751 1008 patre,
766 950 816 1009 pro
830 942 926 1001 matre,
982 954 1043 997 mee
1065 937 1094 995 in
1117 940 1170 997 lrse
1183 938 1238 995 vite
1250 937 1355 1012 possim
1370 940 1517 997 emendare
1540 946 1567 997 et
1588 946 1781 1015 postmortem

124 1034 177 1091 pro
191 1019 309 1093 eonjuqe
324 1036 382 1087 sne,
396 1036 448 1093 pro
462 1020 534 1093 illlis,
546 1040 597 1097 pro
608 1022 747 1095 iratribus,
758 1040 810 1098 pro
825 1024 929 1082 sorori·
982 1028 1125 1087 nobiseum
1139 1028 1166 1084 in
1182 1042 1305 1101 superne
1318 1028 1411 1101 gioria
1424 1028 1559 1087 exultare.
1578 1028 1681 1086 Amen.

124 1106 186 1176 ltus,
200 1124 250 1181 pro
265 1109 389 1182 cognatis
400 1110 532 1169 etamiris
542 1113 609 1181 suis,
623 1113 723 1171 deinde
736 1130 786 1187 pro
800 1112 926 1175 omnibus
1015 1118 1105 1184 Nure,
1122 1115 1269 1183 karissimi,
1286 1116 1370 1174 eorda
1385 1124 1477 1175 restrs
1490 1125 1518 1174 et
1531 1132 1631 1174 manus
1644 1117 1680 1174 sd
1693 1113 1781 1177 neunt

123 1196 171 1270 qui
196 1196 275 1255 meis
298 1198 473 1257 haereditates
507 1216 573 1258 sues
601 1201 786 1276 reliquerunt,
809 1210 855 1260 aut
878 1202 926 1276 qni
979 1204 1078 1274 levate,
1092 1212 1123 1261 ut
1136 1222 1189 1279 pro
1203 1203 1247 1261 iris
1262 1206 1390 1263 omnibus
1408 1205 1539 1279 dignetur
1561 1220 1611 1264 ros
1633 1206 1783 1264 elementer

124 1284 204 1343 robis
219 1285 331 1362 aliquod
348 1288 450 1345 bonnm
474 1288 677 1363 impenderunt,
697 1298 741 1349 nui
759 1307 790 1347 se
810 1290 837 1348 in
859 1306 925 1349 orn-
980 1293 1122 1360 exaudire,
1135 1300 1165 1350 nt
1180 1293 1214 1365 (i·
1228 1295 1262 1351 ἥ
1277 1294 1590 1368 minimissriviurem
1606 1310 1687 1369 quam
1709 1307 1782 1353 nuno
1881 1283 1885 1291 ’

123 1374 215 1433 tiones
238 1384 348 1433 vestras
370 1379 646 1447 commendaverunt,
671 1388 698 1436 at
721 1396 773 1453 pro
797 1381 925 1437 omnibus
978 1383 1060 1459 agitis
1072 1392 1137 1456 post
1151 1399 1214 1441 enm
1231 1384 1338 1459 augelis
1351 1384 1410 1441 aine
1424 1384 1478 1441 line
1492 1384 1522 1440 ln
1535 1383 1580 1440 ille
1595 1383 1685 1459 glorie
1706 1384 1781 1442 eele-

124 1480 245 1538 quorum
268 1482 385 1541 corpora
399 1466 444 1525 irio
458 1468 634 1543 requiescunt
657 1474 683 1525 et
704 1468 831 1527 omnibus
853 1468 924 1527 ilde·
979 1471 1064 1530 bretis
1080 1488 1162 1546 quam
1176 1488 1228 1531 nee
1242 1473 1339 1532 oculus
1353 1474 1430 1546 vidit,
1446 1488 1497 1532 nee
1510 1474 1586 1529 auris
1597 1470 1710 1540 sudirit,
1726 1486 1781 1530 nee

120 1550 195 1610 iilros
209 1552 355 1626 ddunetie,
371 1564 399 1611 ut
415 1556 489 1613 lieus
502 1558 687 1630 omnipotens,
712 1558 758 1631 qui
779 1558 862 1615 noluit
878 1558 924 1615 li·
978 1560 1006 1620 in
1025 1578 1073 1622 eor
1087 1562 1205 1619 hominis
1218 1562 1353 1633 escendit,
1365 1578 1447 1636 qusm
1461 1560 1781 1636 praeparsritlteusdili·

120 1642 188 1699 lium
202 1658 281 1700 nrum
295 1658 346 1718 pro
367 1644 408 1702 eis
431 1644 516 1715 mori,
541 1646 673 1721 dignetur
696 1663 742 1705 eas
766 1646 850 1704 hodie
873 1662 925 1720 per
977 1647 1110 1721 gentibus
1125 1663 1156 1704 se
1169 1646 1197 1719 (l
1204 1646 1265 1705 dor.
1281 1649 1324 1720 tt).
1339 1648 1390 1704 ldis
1403 1661 1476 1705 nune
1490 1662 1589 1720 preces
1603 1653 1710 1703 vestras
1724 1647 1781 1704 alta

120 1739 227 1789 vestras
242 1731 381 1791 orationes
395 1734 431 1791 ab
446 1735 522 1791 omni
536 1751 618 1809 prena
633 1744 658 1794 et
674 1734 767 1793 dolore
777 1736 922 1793 absolvere
937 1758 965 1821 B
979 1752 1046 1795 moe
1061 1735 1131 1793 ierte
1145 1736 1180 1793 ad
1194 1734 1305 1804 omium,
1322 1744 1349 1794 et
1363 1743 1471 1795 oanmta
1487 1735 1515 1793 in
1535 1734 1619 1792 laude
1633 1732 1685 1792 Dei
1699 1748 1708 1793 t
1724 1737 1779 1813 ily·

120 1828 146 1880 et
161 1821 190 1879 in
204 1828 307 1879 aeterna
321 1824 456 1898 persdpsi
471 1826 628 1885 emoenitete
649 1826 801 1884 oollooare.
827 1828 927 1889 tmen.
979 1826 1134 1900 rislepson.

158 1947 194 2012 Si
221 1948 339 2013 nimius
360 1950 451 2031 algor
476 1950 603 2027 hiemis,
625 1960 680 2015 aut
703 1970 839 2031 magnus
861 1952 947 2017 oelor
969 1950 1091 2017 estatis
1113 1950 1266 2093 impedit,
1290 1950 1342 2015 vsi
1364 1949 1491 2033 aliquod
1517 1950 1780 2032 impedimentum

119 2026 294 2107 obvenerit,
311 2032 466 2111 tuncjam
481 2032 566 2093 diets
581 2033 702 2108 omitte,
719 2039 751 2095 et
766 2030 854 2096 linito
869 2050 1016 2099 sermone
1031 2031 1149 2093 hennil
1173 2050 1223 2095 ern
1246 2033 1295 2095 eis
1317 2032 1473 2111 praedicas
1489 2051 1496 2093 ε
1512 2030 1615 2095 Credo
1630 2034 1663 2095 in
1677 2032 1780 2099 Deum

117 2116 257 2191 petram,
274 2114 306 2173 et
320 2117 435 2175 cetere
451 2118 485 2173 ut
499 2112 530 2175 in
545 2112 699 2176 Pselterio
713 2112 925 2178 continentur.
941 2114 1012 2178 lion
1026 2112 1223 2195 subsequere
1237 2110 1319 2173 hane
1332 2110 1566 2175 confessionem

154 2243 229 2315 Quia
245 2244 301 2304 hoo
314 2245 353 2303 ite
366 2246 462 2314 eredo,
475 2246 539 2304 ideo
553 2248 688 2307 eontitaor
702 2247 881 2321 omnipotenti
896 2254 924 2303 et
976 2260 1023 2301 rne
1034 2245 1143 2316 insere,
1159 2250 1190 2300 ut
1202 2244 1262 2301 ltsro
1274 2242 1367 2300 omnia
1378 2243 1405 2299 in
1419 2242 1470 2300 ista
1485 2243 1540 2301 sita
1554 2243 1659 2317 possim
1680 2260 1778 2301 emen·

116 2334 247 2389 omnibns
262 2334 366 2393 unuh
389 2336 441 2393 liei
464 2336 528 2410 qula
551 2337 666 2409 peceavi
689 2337 772 2394 nimis
794 2336 923 2394 omnibus
977 2334 1087 2391 derast
1104 2341 1167 2407 post
1186 2334 1260 2391 hene
1281 2333 1366 2390 ritem
1387 2348 1452 2391 eum
1474 2333 1515 2391 eis
1539 2333 1568 2390 in
1598 2340 1703 2392 reterns
1725 2333 1779 2391 rita

117 2420 218 2488 modis,
233 2422 337 2487 sertis.
354 2424 444 2493 lentis,
459 2426 634 2500 mindense,
644 2426 800 2494 voluntate,
810 2424 923 2484 etomni
977 2438 1108 2498 regnare.
1129 2427 1227 2480 tmen.
1247 2421 1462 2498 indulgentium.
1477 2424 1513 2483 tir
1527 2436 1625 2497 snpra.

116 2510 268 2584 iniquitate,
283 2512 347 2573 iden
359 2528 459 2586 pretor
471 2530 568 2575 ennea
591 2526 703 2575 modos
725 2524 755 2574 at
775 2516 924 2589 dignentur

156 2636 207 2701 nd
223 2656 334 2701 omnes
349 2656 513 2703 sermones
527 2640 626 2705 debes
640 2642 776 2725 primum
800 2656 927 2703 versum
949 2636 1060 2699 Latine
1085 2636 1193 2718 linqua
1217 2637 1426 2717 ponunoiare,
1452 2636 1525 2699 dein
1547 2638 1648 2721 patria
1670 2637 1778 2717 lingua

116 2718 297 2801 explanare.
313 2719 348 2781 Si
364 2720 500 2783 eeclesia
516 2723 610 2784 estin
626 2722 744 2785 honore
759 2723 859 2784 suncti
876 2718 1039 2800 Stephani,
1055 2718 1176 2798 poteris
1190 2716 1230 2779 de
1245 2732 1283 2779 eo
1298 2716 1516 2782 sermocinari.

152 2852 922 2929 meneaqmttutitrratursrtsttrudetsrtmptnr
978 2849 1084 2917 tielrst,
1108 2849 1213 2907 Paulus
1236 2858 1336 2907 eunus
1359 2850 1508 2908 “reddes
1531 2849 1666 2923 mahat.
1700 2849 1780 2911 Unde

113 2958 209 3018 proso
223 2942 382 3015 (Pressit
395 2945 671 3017 BeatusStrplrenus,
684 2942 922 3013 meminiretis
976 2938 1080 3011 sepius
1099 2939 1136 2996 de
1160 2938 1310 3011 Scripturis
1333 2939 1493 3013 questiones
1519 2940 1685 3009 monebant,
1707 2954 1780 3014 quss

115 3031 199 3090 ustis
214 3030 286 3091 rurs
298 3032 483 3100 maurus,
505 3034 539 3091 da
559 3033 686 3109 angustia
708 3034 790 3103 tirius
812 3030 922 3091 miserie
977 3028 1131 3100 Supianus
1144 3027 1482 3097 nobilitersolraltst,srd
1496 3026 1597 3088 Paulus
1606 3028 1781 3101 pertlnnoiten

115 3120 177 3179 ritae
193 3120 330 3180 litteratus
341 3132 401 3191 enit
417 3129 445 3181 et
459 3122 572 3195 Paulus,
588 3122 633 3197 qsi
649 3132 713 3179 tune
730 3130 789 3179 erat
809 3122 919 3194 impiua,
977 3116 1136 3175 reduebst
1153 3118 1290 3175 Praetereo
1302 3116 1435 3189 Staphsnr‘
1447 3118 1532 3177 decor
1545 3117 1692 3195 msqniilae
1705 3134 1779 3191 prns-

115 3224 168 3282 pro
182 3224 219 3269 es
232 3209 423 3285 munorum
432 3212 589 3271 toiersndaa
598 3220 641 3269 est
652 3211 779 3269 trsditns.
795 3211 923 3269 cirinus
936 3168 961 3233 G
979 3206 1096 3274 diutur,
1114 3222 1177 3265 sum
1190 3206 1366 3279 pniohritudo
1384 3207 1444 3277 sins
1464 3206 1573 3281 angelis
1585 3214 1772 3279 semperstm.

116 3300 462 3374 nsarquebannspsstor,
478 3301 573 3377 quide
587 3302 667 3361 eoelis
682 3302 755 3361 renit
776 3300 811 3359 nd
835 3308 924 3359 terras
1014 3297 1058 3355 Ro
1084 3303 1210 3368 ternpore
1233 3296 1369 3369 'lybanius
1390 3295 1550 3365 raipsetosa
1570 3304 1708 3369 proeerstr
1729 3296 1778 3370 qni

116 3388 253 3461 perditam
267 3404 349 3449 arear
370 3406 495 3464 querere
516 3400 543 3450 et
565 3390 706 3449 inventam
726 3390 847 3463 pmpriis
869 3390 917 3447 iru-
979 3382 1086 3443 diutine
1098 3384 1232 3457 hnpoore
1246 3384 1377 3443 laborans
1389 3399 1409 3441 s
1421 3385 1538 3445 medem
1551 3384 1645 3443 errari
1657 3401 1712 3443 aus
1723 3400 1778 3457 pn·

114 3478 383 3553 merissimam
397 3480 612 3539 nolestiaeuriar
620 3480 846 3551 reselrsra(l.se.
859 3478 922 3551 xv),
979 3481 1062 3531 teret.
1076 3474 1127 3532 Cui
1140 3488 1205 3532 eum
1228 3482 1303 3532 esset
1324 3474 1440 3532 relatam
1462 3475 1491 3532 in
1513 3475 1609 3537 tudes
1630 3474 1691 3532 tore
1715 3474 1777 3549 [pro

116 3584 167 3639 per
180 3582 261 3627 orem
276 3566 372 3642 inpurn
383 3570 467 3641 rapit,
480 3577 507 3625 et
520 3584 650 3627 eumaon
665 3568 752 3627 ndum
768 3568 924 3635 orem,sed
979 3562 1055 3638 ease]
1069 3564 1164 3621 leannt
1186 3563 1357 3621 nominatum
1378 3563 1528 3635 misum,
1544 3563 1660 3637 quinon
1673 3564 1777 3622 irerlts·

115 3656 199 3715 etism
212 3657 311 3713 oriens
325 3666 469 3731 pestorem
484 3658 616 3731 prnieeit.
633 3659 791 3731 Stephanus
805 3658 880 3715 enim
894 3666 926 3714 nt
977 3667 1039 3709 rum
1061 3651 1233 3709 sermione
1255 3666 1307 3709 nee
1329 3650 1397 3708 terri
1418 3652 1572 3718 inrisione.
1600 3652 1651 3709 wil
1681 3668 1778 3711 otum

114 3742 177 3799 oris
193 3749 252 3799 erat
274 3749 448 3813 mannulos,
469 3745 568 3801 lanius
591 3744 700 3803 mritis
722 3752 751 3801 ut
774 3744 855 3817 lapus
878 3742 925 3799 in·
976 3740 1158 3813 egritudines
1171 3739 1274 3797 biunde
1287 3739 1440 3812 depelleret
1463 3740 1522 3798 sois
1544 3740 1623 3797 serbi
1641 3740 1776 3811 iussione,

114 3830 237 3905 qmatus.
277 3832 333 3889 Sed
355 3848 420 3891 enm
442 3832 504 3891 oris
527 3834 673 3901 oeaubait,
699 3840 791 3905 pastor
815 3848 864 3899 pre
889 3846 924 3889 es
977 3830 1117 3902 quendam
1139 3828 1194 3886 sibi
1216 3844 1275 3901 prre
1297 3828 1407 3887 eniens
1421 3828 1450 3885 in
1463 3828 1778 3889 amisittsaenstriatum

113 3919 207 3993 ispum
223 3921 352 3979 restitnit.
377 3922 477 3981 Penios
500 3922 605 3997 quippe
626 3936 679 3995 pre
705 3938 795 3998 grege
818 3920 922 3979 Christi
974 3916 1005 3975 in
1028 3917 1153 3975 luderem
1172 3917 1338 3988 destinant,
1362 3915 1509 3990 preismm
1531 3917 1670 3976 maim
1688 3918 1726 3975 sd
1746 3934 1778 3976 se

113 4010 352 4085 pnetssaqu‘nsnr
366 4028 448 4070 anura
469 4011 602 4069 lundeltat
627 4011 674 4085 qni
699 4011 776 4083 prius
799 4010 826 4067 in
852 4025 922 4067 neea
976 4006 1129 4063 rorandum
1154 4004 1256 4064 addoni
1278 4005 1438 4079 imperarit.
1465 4005 1521 4077 Qui
1541 4020 1644 4080 magno
1665 4013 1777 4080 sumptu

114 4096 246 4171 Stephani
259 4099 467 4167 emsanrtatsm
492 4108 520 4159 et
545 4116 628 4174 quem
651 4100 716 4158 alirn
740 4116 805 4159 ourn
830 4098 922 4171 impiis
976 4088 1087 4165 nauigio
1102 4090 1131 4149 in
1144 4090 1265 4147 luderem
1288 4088 1473 4163 prefloiaeitur
1486 4106 1496 4149 t
1509 4092 1558 4149 sed
1573 4106 1591 4147 a
1604 4090 1707 4161 Pilato,
1728 4091 1776 4165 qui

113 4186 251 4259 repudiet,
267 4203 331 4245 enm
344 4188 397 4247 hor
411 4204 484 4249 nune
498 4190 526 4247 in
541 4190 633 4263 gloria
647 4198 809 4249 seoetorum
832 4188 922 4258 tripu·
976 4187 1042 4239 lunt
1063 4179 1257 4239 ffierttwlimit
1278 4180 1454 4253 timidum
1480 4195 1497 4238 ⁸
1527 4181 1658 4241 henneis
1680 4179 1775 4252 milii,

118 4276 184 4333 ω,
200 4276 430 4349 omnm,
444 4279 594 4347 105„me
612 4278 783 4337 mmm
807 4285 921 4337 mro.
975 4268 1098 4328 maxims
1120 4268 1196 4327 euitn
1218 4268 1381 4343 suseipimr.
1400 4270 1452 4327 cui
1476 4284 1541 4327 mos
1561 4269 1778 4345 leqstionisaasr

114 4360 460 4433 memineratis
475 4363 686 4421 eontnltmniunr
701 4362 857 4423 beatornml
873 4361 920 4419 nbi
975 4372 1090 4415 osseam
1110 4358 1251 4431 psteieoit,
1277 4360 1343 4433 quis
1362 4361 1458 4418 cunr
1480 4359 1619 4417 chriae·
1640 4360 1778 4419 medem

114 4450 205 4507 nnllss
216 4448 251 4507 do
265 4448 318 4507 n'ti
331 4450 410 4509 illata
423 4451 523 4525 iniuria
538 4460 643 4527 qureret
665 4453 809 4521 nidorem,
826 4452 920 4509 nulius
975 4462 1033 4505 ensa
1046 4446 1204 4520 praesentim
1215 4448 1343 4507 enirilrsri
1352 4449 1491 4521 prorepit.
1503 4449 1603 4508 Pilatus
1617 4451 1672 4509 lroe
1683 4450 1777 4509 andito

115 4539 162 4611 qui
187 4538 279 4595 intulit
302 4539 428 4610 injurium
451 4542 487 4601 ds
510 4550 640 4600 sonoris
661 4542 739 4599 rimer
755 4540 918 4613 improperii
932 4525 960 4597 D
973 4533 1331 4605 asparit,lmnonrortuanr
1343 4550 1407 4591 esse
1415 4534 1775 4609 indieanitdaeegstusraro,

114 4626 316 4685 contusionem.
334 4630 415 4687 Nune
429 4631 500 4687 enim
517 4630 616 4687 Paulus
630 4631 665 4688 de
675 4630 839 4695 lapidatione
850 4632 909 4689 Ste-
977 4631 1008 4679 ut
1021 4638 1113 4679 eum
1130 4623 1215 4681 Pilato
1224 4623 1385 4681 meatum
1393 4623 1684 4698 cognoritelreatnsn
1693 4625 1777 4695 maie

118 4714 203 4790 pharai
222 4731 278 4774 non
291 4719 501 4788 temnendatur,
524 4718 574 4776 aed
597 4719 752 4792 Stephanus
775 4721 810 4777 de
832 4719 912 4781 Pauli
976 4710 1055 4770 “⁸25⁸
1069 4711 1281 4786 immittit&
1295 4713 1422 4771 lidelmi
1432 4712 1776 4786 &mmmmm

117 4805 270 4865 salvatione
285 4816 312 4866 et
326 4808 466 4867 consortio
480 4808 644 4882 gratulatur.
660 4808 701 4865 ad
717 4810 788 4868 heus
802 4809 920 4885 glorium
975 4801 1057 4858 talem
1072 4801 1162 4860 titum
1174 4801 1258 4860 morti
1270 4802 1464 4872 l(lt’tltfietsssstir
1474 4802 1520 4875 (itti
1530 4810 1637 4858 tentum
1647 4800 1775 4872 reipubli-

115 4890 224 4963 impuiit
257 4892 355 4949 Paulus
391 4892 560 4967 Stephanum
585 4894 749 4967 lapidando,
782 4895 817 4952 ed
849 4896 919 4953 lane
973 4890 1160 4964 oaeprodease
1181 4890 1330 4964 potuisset.
1359 4891 1471 4959 Pilatus,
1486 4890 1624 4960 objectum
1638 4890 1773 4949 arimena

114 4978 195 5038 tresit
210 4980 367 5053 Stephanus
379 4984 490 5040 Paulum
504 4983 617 5041 orando.
628 4982 728 5040 Fertur
741 4983 776 5041 de
791 4984 831 5041 eie
843 4988 917 5059 quod
973 4994 1005 5035 ⁸0
1023 4978 1177 5048 dimovens,
1200 4979 1310 5036 ludim
1330 4978 1419 5051 ⁰¹¹¹?oe
1439 4978 1573 5047 in'Olllii
1597 4994 1628 5037 ὅθ
1650 4987 1773 5037 ⁰0⁰⁰¹l¹¹¹¹

116 5064 198 5123 ambo
212 5062 323 5122 luerunt
337 5066 452 5140 oollaqoe
469 5068 658 5125 ilierosolimia
679 5070 731 5126 sub
755 5069 916 5145 magisterio
971 5068 999 5124 in
1014 5069 1066 5126 lroo
1079 5068 1120 5126 eis
1135 5076 1303 5127 eonsensum
1318 5068 1469 5142 prebuisse
1484 5068 1635 5140 respondit.
1661 5068 1773 5125 Interim

116 5152 287 5225 Gamalielis,
302 5154 398 5229 (itt)
411 5156 566 5229 Stephanus
582 5156 724 5229 indigena,
741 5158 839 5217 Prulos
862 5168 914 5217 no·
970 5173 1034 5216 onor
1048 5157 1142 5232 laqnto
1155 5174 1172 5215 s
1184 5158 1278 5217 moltis
1298 5160 1384 5215 mults
1403 5157 1506 5215 Christi
1526 5158 1659 5217 mirasnle
1674 5172 1774 5215 nerm-

117 5258 196 5308 reua,
212 5242 295 5303 ambo
308 5244 449 5301 nobilitate
464 5252 491 5302 et
506 5244 638 5319 aspiertia
651 5246 750 5305 eximie
769 5247 915 5319 pollentes,
970 5256 1075 5314 rentur,
1090 5246 1211 5321 itemque
1225 5247 1325 5305 mortui
1339 5248 1374 5305 sd
1387 5247 1534 5321 imperium
1554 5247 1615 5317 rins
1636 5246 1773 5305 revixisse

117 5331 167 5389 sed
181 5332 305 5389 modone
318 5335 433 5391 multum
446 5334 518 5393 inter
531 5351 563 5393 se
578 5333 748 5393 differentes.
763 5337 917 5410 septenus
970 5334 1185 5403 affirmarentur,
1199 5336 1268 5395 dixit
1284 5354 1340 5395 non
1363 5339 1436 5395 ione
1456 5336 1605 5404 mediorum,
1619 5335 1672 5393 sod
1685 5336 1775 5395 mum

117 5420 252 5479 meameti
266 5421 351 5481 enimi
373 5431 402 5481 et
423 5424 567 5496 potientis,
588 5424 687 5481 i‘sulua
710 5424 810 5485 ieroels
834 5435 917 5499 etque
971 5424 1057 5484 iuiaae
1071 5442 1153 5500 quem
1167 5433 1310 5485 oonstaret
1323 5426 1438 5484 morosis
1460 5424 1546 5482 ritem
1569 5424 1695 5484 desiisse.
1713 5427 1772 5483 lta·

118 5509 264 5580 terrendo,
287 5512 443 5585 Steplnnus
470 5513 541 5571 lenis
565 5520 592 5569 at
614 5513 735 5573 ehndue
759 5514 788 5571 in
811 5516 915 5584 sarbia,
971 5530 1026 5587 qne
1039 5515 1270 5588 opponitludarie
1283 5514 1375 5573 Deum
1397 5530 1461 5573 osae
1482 5514 1606 5573 oeoisnm
1619 5514 1657 5573 sb
1670 5514 1729 5573 eis:
1746 5522 1774 5572 et

117 5599 218 5661 Paulnt
232 5600 332 5661 nimias
345 5610 375 5661 et
388 5604 538 5661 vehemens
549 5604 578 5660 in
595 5603 712 5678 eloquiis
726 5604 844 5663 aeerlris.
857 5606 918 5663 Ste-
970 5603 995 5661 ei
1007 5603 1044 5662 de
1057 5606 1111 5663 irae
1129 5604 1285 5676 obiectione
1299 5620 1353 5663 non
1368 5612 1480 5678 possem
1494 5620 1525 5663 aa
1540 5620 1670 5679 purgare,
1686 5611 1715 5663 et
1727 5608 1773 5678 lp-

117 5684 226 5756 plranus
239 5684 330 5759 legem
342 5692 370 5745 et
384 5688 532 5760 prophetae
545 5687 721 5761 spiritualiter
733 5688 838 5749 dixitne
851 5704 916 5747 aen-
967 5708 1020 5751 sos
1033 5692 1152 5753 dirersis
1165 5692 1309 5768 aopplieiia
1321 5693 1467 5753 damnare.
1475 5693 1573 5766 trae,
1583 5692 1774 5757 dommum
