3942 6067
130 285 182 337 *385
640 283 832 340 lilll‘OSl‘l'll)
854 281 887 336 ΙΝ
911 279 1067 334 Philotos
1086 283 1261 342 sublectos

1729 282 1781 337 286

130 406 229 458 loram.
258 402 329 472 Quia
356 401 502 474 multiplex
525 411 567 459 est
596 411 642 462 tua
668 405 869 470 misericordia,
900 411 928 458 et
943 403 970 461 Α
987 405 1057 460 llors
1075 408 1149 462 enim
1172 419 1214 464 ost
1241 425 1321 482 pram
1349 408 1464 480 peccati,
1495 423 1555 480 quan
1583 422 1600 462 a
1628 406 1785 478 parentibus

130 508 233 566 magna
249 507 311 548 mea
335 491 456 558 miseria,
483 493 517 548 ud
546 494 659 550 modurn
682 503 734 550 tuan
761 493 852 549 multa
878 491 931 546 rni-

128 582 279 640 serationis
293 581 355 638 dele
370 581 584 652 magnitudinem
610 599 678 639 mern
701 583 865 660 iniquitatis.
886 582 930 638 Si-

127 671 253 730 militudo
268 671 384 728 trabitur
405 686 423 725 a
443 687 516 738 cera,
541 673 583 728 cui
603 673 736 745 impressa
766 680 808 729 est
835 671 931 728 delor-

128 761 182 816 rnis
196 762 299 834 imago,
318 775 373 835 qua
396 760 484 816 deleta
508 761 673 820 reformatur
694 779 759 820 cera
782 763 815 817 ad
839 761 931 834 expri-

129 850 259 906 mendam
289 850 430 922 pulcbrnm
455 849 603 922 imaginem
622 867 628 907 :
644 851 689 908 ille
713 867 832 924 namque
857 851 932 906 solus

126 940 152 994 iu
168 939 240 994 libro
254 938 315 994 ritas
338 937 483 1008 scribetur,
501 940 581 1008 cujus
605 941 694 996 orariis
720 940 852 1014 iniqnitas
876 939 928 994 dc-

129 1030 214 1084 letur.

161 1154 248 1207 Vnae.
265 1153 291 1208 t.
306 1152 480 1226 -2lnapiiur
497 1155 560 1212 lora
573 1171 617 1210 nar
633 1156 666 1210 nh
683 1157 841 1230 iniquitate
856 1169 927 1210 mre.

128 1241 208 1296 Prius
221 1240 320 1298 lavasti
337 1257 381 1298 me
397 1242 431 1298 de
447 1241 523 1298 lento
539 1243 720 1316 baptismatis,
743 1245 800 1313 jam
815 1242 932 1314 amplius

125 1331 188 1386 lara
203 1347 247 1386 mc
269 1331 304 1385 de
328 1330 401 1387 tonte
423 1329 621 1403 lacrymarum.
650 1335 684 1388 h't
699 1350 716 1388 n
731 1337 844 1404 perroto
869 1347 930 1387 mro

127 1419 235 1476 aranda
250 1436 304 1476 aas.
331 1419 438 1476 Larasti
461 1437 504 1476 me
526 1421 552 1476 in
577 1421 714 1494 baptismo
734 1422 769 1476 ah
793 1419 929 1492 originali,

126 1508 231 1564 munda
247 1523 292 1565 me
306 1525 379 1566 nunc
397 1526 412 1564 a
427 1520 540 1581 peceato
556 1513 667 1568 actuali.

162 1635 250 1692 l'naS.
267 1637 297 1689 5.
311 1665 345 1675 -
362 1635 500 1704 Quoniam
516 1637 698 1710 iniquitatem
715 1655 808 1694 rarenm
824 1653 870 1710 epo
885 1652 930 1692 cc·

125 1739 239 1795 patesco.
257 1721 323 1778 ideo
336 1729 364 1778 tn
378 1723 502 1796 ignosce,
519 1723 583 1796 quia
598 1741 652 1798 ego
672 1725 800 1798 lacrymis
819 1725 928 1797 punior,

125 1812 189 1867 ideo
205 1821 232 1866 tu
249 1811 470 1868 misericorditer
483 1828 578 1884 parce.
603 1815 638 1870 Ei
661 1818 809 1884 peccatam
833 1831 929 1870 narem

126 1905 229 1957 contra
244 1918 289 1958 ma
304 1905 346 1958 est
363 1917 473 1973 semper
488 1921 496 1958 :
513 1902 566 1958 hoc
581 1911 632 1969 est,
657 1902 735 1976 quasi
754 1903 844 1976 imago
860 1903 928 1957 bor-

127 1989 216 2045 ribllis
231 1997 286 2045 stat
301 1997 398 2046 contra
410 2005 465 2059 me,
479 2007 560 2064 quam
575 2007 684 2064 semper
698 1991 799 2064 apertis
814 1999 840 2047 et
854 1991 929 2048 elau·

127 2079 164 2132 sis
178 2077 270 2134 oculis
285 2078 401 2150 aspicio,
418 2087 446 2134 et
459 2080 566 2136 orando
581 2089 608 2136 et
623 2080 757 2149 plorando
771 2080 928 2136 annihilare

126 2169 221 2240 cupio.
255 2167 389 2240 Superius
411 2167 512 2225 dicitnr
527 2187 533 2224 z
551 2171 674 2242 Anguem
695 2175 721 2227 tr
744 2174 772 2226 rt
801 2174 929 2226 staturam

125 2261 245 2328 peccota
261 2261 363 2314 contro
378 2259 482 2330 [celem
498 2263 579 2314 tuom
593 2260 680 2329 rPsol.
698 2262 777 2328 arax)
789 2274 795 2312 :
808 2260 860 2314 hoo
874 2273 928 2329 pro·

127 2345 222 2401 nitens
238 2355 424 2418 praecerpsi,
441 2347 554 2418 alponis
571 2355 714 2420 pecccatum
733 2365 812 2404 sunm
831 2356 929 2404 eontra

128 2451 156 2490 ss
173 2450 285 2506 sempor
299 2435 364 2490 illud
381 2435 519 2506 aspiciens
534 2445 561 2492 ct
579 2437 646 2491 illud
669 2437 786 2493 dellens.
807 2439 856 2493 Est
876 2452 927 2491 au-

127 2531 182 2580 tom
199 2539 265 2579 aera
281 2524 439 2596 peonitentia
454 2533 480 2582 et
494 2525 642 2582 commissa
655 2525 768 2594 dcllere,
785 2533 812 2582 ct
826 2525 929 2582 dellen-

127 2613 162 2668 da
177 2628 232 2669 nou
249 2613 433 2669 committere.

162 2738 229 2794 Ideo
244 2746 271 2792 te
286 2753 336 2794 oro
360 2738 426 2812 quia
451 2740 547 2809 tl'sns.
566 2741 594 2802 6)
620 2741 669 2796 tibi
689 2741 744 2796 soli
766 2742 878 2812 peccaui
902 2745 929 2796 et

127 2824 236 2878 molum
252 2839 347 2880 earnm
361 2828 389 2880 te
402 2824 483 2895 seri:
509 2823 554 2896 qui
583 2823 659 2880 solus
683 2841 713 2880 es
731 2826 790 2880 sine
806 2833 930 2895 peccato,

127 2921 151 2966 et
167 2911 215 2982 qui
230 2911 307 2966 solus
329 2929 360 2966 es
384 2913 482 2968 honus.
510 2913 581 2970 Nota
600 2930 606 2967 :
625 2913 718 2985 ipsum
737 2912 932 2970 misericordie

127 3009 280 3070 parentam,
297 3000 402 3058 scilieet
425 3001 564 3058 Christum
580 3001 752 3074 alloquitur;
768 3017 864 3057 omnes
881 3003 931 3057 bo-

127 3088 215 3144 mines
238 3087 350 3146 vinculis
377 3097 553 3162 peecatorum
578 3091 718 3148 constricti
742 3098 879 3154 tenentur,
901 3105 968 3188 tuC

126 3178 201 3234 solus
214 3195 246 3234 es
262 3195 342 3234 rerax
356 3185 382 3234 et
399 3179 504 3246 justus.
530 3182 564 3237 ιί
579 3180 752 3250 justificeris
774 3183 804 3236 in
822 3196 929 3237 aermo-

126 3269 209 3324 nihas
237 3267 303 3336 tais,
329 3283 391 3326 cum
404 3267 504 3324 dicas:
525 3269 645 3338 Quiane
669 3267 748 3326 colis
764 3275 865 3340 orgari
887 3287 930 3326 mc

127 3357 159 3412 dr
175 3357 314 3430 peccato?
330 3357 424 3414 tionn.
446 3359 506 3428 rm)
523 3361 550 3412 ol
565 3358 696 3430 propbeta
712 3359 747 3414 de
767 3365 803 3424 te,
829 3374 930 3430 peeca-

128 3455 182 3500 tum
212 3461 266 3501 non
291 3445 372 3510 lecit;
390 3455 415 3501 et
433 3464 439 3501 ε
457 3447 589 3518 Princeps
614 3447 809 3504 natandirenicl
835 3447 868 3502 ud
893 3456 929 3517 te,

125 3543 149 3588 et
166 3533 232 3589 nihil
248 3533 283 3590 de
298 3552 347 3590 suo
362 3535 481 3591 inveniet
501 3537 596 3602 (ioan.
623 3536 697 3598 xrrl.
718 3537 753 3592 Fi
773 3539 869 3592 cincus
881 3537 928 3606 ju-

125 3624 199 3678 stitia
230 3639 327 3680 ornnes
354 3625 488 3692 laonriues,
506 3642 562 3681 can
585 3625 729 3698 jrrriirnris
758 3625 792 3680 ab
820 3623 927 3692 injustis

124 3713 308 3768 dicentibus:
326 3715 453 3770 deusest
470 3713 696 3785 rraorlislllntth.
722 3713 816 3782 xxrr);
835 3721 859 3768 et
877 3731 882 3766 :
900 3713 929 3769 Si

124 3799 168 3854 hir
187 3815 244 3854 aron
267 3803 341 3854 essct
364 3801 532 3871 arrrrlrsector
555 3815 612 3854 arara
636 3801 687 3855 tihi
711 3797 927 3854 tradidisscnras

124 3905 191 3943 erran
207 3889 289 3957 {ioan
305 3889 402 3960 sarni.

157 4012 246 4068 illiter
262 4031 269 4068 :
288 4014 346 4070 Tibi
360 4015 424 4080 soit,
440 4015 486 4088 qui
509 4029 539 4070 es
563 4029 662 4086 regum
677 4014 744 4079 ilex,
767 4014 880 4086 praecari
896 4017 924 4068 at

126 4103 235 4158 narrlnm
250 4119 346 4158 corum
363 4107 389 4158 ta
407 4103 473 4174 secl,
493 4104 540 4174 qui
563 4101 653 4158 ornain
672 4101 797 4173 inspicio,
820 4103 867 4175 qui
892 4104 926 4158 de

125 4207 185 4246 nica
200 4191 285 4262 stirpe
302 4199 326 4250 ta
337 4191 504 4249 nasciturum
516 4190 677 4262 promisisti.
690 4191 743 4246 Sed
755 4207 827 4248 naue
838 4192 926 4248 curnis

123 4279 241 4351 populus
255 4279 318 4338 dicit
334 4297 341 4334 :
360 4281 398 4338 De
415 4281 498 4336 Darirl
518 4297 572 4336 non
588 4289 716 4337 nascetur
730 4281 864 4347 Circeius,
878 4284 925 4354 qui

124 4369 176 4424 tale
191 4377 332 4440 peccatum
349 4369 494 4436 conmisit,
511 4379 538 4424 et
551 4371 614 4428 ideo
634 4368 660 4425 br
683 4369 789 4426 irritum
804 4372 924 4442 promis-

124 4474 182 4512 sum
198 4465 275 4514 tuum
289 4458 316 4516 in
330 4459 462 4529 opinione
477 4457 628 4514 hominum.
645 4457 711 4516 ideo
727 4459 831 4516 dimitte
853 4477 919 4531 pec·
936 4483 961 4544 D

122 4551 213 4598 catam
230 4559 330 4610 meum,
341 4546 373 4598 ττι
383 4545 553 4613 iustificeris
564 4546 594 4599 in
605 4547 779 4602 sermonibus
791 4547 857 4614 iaia,
872 4546 921 4600 im·

123 4631 224 4702 pilando
239 4633 403 4702 promissum
418 4641 503 4700 turim,
520 4649 554 4688 ne
570 4633 651 4690 lulla<
664 4635 713 4690 scd
729 4649 811 4692 verax
833 4650 922 4706 apps-

122 4737 195 4788 reas,
212 4725 240 4778 ct
257 4723 353 4778 nitreas
368 4738 431 4778 corn
442 4723 584 4794 judiciarie
599 4738 615 4777 a
631 4723 785 4784 mundanis,
801 4739 855 4778 nors
870 4724 922 4780 de-

123 4813 190 4866 here
206 4819 233 4866 te
251 4810 365 4866 reddere
382 4819 541 4882 eapropter
560 4811 643 4870 multa
664 4821 775 4883 peccata
795 4827 855 4868 mea
873 4831 879 4866 :
896 4821 923 4868 et

122 4899 278 4968 manifesta,
293 4915 348 4956 non
363 4916 395 4958 aa
411 4900 514 4958 meritis
531 4900 609 4970 meis,
622 4902 669 4957 scd
685 4901 744 4958 sola
756 4899 860 4970 justitia
880 4910 923 4958 lua

123 5003 267 5044 sermones
283 4987 317 5046 de
332 4989 517 5060 promissione
533 4989 599 5046 andri
615 4990 685 5048 lucta
699 4989 757 5045 sore
776 4991 923 5062 camplon-

119 5077 183 5133 dos.
203 5077 245 5132 Tu
260 5077 335 5132 solus
345 5077 437 5147 justus
451 5095 481 5134 es
496 5078 523 5133 iu
540 5087 575 5146 te,
592 5078 636 5133 alii
649 5095 698 5150 por
713 5086 752 5134 te.

157 5203 244 5256 l'nas.
256 5205 284 5257 Ἰ.
296 5233 330 5242 -·
342 5203 412 5259 Ecce
423 5205 500 5259 anim
514 5205 543 5260 in
560 5205 759 5277 iniquitatibus
770 5209 922 5278 conceptus

122 5308 200 5346 carn.
215 5291 245 5346 ld
257 5299 298 5347 est
312 5291 338 5346 in
351 5292 476 5364 originali
492 5301 604 5365 peccato
618 5294 680 5366 quia
691 5311 787 5350 omncs
797 5295 824 5348 in
835 5294 921 5350 uldam

120 5389 307 5449 peccavarunt
329 5383 362 5437 st
372 5383 403 5438 in
413 5385 539 5456 percotis
551 5386 679 5457 concapit
691 5401 734 5441 nac
746 5390 840 5442 mrrter
849 5401 920 5444 meo.

117 5471 178 5524 Non
201 5479 261 5525 crat
287 5471 372 5527 David
394 5473 429 5528 dc
448 5471 583 5530 adulterio
602 5484 692 5537 natus,
717 5474 766 5530 scd
787 5475 820 5528 cle
844 5475 921 5530 lesse

117 5560 193 5625 justo
211 5561 269 5615 siro
285 5569 311 5616 at
327 5562 444 5634 conjuga
458 5562 561 5634 ipsius;
578 5579 628 5618 nec
639 5569 680 5620 est
691 5571 836 5635 peccatum
848 5580 921 5619 com·

117 5649 213 5704 mistio
234 5650 365 5721 eorrjugii,
391 5650 438 5706 scri
462 5649 527 5722 quia
548 5651 668 5706 mortalis
693 5652 728 5706 dc
758 5651 918 5722 parentibus

114 5745 297 5810 propagatur,
313 5738 410 5794 marito
424 5739 451 5794 in
466 5739 586 5812 peccatis
607 5739 714 5812 concipi
739 5749 915 5797 memoratur.

984 495 1062 564 qrsasi
1075 495 1221 554 hereditas
1247 498 1411 570 possidetur,
1441 498 1491 553 sed
1505 513 1556 568 per
1582 495 1783 567 eoncupiscen-

985 582 1048 637 tiam
1062 586 1155 640 carnis
1175 586 1356 643 ministratur.
1377 587 1500 643 Christus
1528 595 1620 642 autem
1649 585 1696 656 qui
1724 584 1784 638 siue

986 674 1210 746 concupiscentia
1223 685 1265 732 est
1279 683 1439 749 conceptus,
1456 676 1515 731 sine
1537 682 1652 746 peccato
1673 682 1716 729 est
1738 687 1787 744 ge·

985 770 1116 829 aeratus,
1133 765 1254 820 mortalis
1268 774 1362 823 autem
1380 781 1435 821 non
1456 773 1562 834 natura,
1584 763 1633 819 sed
1654 761 1791 818 uoluntate

986 851 1044 915 luit,
1060 852 1124 908 ideo
1135 854 1248 911 vincens
1263 856 1367 911 omnia.

1023 981 1106 1034 l'nus
1119 985 1149 1036 8.
1163 983 1274 1036 —Eccc
1289 983 1363 1037 enim
1378 982 1526 1038 raritatem
1537 979 1681 1034 dilexisti.
1700 977 1728 1030 hl
1745 984 1786 1034 est

987 1068 1192 1125 contessionem
1209 1087 1216 1126 :
1234 1085 1298 1127 ecce
1313 1079 1427 1142 apparet
1442 1069 1507 1144 quia
1524 1077 1551 1123 tu
1571 1066 1647 1139 prior
1667 1065 1784 1120 dilexisti

987 1156 1128 1214 acritatem
1143 1159 1169 1214 in
1194 1175 1237 1214 me
1252 1158 1352 1224 lacere,
1368 1157 1395 1214 id
1414 1169 1455 1213 est
1477 1157 1661 1230 cognitionem
1681 1155 1784 1226 peccati

986 1255 1012 1301 et
1027 1247 1223 1318 paenitentiam,
1237 1249 1340 1320 quintu
1356 1248 1430 1319 prius
1445 1264 1489 1302 nae
1504 1246 1623 1303 coluisti.
1635 1245 1745 1300 Incerta
1757 1248 1784 1299 ri

985 1338 1096 1392 occrrltn
1111 1340 1330 1412 sapientialem
1342 1337 1535 1409 rnrrrrisesiosli
1546 1335 1618 1390 milri
1628 1355 1637 1400 ;
1653 1332 1679 1388 id
1691 1341 1732 1388 est
1743 1350 1784 1390 re

985 1424 1083 1481 velasti
1096 1427 1161 1482 mibi
1177 1427 1308 1500 mysteria
1322 1427 1382 1482 Filii
1405 1427 1453 1493 tui,
1478 1441 1538 1498 quae
1563 1423 1656 1479 inultis
1674 1422 1785 1496 quidem

987 1514 1125 1583 revelasti,
1142 1517 1192 1572 sed
1206 1516 1273 1573 mibi
1287 1525 1362 1572 carta
1378 1514 1544 1580 monstrasti,
1561 1514 1650 1586 primo
1662 1521 1689 1568 ut
1701 1527 1785 1586 agno

984 1620 1091 1661 seerern
1106 1613 1131 1663 te
1146 1607 1246 1663 hahere
1258 1605 1374 1675 Filium3
1391 1605 1490 1661 deinde
1501 1612 1529 1659 ut
1540 1605 1628 1675 ipsum
1640 1617 1785 1658 uosecrern

984 1711 1019 1749 ex
1034 1694 1137 1750 semine
1152 1711 1214 1751 meo
1237 1702 1392 1759 venturum,
1405 1695 1445 1750 ita
1469 1701 1499 1748 nt
1512 1692 1668 1764 passionem
1684 1690 1743 1761 ejus
1757 1681 1784 1745 et

944 1764 971 1824 Β
985 1784 1216 1841 resurrectionem
1230 1785 1310 1856 qussi
1326 1785 1411 1841 visam
1423 1782 1648 1855 praenuntiarem.
1668 1781 1734 1836 ideo
1750 1798 1757 1834 :

1020 1907 1105 1964 Faus.
1117 1912 1143 1964 9.
1156 1941 1190 1950 ·-
1201 1910 1334 1984 asperges
1346 1927 1389 1967 me
1401 1911 1516 1982 laysccpo
1532 1910 1559 1963 et
1574 1905 1741 1962 rranndohor.
1755 1903 1785 1959 ld

984 2003 1028 2052 cst
1041 1997 1190 2052 naundabis
1206 2014 1249 2055 me
1262 2015 1310 2070 per
1334 1999 1495 2072 sanguinem
1511 1995 1570 2051 Filii
1587 1995 1646 2050 Dei.
1662 1994 1785 2050 ilistoria

985 2082 1131 2158 tangitur:
1150 2083 1280 2141 fasciculo
1303 2084 1419 2158 hyssopi
1449 2083 1649 2155 aspergebatur
1672 2081 1785 2154 sangnis

983 2187 1067 2242 super
1081 2173 1220 2243 leprosum
1236 2182 1264 2229 et
1278 2172 1395 2229 batradus
1421 2173 1515 2228 tiebat.
1536 2169 1656 2243 Sanguis
1671 2169 1722 2224 isto
1745 2169 1784 2224 si·

984 2257 1126 2333 gnillcarit
1141 2263 1306 2336 sanguinem
1320 2262 1379 2318 Filii
1396 2263 1455 2330 Dei,
1479 2278 1533 2334 qno
1555 2260 1657 2332 leprosi
1670 2273 1784 2330 corpore

986 2359 1013 2405 ct
1026 2349 1117 2405 anima
1144 2362 1207 2406 sunt
1228 2352 1364 2408 mundati.
1385 2351 1532 2424 Hyssopus
1551 2350 1637 2405 herba
1661 2364 1743 2420 parra
1759 2355 1785 2401 et

986 2440 1142 2510 reprimens
1162 2449 1298 2498 tumorem
1317 2441 1471 2512 pulmonis,
1491 2439 1627 2513 siguificat
1644 2437 1784 2493 bumilita-

986 2536 1041 2584 tem
1056 2529 1156 2585 Christi
1171 2530 1261 2602 quise
1276 2529 1374 2585 obtulit
1387 2532 1446 2586 Deo
1460 2547 1465 2585 :
1479 2531 1614 2600 hyssopus
1628 2526 1731 2582 dicitur
1746 2541 1786 2579 ra-

985 2617 1048 2674 dice
1062 2627 1165 2690 petram
1180 2625 1337 2690 penetrare,
1354 2635 1414 2691 quaa
1430 2626 1508 2690 petra
1522 2626 1563 2672 est
1578 2616 1711 2670 Christus.
1729 2616 1785 2669 Ln-

987 2707 1062 2762 ochis
1075 2724 1118 2763 rna
1128 2712 1155 2763 et
1167 2708 1529 2782 superabundandam
1540 2705 1566 2759 irl
1577 2702 1785 2775 estpnrilieabis

985 2811 1029 2851 nae
1046 2796 1276 2868 periclitationem
1299 2796 1427 2868 baptismi
1446 2805 1473 2851 ct
1487 2812 1537 2851 ero
1552 2794 1630 2849 albus
1644 2809 1726 2864 super
1740 2793 1784 2847 ni-

985 2881 1278 2937 aeo1.huimahabet
1304 2881 1451 2936 candorem
1479 2897 1557 2936 suram
1587 2879 1656 2933 sieut
1683 2892 1783 2948 corpus

988 2985 1068 3026 suum
1085 2988 1092 3023 z
1108 2978 1135 3026 et
1149 2969 1220 3025 inter
1235 2985 1332 3026 omnes
1353 2968 1476 3024 risibiles
1497 2977 1636 3025 creaturas
1656 2966 1723 3020 nihil
1741 2966 1785 3020 al-

987 3059 1049 3114 bius
1063 3066 1103 3113 cst
1118 3060 1191 3123 nire,
1208 3073 1388 3132 superquam
1411 3060 1438 3113 in
1467 3073 1583 3129 corpore
1612 3065 1654 3112 est
1680 3055 1784 3112 candor

984 3147 1093 3204 animm.
1114 3149 1148 3203 Et
1163 3157 1308 3221 postquam
1322 3150 1375 3205 hoc
1395 3147 1507 3204 leceris.

1021 3273 1108 3328 Vens.
1127 3277 1159 3328 ro
1175 3274 1300 3330 :trulitai
1313 3290 1374 3331 aneo
1389 3273 1466 3329 rlniis
1489 3273 1624 3343 paraliam
1648 3275 1677 3326 et
1707 3270 1782 3325 luli-

984 3362 1065 3416 ticin.
1083 3361 1213 3434 Superius
1228 3363 1319 3418 dixisti
1337 3381 1343 3417 :
1361 3362 1433 3419 :larii
1446 3363 1566 3434 populas
1590 3375 1667 3415 rurus
1688 3363 1716 3414 ri
1741 3360 1783 3414 le·

984 3467 1056 3522 pnnr
1071 3452 1159 3522 (l’ael.
1176 3454 1266 3521 xcix),
1277 3467 1342 3508 ecee
1358 3451 1442 3506 audio
1455 3449 1617 3506 obedienter
1632 3448 1696 3520 qum
1711 3463 1783 3519 prro-

983 3539 1079 3610 cipius,
1098 3555 1151 3596 nce
1176 3540 1345 3607 contradico,
1370 3549 1396 3597 at
1415 3539 1478 3596 hnic
1498 3537 1601 3594 ariditui
1620 3552 1681 3593 mco
1705 3537 1783 3591 dalnis

983 3627 1114 3700 gaudium
1130 3636 1157 3682 ct
1172 3627 1301 3684 laetitiam.
1318 3629 1453 3684 Gaudium
1478 3629 1594 3700 pertinet
1618 3626 1652 3682 ad
1676 3626 1782 3696 peccati

983 3715 1196 3780 ahsolutionem,
1218 3716 1310 3772 laetitia
1331 3719 1365 3773 ad
1389 3719 1519 3788 perennis
1543 3718 1605 3772 ritae
1627 3714 1783 3787 perceptio-

983 3820 1059 3860 nem.
1078 3805 1187 3860 Auditni
1203 3805 1332 3877 gaudium
1347 3815 1373 3862 et
1389 3806 1507 3862 loetilinm
1523 3805 1598 3860 dabit
1613 3805 1724 3876 quando
1738 3803 1782 3856 ali-

983 3901 1028 3948 cet
1040 3911 1046 3945 :
1060 3895 1165 3958 t'cnitc,
1178 3892 1318 3950 heraedieti
1331 3896 1428 3950 Patris
1439 3895 1503 3959 nrei,
1512 3896 1651 3967 percipite
1661 3908 1781 3961 regnum

983 3983 1092 4048 pilotria.
1105 3988 1185 4050 xxa),
1198 3991 1269 4048 cte„
1281 3983 1436 4055 auditabac
1447 3999 1513 4038 roco
1522 3982 1710 4040 exercitabant
1720 3995 1781 4034 osan

982 4071 1145 4136 bentilicta,
1162 4071 1266 4128 scilicet
1281 4071 1363 4126 animi
1385 4069 1558 4126 lirmamenta
1573 4070 1599 4124 in
1624 4068 1781 4141 prosilientia

981 4159 1135 4216 debilitata.
1152 4163 1202 4217 Per
1213 4176 1275 4216 ossa
1286 4161 1366 4216 etiarn
1379 4159 1539 4232 intelligitur
1550 4161 1617 4214 ratio
1628 4165 1654 4213 et
1665 4157 1780 4211 liberum

981 4248 1131 4314 arbitrium,
1148 4250 1175 4304 in
1197 4249 1323 4322 peccaris
1346 4249 1475 4306 inclinata
1492 4265 1498 4302 :
1514 4249 1574 4304 baec
1595 4245 1779 4310 exsultabunt,

981 4355 1042 4394 cum
1058 4340 1185 4394 restitues
1201 4339 1254 4395 rim
1277 4339 1389 4396 rationis
1408 4346 1433 4395 et
1455 4337 1608 4394 facultatem
1630 4336 1709 4392 liberi
1734 4352 1777 4389 ar-

981 4427 1068 4482 bitrii.
1094 4427 1163 4483 Dum
1184 4429 1256 4483 onim
1281 4431 1362 4485 bomo
1387 4429 1508 4500 precatis
1528 4427 1686 4491 delectatur,
1713 4423 1779 4479 ratio

977 4526 1136 4584 excecatur,
1157 4517 1271 4572 liberum
1290 4517 1432 4572 arbitrium
1453 4515 1670 4572 debilitatumve
1697 4513 1777 4568 audi-

977 4604 1014 4660 tui
1028 4621 1089 4661 meo
1104 4605 1153 4661 des
1167 4605 1294 4679 gaudium
1311 4613 1337 4662 et
1354 4605 1488 4660 laetitiam.

1016 4732 1099 4787 l'nas.
1113 4735 1155 4786 tl.
1168 4763 1200 4772 -
1210 4734 1310 4788 rloerte
1320 4733 1422 4804 fraciam
1439 4736 1519 4787 turam
1530 4750 1547 4786 n
1557 4734 1681 4804 pecccatis
1692 4731 1774 4786 racis.

980 4819 1064 4874 haurn
1079 4828 1193 4891 peccata
1208 4829 1299 4876 nostra
1313 4820 1437 4892 aspicere
1449 4821 1490 4875 rel
1501 4819 1641 4876 recordari
1656 4827 1697 4874 est
1707 4818 1777 4874 velle

978 4908 1092 4979 punire;
1109 4909 1205 4966 taciem
1220 4925 1236 4964 a
1250 4909 1370 4981 peccatis
1385 4917 1509 4966 arerterc
1524 4909 1567 4964 rel
1585 4908 1719 4976 oblivisci,
1736 4917 1778 4962 est

978 4997 1051 5053 troile
1064 4997 1170 5068 punire.
1182 5001 1315 5055 Ceterum
1330 5001 1404 5055 Deus
1418 5015 1528 5069 semper
1542 4998 1640 5071 aspicit
1655 4997 1777 5052 omnium

977 5087 1117 5143 bominum
1132 5096 1206 5144 actus
1230 5089 1273 5145 rel
1298 5090 1490 5160 cogitationes,
1507 5104 1558 5144 acc
1576 5103 1694 5158 unquam
1708 5087 1776 5142 obli-

977 5175 1102 5242 viscitur,
1118 5175 1161 5233 cni
1171 5177 1262 5233 omnia
1275 5181 1414 5248 praeterita
1429 5189 1457 5233 et
1471 5177 1558 5232 lutura
1574 5184 1637 5230 sunt
1653 5192 1775 5246 praesen-

977 5265 1027 5322 tia.
1046 5267 1082 5321 Et
1095 5282 1192 5322 ornasses
1206 5267 1375 5339 iniquitates
1389 5282 1468 5322 τττττττ
1482 5267 1562 5332 delc;
1579 5262 1731 5336 originales
1749 5272 1776 5320 et

977 5353 1098 5411 actuales
1113 5353 1186 5422 dele,
1200 5361 1252 5410 hoc
1266 5363 1310 5410 est
1324 5355 1438 5422 dimitte,
1455 5354 1518 5426 quia
1536 5353 1639 5410 crimen
1652 5362 1774 5408 nostrum

976 5444 1132 5498 admissum
1152 5443 1179 5498 in
1208 5443 1370 5515 quibusdam
1400 5444 1479 5515 qrrosi
1509 5442 1609 5498 tubulis
1637 5441 1773 5505 scribitur,

976 5534 1041 5589 dum
1056 5533 1149 5588 diviua
1164 5534 1257 5588 notitia
1272 5535 1440 5591 coratinelur.
1459 5535 1493 5588 lit
1509 5548 1562 5588 non
1586 5541 1691 5588 turrium
1707 5549 1773 5604 pec-

976 5630 1039 5679 cata
1051 5621 1167 5688 dimitte,
1183 5624 1232 5680 sed
1247 5623 1344 5680 etiarn.

988 5778 990 5781 -
1012 5746 1099 5801 vaus.
1119 5749 1164 5803 ti.
1185 5747 1389 5804 Carauantium
1404 5763 1469 5804 rreo
1491 5748 1523 5804 in
1538 5763 1592 5813 aar,
1610 5749 1695 5803 Dans.
1717 5745 1771 5813 Qui
