3942 6067
208 262 241 315 lib
471 342 475 347 ,
489 258 640 317 Honorati
658 257 912 320 AUGUSTODUN.
934 254 1012 313 OPP.
1028 251 1117 309 PARS
1126 254 1154 308 l.
1172 282 1207 296 -·
1218 250 1358 308 DlDASC.
1373 248 1420 305 ET
1434 246 1573 305 mslolt.
1820 252 1855 304 oo

209 398 264 457 quo
286 384 498 455 repercutiatur;
523 384 623 453 delicit,
640 392 666 441 et
680 384 834 443 deficiendo
857 382 1002 455 spissatur.
1022 379 1128 445 Amas,
1139 392 1200 434 cum
1216 375 1286 432 illud
1295 374 1428 448 preteriri
1437 374 1482 431 vel
1492 370 1706 445 cppropinqncri
1718 372 1854 441 videmus,

209 472 264 529 Sed
281 473 343 545 quia
357 474 452 529 transit
467 490 516 546 per
529 474 637 531 oculum
658 475 686 529 in
710 490 765 548 quo
779 483 820 531 est
832 488 936 547 aqueus
949 471 1003 526 ltu-

210 577 280 629 mcr,
298 570 325 617 et
339 562 540 635 crystalleidos,
557 572 586 618 ut
599 564 634 619 de
652 564 849 636 compositione
870 560 941 618 oculi
961 559 1005 616 lo-

211 659 327 724 quentes
342 652 527 721 ostendemus,
538 668 600 708 cum
614 652 714 719 delicit,
730 669 782 710 nec
795 652 865 713 clius
878 650 954 709 color
967 648 1005 705 ibi

208 739 334 807 occurrit,
353 740 444 806 telem,
455 740 482 797 id
492 748 533 797 est
542 757 659 813 aqueum
668 741 721 797 sibi
730 740 871 813 confingit.
882 740 932 796 llic
942 738 1006 795 snb·

205 827 318 899 jicient:
336 827 364 885 Si
379 828 445 883 nihil
469 828 507 884 ibi
527 829 645 897 videtur,
662 831 799 904 quomodo
821 829 1001 884 dictumest:

211 918 316 975 delum
332 918 400 990 tegit
414 919 534 975 omnic?
550 919 651 975 Stellas
666 935 727 975 asse
742 918 770 974 in
785 915 1005 983 immanentem

210 1005 310 1061 eodem
334 1007 564 1087 esseqduodecim
586 1008 721 1076 circulos,
744 1008 773 1063 in
793 1024 862 1076 uuo,
887 1020 1004 1080 quorum

208 1102 270 1149 sunt
292 1095 436 1152 duodecim
459 1096 537 1169 signa
557 1098 664 1169 (infra,
681 1114 709 1155 o.
728 1100 786 1152 liet
801 1100 837 1164 6),
853 1095 1005 1151 dicimusne

210 1182 349 1239 deiectum
364 1198 426 1239 esse
442 1186 528 1240 nostri
543 1186 640 1242 visus?
655 1186 724 1243 Huic
738 1202 817 1257 ergo,
835 1186 898 1257 quia
911 1191 1005 1241 aucto-

206 1272 274 1327 ritas
286 1271 404 1340 videtur,
418 1288 452 1331 er
467 1281 545 1346 parte
560 1274 632 1331 illins
648 1274 700 1329 ista
715 1274 940 1345 respondeamus.

238 1378 307 1435 Cer.
325 1378 358 1435 V.
376 1409 412 1421 -
429 1381 501 1450 (μοι
517 1381 606 1438 modic
620 1383 777 1439 auctoritas
793 1382 926 1455 mouetur·
939 1380 972 1437 de

504 1477 704 1550 superioribus.
773 1459 785 1485 ⁹

242 1561 342 1619 Tribus
356 1562 438 1635 igitur
454 1566 542 1622 modis
557 1566 705 1623 auctoritas
720 1564 840 1639 loquitur
859 1566 896 1623 de
918 1582 1003 1638 supe-

207 1650 326 1709 rioribus
339 1669 346 1709 :
358 1654 495 1725 sabulosa,
511 1657 688 1728 astrolopice,
699 1656 898 1713 astronomica.
911 1655 1003 1711 Fabu-

1060 474 1162 525 motum
1176 466 1318 523 sentimus.
1343 464 1372 522 Si
1392 472 1484 520 autem
1504 462 1609 534 aliquid
1622 470 1766 519 moveatur
1781 470 1857 519 extra

1059 555 1160 628 ipsum,
1175 571 1268 627 neque
1282 554 1385 627 aliquid
1401 555 1445 609 vel
1458 550 1609 619 immobile,
1623 552 1668 609 iel
1682 551 1772 607 minus
1792 567 1856 607 mo·

1059 645 1113 702 bile
1138 644 1279 701 rideamus
1300 658 1307 699 :
1331 649 1420 699 motus
1442 657 1499 697 non
1522 638 1646 709 sentitur,
1670 639 1744 711 quod
1766 647 1858 711 potest

1059 733 1170 807 probari
1184 748 1235 805 per
1248 733 1339 790 navim
1360 731 1389 787 iu
1410 730 1481 786 mari
1503 738 1669 787 currentem.
1683 730 1772 785 Motus
1786 744 1857 801 ergo

1060 823 1212 892 stellarum,
1228 822 1271 878 vel
1285 838 1335 894 per
1349 819 1498 887 immobile,
1514 818 1558 875 vel
1572 818 1663 873 minus
1685 818 1786 874 mobile
1805 835 1858 873 su-

1060 912 1231 985 perpositum
1245 912 1376 976 sentitur,
1390 925 1530 982 nunquam
1540 923 1606 964 vero
1615 923 1664 979 per
1673 906 1855 979 suppositum,
1959 961 1960 966 .

1059 1010 1089 1057 ut
1104 1017 1155 1072 per
1171 1000 1250 1074 signa
1268 1008 1369 1055 motum
1390 999 1560 1071 planetarum
1574 995 1774 1061 discernimus,
1790 996 1858 1068 quia

1059 1090 1141 1146 modo
1155 1090 1207 1145 sub
1222 1090 1275 1145 boe
1289 1086 1474 1162 signo,1nodc
1488 1086 1542 1142 sub
1556 1084 1610 1141 alic
1622 1084 1758 1141 videntur.
1769 1084 1859 1156 Supra

1059 1177 1147 1234 dictes
1167 1192 1233 1235 vero
1253 1177 1345 1233 stellas
1363 1176 1431 1232 nibil
1450 1179 1494 1233 est
1517 1174 1642 1241 visibile,
1662 1188 1715 1230 uec
1733 1182 1775 1229 est
1793 1173 1858 1229 ideo

1058 1266 1132 1339 quod
1155 1274 1234 1323 motu
1256 1266 1365 1323 illarum
1392 1263 1575 1322 discriminum
1596 1262 1695 1334 possit.
1714 1263 1858 1319 Moventur

1059 1371 1137 1429 ergo,
1154 1356 1203 1411 sed
1218 1354 1307 1413 infixe
1326 1355 1462 1422 dicuntur,
1480 1353 1545 1427 quia
1560 1358 1649 1408 motus
1668 1367 1763 1408 aarum
1780 1367 1858 1423 prse-

1059 1443 1131 1499 dicte
1146 1444 1250 1501 ratione
1261 1461 1316 1501 non
1332 1446 1457 1501 sentitur.

1058 1551 1125 1607 Ger.
1140 1552 1213 1609 lllll.
1230 1582 1265 1594 -
1280 1553 1352 1621 Quot
1370 1553 1475 1610 circuli
1489 1552 1627 1609 diccmtm
1638 1564 1698 1607 ease
1715 1548 1748 1605 in
1761 1547 1859 1618 fiscic-

1375 1668 1380 1677 ·
1399 1646 1506 1699 mento.

208 1742 264 1797 lose
282 1740 405 1813 loquitur
418 1744 551 1812 Nemrod,
567 1744 701 1817 Hyginus,
716 1746 824 1813 Aratus,
841 1752 947 1801 taurum
969 1726 1040 1799 il·B
1090 1730 1121 1784 1¹¹
1134 1709 1231 1786 eidem
1246 1728 1418 1787 filfflssfflessffl
1432 1731 1587 1803 lihll⁰⁸0llhi
1602 1731 1729 1787 diminui
1752 1726 1857 1784 diffide·

207 1834 263 1885 lum
277 1845 340 1887 esse
355 1830 517 1887 translatum
534 1833 601 1889 etin
617 1833 728 1905 signum
752 1840 883 1889 mutatum
907 1832 1004 1889 dicen-

75 1954 79 1971 .
105 1993 112 2009 χι
207 1927 259 1987 tes,
275 1927 303 1976 et
317 1918 358 1976 sic
372 1920 407 1977 de
422 1920 493 1977 aliis.
510 1921 589 1993 Quod
605 1939 694 1994 genus
713 1922 863 1989 tractandi,
884 1923 1003 1978 maxime

208 2014 249 2063 est
273 2009 472 2067 necessarium.
500 2012 541 2067 Eo
565 2012 638 2067 enim
659 2011 760 2070 scimus
783 2012 818 2069 de
840 2026 1006 2083 unoquoque

1059 1817 1112 1874 cim
1136 1834 1197 1875 esse
1218 1818 1347 1886 circulos,
1371 1836 1487 1893 quorum
1501 1820 1557 1876 duo
1580 1828 1642 1875 sunt
1656 1816 1794 1887 risibiles,
1810 1815 1859 1872 clii

1058 1907 1220 1967 invisibiles.
1234 1910 1275 1965 De
1289 1909 1446 1966 visibilibus
1462 1908 1642 1966 disseremus.

1213 2016 1397 2073 Csv.1X.-
1415 2016 1467 2089 Qui
1485 2018 1546 2075 siai
1564 2017 1699 2073 visibiles.

208 2096 300 2167 siano.
315 2097 344 2152 in
359 2114 412 2171 qua
427 2106 504 2171 parre
518 2100 580 2156 coen
596 2100 630 2155 sn
645 2100 736 2157 situm.
753 2101 925 2173 rsrrotopee
939 2116 1005 2157 vero
1093 2114 1251 2187 acciptur
1265 2115 1472 2185 suncampus,
1488 2106 1625 2189 γαλαξίας,
1640 2114 1669 2170 u
1685 2119 1736 2182 aa,
1750 2110 1859 2168 tacteus

205 2192 332 2286 tractare,
342 2196 384 2243 est
399 2188 491 2245 dicere
507 2205 538 2244 aa
554 2206 614 2261 quaa
624 2189 751 2246 videntur
762 2190 791 2245 in
805 2190 1004 2261 superioribus,
1058 2211 1186 2281 propag,
1206 2204 1288 2286 γάλαξ
1302 2213 1376 2270 enim
1396 2222 1438 2271 est
1458 2215 1509 2284 1³0,
1533 2204 1607 2287 ὰγὸς,
1622 2211 1751 2279 esculus,
1765 2217 1794 2267 et
1807 2225 1858 2266 nc·

206 2290 264 2330 stre
278 2283 316 2331 rte
330 2277 385 2332 sint
397 2276 441 2333 vel
455 2294 522 2335 non.
532 2278 616 2333 Multa
631 2278 669 2332 ibi
679 2294 777 2350 nempe
792 2279 919 2336 videntur
929 2294 1002 2346 esse,
1059 2302 1157 2360 giam
1176 2303 1303 2359 circulus,

205 2380 267 2437 qum
281 2380 337 2421 non
350 2374 413 2421 sunt
426 2366 464 2421 ibi
479 2367 542 2439 quia
555 2366 654 2422 fallitur
668 2366 754 2436 visus,
769 2375 799 2423 ut
813 2376 908 2425 tractat
929 2369 1004 2423 Mar·
1189 2392 1256 2449 ΟΜ,
1272 2394 1309 2449 Χο
1324 2424 1359 2434 ,,
1376 2394 1423 2452 Ubi
1440 2396 1565 2469 impia,
1582 2392 1724 2467 qulam

207 2454 302 2511 ⁰i⁸¹¹¹¹⁵
321 2453 477 2526 HY⁵P⁰i⁰¹¹⁸
506 2454 595 2528 ism·
616 2456 771 2527 ffl⁸P³¹²¹¹⁸=
792 2474 830 2514 ⁰¹²
849 2456 1003 2529 C⁰P⁰¹¹³71
1093 2480 1191 2552 incipit
1225 2482 1347 2555 galeriae
1363 2492 1439 2553 Juxta
1459 2484 1690 2555 septentrionem,
1719 2496 1753 2536 ex
1780 2486 1860 2550 perte

205 2544 628 2643 Austroocmiec'vero-tractare,
645 2553 687 2604 est
701 2561 734 2601 aa
749 2560 810 2619 quae
823 2554 886 2646 sunt
900 2544 1005 2647 ⁶erss
1058 2568 1189 2637 ommis,
1204 2580 1231 2628 e,
1244 2572 1390 2645 aliquando
1403 2590 1454 2644 pe,
1463 2589 1592 2630 mmm
1608 2580 1634 2627 θ,
1651 2570 1857 2642 mmmmm,

205 2632 306 2698 ‘¹¹⁰⁸'01
333 2648 396 2733 W,
410 2640 447 2687 ’ω
467 2633 600 2733 Ῡῐάθὲωῗν
624 2634 669 2690 Vel
688 2650 744 2689 ¹¹⁰⁰
767 2650 774 2690 ²
800 2636 917 2707 ‘iuallter
939 2635 1004 2691 ¹¹¹d⁰
1057 2660 1203 2717 revertitur
1216 2661 1251 2715 ad
1265 2661 1440 2733 principium.
1457 2662 1562 2719 Dicitur
1582 2668 1673 2717 cutem
1687 2659 1727 2716 aio
1741 2664 1859 2730 prepter

205 2728 327 2778 ‘mn‘
343 2720 432 2776 sunus
458 2723 609 2791 F¹¹m¹⁰¹¹⁸t
636 2722 809 2779 mmm·
836 2724 904 2780 cum
935 2739 1004 2796 ⁶¹⁸⁰
1056 2749 1205 2806 notabilem
1221 2749 1263 2805 sui
1284 2750 1444 2807 claritatem.
1466 2750 1495 2807 si
1510 2751 1572 2823 quis
1586 2765 1661 2815 vero,
1679 2747 1752 2803 unde
1765 2744 1796 2801 in'
1807 2746 1857 2801 illa

204 2809 380 2909 dictumest,
393 2811 495 2866 eoelcm
513 2812 582 2882 teplt
596 2813 716 2910 omnia:
732 2812 928 2886 astrologicam
951 2821 1003 2882 est,
1058 2839 1093 2894 ,ἢ
1120 2852 1196 2910 pam
1213 2838 1259 2893 ,ΗΕ
1283 2838 1410 2895 nmilia
1442 2839 1582 2911 splendor,
1613 2835 1686 2893 wire
1703 2835 1854 2904 desidem,

205 2913 269 2971 quta
287 2914 327 2953 src
355 2897 471 2966 videtur,
499 2899 544 2955 vol
576 2900 660 2957 aetber
679 2900 778 2957 dicitur
797 2903 915 2973 celum,
939 2902 1005 2976 quia
1056 2927 1225 2983 Mwwffium
1240 2927 1314 2999 ΙΨ,
1328 2927 1401 3000 (ω).
1421 2944 1441 2996 ¹,
1457 2929 1489 2985 in
1502 2926 1674 2997 Somnium).

204 2986 321 3044 diversis
335 2986 422 3043 stellis
436 2987 562 3045 ctalatum
577 2996 628 3045 est.
1128 3035 1184 3091 cn
1209 3037 1249 3092 XI
1273 3068 1309 3079 -
1325 3038 1363 3095 De
1382 3038 1495 3093 zodiaco
1514 3038 1542 3092 et
1561 3034 1637 3092 mm
1655 3034 1771 3089 dmm

299 3094 366 3150 eff·
383 3094 427 3151 vl·
444 3126 478 3136 “
492 3097 531 3152 ⁰⁶
549 3097 731 3166 mamm
750 3101 778 3155 α
798 3098 900 3155 '‘⁶²²5''
1019 3078 1041 3135 c
1091 3124 1224 3181 Zodiscus
1248 3142 1313 3182 vero
1328 3141 1344 3181 a
1358 3126 1521 3197 capricorno
1537 3140 1586 3196 per
1600 3122 1716 3179 arietem
1729 3120 1765 3177 cd
1783 3135 1855 3176 cen-

239 3198 345 3255 Dicitur
359 3196 572 3267 firmamentum,
591 3199 654 3271 quia
669 3214 719 3255 suo
743 3199 833 3256 calore
856 3208 883 3257 et
903 3199 1001 3258 affeetu
1055 3229 1132 3270 crum
1146 3214 1281 3282 ascendis,
1292 3215 1327 3271 (10
1342 3230 1442 3271 ennom
1456 3228 1522 3270 pem
1535 3228 1585 3284 p„
1597 3211 1696 3267 libram
1710 3210 1745 3265 „d
1758 3208 1854 3281 ωρή.

204 3287 345 3343 iiellifflm
360 3286 452 3343 fiifflii
467 3296 492 3345 0¹
508 3296 640 3360 lemlmat
654 3288 771 3345 subditi·
790 3290 893 3347 Coelbm
913 3291 1002 3362 ibitur
1054 3317 1167 3359 coruum
1188 3304 1340 3360 descendit.
1357 3302 1534 3360 Descendens
1553 3316 1621 3359 vero
1642 3308 1671 3357 et
1688 3298 1854 3365 ascendere,

205 3380 274 3450 ²095!
289 3380 401 3445 Omnia,
423 3378 487 3450 (1⁰5³
502 3378 553 3433 snb
567 3378 668 3434 aeiheie
682 3378 725 3433 '0¹
739 3376 767 3433 5⁰
783 3380 884 3435 &there
909 3380 1002 3435 0¹¹¹¹¹i⁸
1051 3394 1129 3463 juxta
1148 3394 1229 3449 situm
1261 3400 1386 3448 nostrum
1418 3392 1551 3465 intellige.
1581 3390 1632 3446 llic
1655 3389 1684 3445 in
1706 3388 1854 3445 duodecim

204 3467 385 3524 continentur.
413 3468 444 3523 ln
468 3468 570 3524 aetbere
597 3467 727 3524 dicuntur
753 3468 837 3525 stellae
860 3468 949 3525 infixae
972 3476 1002 3525 ut
1055 3482 1173 3555 aequales
1192 3490 1299 3553 panes,
1315 3499 1365 3555 per
1378 3481 1481 3537 fluxum
1495 3496 1584 3552 aqum,
1600 3488 1629 3534 ut
1643 3477 1727 3535 refert
1742 3478 1854 3535 Macro-

203 3570 316 3629 gelssma
330 3556 358 3611 in
373 3572 448 3627 stillo,
462 3556 511 3613 Sed
527 3556 589 3629 quin
604 3556 631 3611 iu
646 3557 743 3613 00de
757 3557 916 3625 ΘΧὶἰῐΘῐιῑθῧ,
929 3575 1001 3615 sem·
1054 3573 1124 3638 hius,
1141 3571 1245 3627 divisus
1260 3579 1317 3636 egl,
1340 3586 1455 3642 quarum
1476 3583 1648 3641 ungquaequg
1667 3566 1767 3623 digitur
1789 3567 1854 3639 εἰς.

204 3660 255 3717 pel'
269 3646 297 3701 in
311 3646 407 3701 eadem
423 3653 500 3718 palie
515 3645 639 3715 ejusdem
654 3644 790 3702 videniur.
812 3647 880 3703 Aliae
902 3647 1000 3703 dicun·
1053 3672 1128 3724 num,
1144 3658 1207 3730 quia
1229 3658 1269 3713 eis
1290 3657 1447 3730 signamus,
1473 3655 1501 3709 in
1520 3669 1575 3726 qua
1587 3662 1666 3725 pam
1679 3651 1743 3709 eoeli
1756 3650 1800 3707 sol
1816 3648 1856 3706 sii

205 3742 249 3790 ivr
262 3736 403 3802 mamm,
420 3734 484 3807 ‘luia
497 3735 579 3791 “¹⁰⁶⁰
594 3736 621 3789 1¹¹
636 3734 703 3803 ¹¹³0,
719 3734 802 3791 ¹1¹⁰d⁰
818 3735 845 3790 1¹¹
859 3735 904 3791 illd
924 3746 1002 3807 parte
1054 3753 1081 3803 et
1100 3746 1144 3801 alii
1159 3747 1285 3818 planetae,
1297 3754 1323 3802 et
1338 3762 1391 3818 qua
1406 3743 1528 3811 exierint,
1540 3752 1568 3799 et
1581 3743 1616 3799 sd
1633 3758 1716 3816 quarn
1730 3741 1852 3797 debeant

203 3821 266 3881 coeli
281 3822 416 3881 videntur.
436 3824 469 3879 Et
483 3823 611 3896 quoniam
631 3824 665 3879 de
686 3822 778 3879 infixis
793 3824 906 3881 lecimus
922 3841 1001 3881 men·
1054 3836 1232 3908 pertransire,
1254 3836 1326 3901 Sed,
1342 3834 1470 3907 quoniam
1491 3833 1537 3888 illa
1560 3829 1718 3889 nominibus
1742 3830 1854 3886 anim.

203 3912 320 3981 ῐῑθῦθῐΰι
345 3928 500 3986 (iuaerbmus
521 3920 610 3969 Ullum
633 3921 803 3981 Πῐθιθθῦῑῑῑΐ,
824 3914 868 3972 Vel
889 3916 1000 3972 Omnino
1054 3924 1118 3981 lium
1133 3925 1238 3981 titulata
1251 3932 1323 3991 sunt,
1334 3926 1457 3989 utariea,
1473 3928 1585 3985 locrus,
1597 3928 1624 3977 et
1637 3927 1746 3989 cetera,
1760 3918 1854 3975 circu-

203 4010 314 4059 cnrcant
336 4011 422 4069 motu,
438 4010 465 4059 et
479 4003 502 4058 si
518 4011 669 4072 moventur,
686 4002 807 4076 qualiter
821 4012 996 4061 moveantur.
1054 4022 1108 4091 pus,
1130 4040 1212 4096 quem
1235 4022 1384 4087 conspuens,
1408 4020 1539 4076 zodiaca,
1562 4018 1679 4085 dicitur-3
1695 4006 1761 4078 ζῶον
1777 4019 1852 4075 enim

204 4108 270 4165 Ctv.
290 4109 348 4166 vll.
364 4140 399 4153 -
414 4111 452 4167 De
465 4110 566 4179 inficis
578 4112 682 4180 stellis,
699 4114 799 4167 uirum
818 4116 999 4169 moveantur.
1055 4120 1097 4168 est
1110 4112 1263 4169 animal.Si
1277 4110 1339 4184 quis
1352 4117 1443 4166 autern
1459 4124 1557 4166 causes
1574 4107 1718 4164 nominum
1734 4116 1852 4180 queret,

240 4198 309 4253 Sunt
324 4196 371 4270 qui
397 4214 443 4253 eas
463 4214 517 4254 non
538 4198 644 4255 moveri
659 4206 799 4267 assemnt,
817 4200 865 4255 sed
880 4216 895 4254 a
909 4198 1001 4255 firma·
1055 4200 1231 4273 flclpericum
1246 4200 1328 4273 legat.

204 4294 308 4355 mento,
318 4294 346 4342 ut
359 4286 387 4341 in
402 4303 436 4343 eo
447 4286 555 4355 inlisas,
568 4288 704 4343 adortum
717 4296 743 4344 et
753 4304 882 4346 occasum
894 4289 998 4345 referri.
1144 4289 1209 4345 Ctv.
1226 4290 1289 4344 Xll.
1300 4320 1335 4331 —
1350 4292 1389 4347 De
1402 4291 1589 4363 dispositione
1604 4290 1760 4362 signorum.

203 4374 256 4431 Alii
276 4376 370 4433 dicunt
391 4392 438 4432 aas
459 4375 538 4432 etiam
560 4377 672 4449 proprio
695 4387 770 4433 motu
791 4378 912 4445 moveri,
939 4378 1000 4451 quia
1091 4378 1321 4461 Signorumlverc
1336 4378 1397 4433 talis
1412 4386 1454 4434 est
1467 4378 1610 4450 dispositio
1625 4395 1632 4433 :
1647 4378 1721 4449 quod
1734 4378 1853 4449 propin-

204 4464 293 4536 igneae
309 4473 373 4521 sunt
388 4472 500 4532 neturae,
513 4480 565 4523 nec
575 4466 678 4539 aliquid
689 4466 717 4521 in
730 4468 831 4524 rathere
842 4464 887 4523 vel
900 4466 927 4521 in
936 4482 1002 4523 cere
1056 4484 1126 4539 quus
1149 4468 1228 4524 nobis
1251 4476 1292 4523 est
1316 4484 1429 4535 cancer,
1445 4469 1550 4524 scilicet
1571 4468 1597 4522 in
1616 4466 1736 4523 confinio
1749 4476 1854 4524 nostrie
1959 4489 1960 4494 ¹

205 4552 263 4610 sine
278 4559 353 4611 motu
376 4556 463 4627 possit
485 4555 632 4624 sustineri,
658 4556 707 4611 sed
730 4570 839 4626 semper
860 4555 887 4610 in
903 4556 1001 4611 ecdem
1055 4572 1131 4611 zonae
1150 4556 1307 4612 habitabilis
1322 4564 1350 4611 et
1364 4557 1474 4613 torridae
1490 4572 1497 4612 ε
1511 4555 1610 4611 deinde
1629 4557 1671 4612 teo
1684 4555 1853 4625 obliquando

203 4642 266 4701 loco
282 4652 307 4701 et
323 4644 426 4701 circum
443 4644 603 4700 semoveri.
623 4645 704 4701 Tertii
718 4645 822 4712 dicunt,
840 4644 950 4700 easdem
966 4644 1001 4700 de
1055 4644 1207 4711 descendit,
1218 4654 1281 4717 post
1291 4646 1378 4716 sirpo,
1390 4645 1490 4701 deinde
1504 4646 1576 4703 iibrn
1590 4644 1711 4701 existens
1721 4645 1748 4698 in
1758 4645 1853 4702 medio

203 4732 267 4789 loco
282 4732 316 4788 ad
333 4732 424 4789 locum
442 4733 561 4803 moveri,
586 4734 691 4790 nullum
712 4741 802 4790 temen
822 4750 917 4791 eorum
940 4748 1000 4791 mo-

204 4829 280 4876 tuum
295 4822 330 4877 ab
344 4822 431 4879 oculis
445 4823 548 4877 nostris
572 4824 666 4879 sentiri
682 4841 690 4879 ε
706 4823 769 4896 quia
793 4831 897 4879 lantum
919 4822 1001 4894 spatii

203 4910 232 4965 in
246 4912 440 4984 peragratione
450 4928 563 4969 sucrum
574 4914 734 4970 circulorum
746 4920 919 4981 consumunt,
927 4914 1002 4986 quod

203 4999 257 5056 vite
276 5001 406 5071 bunrana,
422 5018 483 5074 qum
504 5001 597 5058 brevia
621 5010 679 5069 est,
700 5010 727 5058 et
740 5003 775 5058 ad
800 5002 886 5058 breve
911 5018 1000 5073 punc-

204 5097 261 5146 tum
280 5096 334 5145 tam
351 5091 436 5148 tardve
451 5091 618 5149 accessionis
633 5090 921 5163 comprehendendum
944 5108 999 5149 non

204 5176 310 5237 sufficit.
328 5177 460 5250 Quamvis
473 5180 536 5236 hnic
550 5180 706 5248 sententie,
727 5180 801 5253 quod
825 5180 859 5236 de
883 5180 944 5238 locc
965 5181 1000 5237 ad

203 5267 295 5324 locum
313 5277 484 5339 moveantur,
509 5267 695 5325 consentimus
712 5286 718 5324 :
735 5268 814 5324 aliem
840 5276 929 5326 temen
953 5284 1000 5325 ra·

203 5355 304 5412 tionem
317 5358 524 5429 praetendimus,
539 5371 624 5427 quere
644 5364 732 5413 motus
747 5372 843 5415 aarum
857 5374 912 5416 non
932 5375 999 5415 sen-

202 5444 293 5510 tietur,
311 5462 369 5519 qun
390 5446 451 5502 talis
466 5453 508 5502 est
524 5463 531 5501 :
547 5445 643 5501 Omnis
662 5453 752 5502 motus
766 5447 939 5516 discernitur,
957 5448 999 5506 vel

202 5547 254 5605 per
267 5532 416 5602 immobile,
432 5534 476 5591 vel
489 5535 580 5591 minus
592 5534 703 5591 mobile.
720 5537 789 5593 Cum
808 5537 880 5593 enirn
896 5538 999 5612 aliquid

204 5630 337 5693 movetur,
353 5622 377 5681 si
390 5622 493 5699 abqnid
509 5624 619 5695 mobile,
635 5624 679 5685 vel
692 5625 784 5685 rninus
803 5625 904 5687 rnobilc
918 5626 999 5687 vida·

1056 4734 1171 4791 torridae
1185 4750 1270 4801 zonae,
1286 4734 1356 4790 ultre
1367 4741 1499 4806 quamest
1512 4734 1637 4806 scorpio,·
1651 4732 1752 4789 deinde
1765 4734 1855 4804 capii·

1057 4826 1159 4890 iarius,
1170 4832 1267 4895 postea
1281 4823 1629 4896 estcopricornusanobis
1640 4822 1852 4879 remotissimus.

1055 4913 1162 4968 Deinde
1187 4912 1297 4985 oblique
1324 4912 1499 4969 ascendendo
1536 4920 1578 4968 est
1610 4914 1762 4985 aquarius,
1789 4920 1854 4982 post

1054 5004 1156 5075 pisces,
1169 5001 1270 5057 deinde
1284 5003 1370 5069 eries,
1390 5003 1419 5057 in
1436 5001 1528 5058 medio
1541 5001 1651 5057 torridae
1669 5017 1744 5059 zonre
1759 4999 1851 5068 libroe,

1053 5090 1196 5162 oppositus
1215 5106 1299 5162 supra
1313 5098 1355 5146 est
1369 5095 1480 5157 lauras,
1501 5092 1608 5163 gemini
1625 5099 1732 5161 postea,
1747 5088 1852 5146 deinde

1054 5195 1170 5238 cancer.
1191 5179 1270 5248 Quod
1292 5180 1401 5251 signum
1425 5179 1504 5249 cujus
1521 5180 1626 5235 mensis
1645 5180 1689 5249 sit,
1711 5187 1737 5236 et
1750 5194 1850 5253 querc,

1054 5269 1193 5342 loquendo
1207 5269 1243 5324 de
1258 5268 1315 5324 sole
1328 5266 1500 5325 docebimus.

1141 5358 1206 5413 Cre.
1222 5357 1300 5413 xltl.
1317 5388 1353 5399 -
1369 5360 1406 5415 be
1424 5358 1613 5415 invisibilibus
1632 5358 1760 5415 corate.

1089 5446 1195 5501 Novem
1209 5446 1258 5501 alii
1271 5446 1364 5504 circuli
1387 5446 1539 5503 invisibiles
1553 5454 1634 5512 sunt,
1655 5462 1771 5520 quornm
1785 5456 1854 5504 sunt

1053 5535 1173 5608 quinque
1181 5535 1316 5608 paralleli,
1330 5551 1401 5591 unus
1417 5551 1534 5609 quorum
1556 5534 1753 5607 aequinoctialis
1777 5535 1853 5593 dici-

1052 5636 1109 5697 tur,
1123 5624 1170 5683 bic
1183 5634 1235 5696 est,
1250 5625 1298 5698 qui
1310 5642 1361 5700 per
1373 5624 1495 5685 medium
1508 5624 1620 5683 torridae
1637 5640 1713 5684 zoen
1734 5624 1851 5695 amens,
