3942 6067
123 262 179 319 849

519 252 703 312 SPECULUM
723 248 911 309 ECULESIAE.
934 276 970 289 -
987 246 1026 302 ΙΝ
1045 241 1160 301 runtr.
1181 240 1209 297 S.
1229 237 1363 296 lidlilAE.

1732 232 1785 289 850

124 396 202 447 creat
216 386 314 441 talibus
328 378 511 439 sacramentis
534 396 570 451 qu
605 396 653 435 ros
674 378 708 434 ad
730 377 839 449 nuptias
858 391 924 431 suas
939 376 967 437 Α
981 369 1101 428 omnium
1116 382 1179 424 cum
1194 362 1349 437 triumphali
1363 363 1444 419 laude
1463 358 1572 434 jubilat,
1591 358 1665 431 quud
1683 358 1785 415 rideli-

126 476 290 535 insuaviter
306 472 369 529 vino
390 479 501 527 aeternae
522 467 675 525 dulcedinis
697 467 862 540 quandoque
886 464 930 518 in-

126 565 260 623 ebriabit.

167 657 251 710 istum
266 651 340 706 diem
358 648 442 705 etiam
461 646 580 720 gentiles
601 645 666 702 clim
686 644 824 702 celebrem
842 642 930 699 duee-

128 746 195 799 baut
210 743 245 799 ob
259 740 360 803 trinum
376 738 542 809 triumphum
557 752 637 808 qurm
652 735 732 791 bodie
744 731 858 789 Romani
874 735 931 787 Au-

127 840 211 905 gusto
226 828 328 887 Caesari
342 826 515 890 exhibebant,
528 841 561 881 eo
572 824 646 897 quod
657 824 708 879 tria
718 838 815 895 regna,
828 820 931 878 scilicet

132 922 281 983 Parthiam.
299 918 444 989 Egyptum
459 922 485 970 et
499 914 617 970 Mediam
632 913 781 969 devincens
804 911 930 967 Romano

128 1009 247 1082 imperio
259 1006 292 1079 (D
303 1008 344 1069 llil
357 1006 560 1077 subiugarcrnt.
570 1003 620 1059 llic
630 1000 729 1077 [Hunc]
739 998 930 1057 nichilominus

129 1101 167 1157 ob
183 1106 238 1155 tres
253 1111 351 1154 causas
366 1094 527 1151 sollemnem
541 1090 667 1149 Ecclesia
688 1090 792 1159 iudicat
812 1096 837 1145 et
860 1087 931 1161 Regi

986 468 1029 518 oet
1044 467 1099 514 tres
1124 464 1218 528 partes
1237 455 1330 510 mundi
1345 453 1427 509 hodie
1442 468 1492 524 per·
1502 458 1558 505 tres
1569 465 1665 521 magos
1675 458 1785 517 sceptro

985 548 1029 604 sui
1043 545 1152 603 Domini
1167 543 1298 609 subdidit,
1325 551 1352 598 et
1366 542 1482 599 crimina
1504 547 1600 595 nostra
1620 539 1648 592 in
1668 536 1786 593 Jordane

986 637 1081 701 abluit,
1104 644 1132 691 et
1149 649 1249 706 aquam
1272 632 1344 703 legis
1363 631 1445 687 hodie
1467 630 1495 684 iu
1520 628 1614 684 vinum
1634 627 1733 699 gratioe
1754 625 1788 681 ad

985 724 1143 799 spirituales
1157 722 1265 793 nuptias
1280 720 1429 776 transtulit.
1451 718 1536 786 liuius
1557 716 1682 787 imperio,
1699 714 1786 771 traria-

985 814 1059 881 simi,
1076 829 1127 870 ros
1141 820 1196 867 tota
1209 818 1302 866 mente
1315 818 1342 866 et
1356 810 1440 866 eorde
1455 806 1574 863 subdite.
1589 805 1715 861 Debitum
1730 819 1787 861 ser-

984 902 1085 960 vicium
1100 900 1125 957 ei
1139 899 1352 970 omnitempore
1366 898 1474 965 solvite,
1493 904 1523 950 ut
1546 902 1608 965 post
1629 894 1710 962 hujus
1732 891 1787 947 rni-

986 1006 1056 1047 serae
1079 990 1142 1047 vitae
1164 987 1286 1060 inopiam
1305 987 1464 1061 percipiatis
1490 984 1525 1040 ab
1553 983 1600 1039 illo
1627 982 1740 1039 divicias
1762 989 1789 1037 et

985 1079 1116 1154 gloriam,
1132 1094 1215 1152 quam
1230 1077 1327 1135 oculus
1342 1075 1473 1134 ucnridit
1484 1075 1509 1146 (l
1522 1074 1582 1132 Cur.
1600 1072 1631 1143 ιι)
1642 1080 1668 1129 et
1678 1077 1789 1128 caetera.

478 1604 532 1678 IN
560 1596 979 1679 PURlFIUATIONE
1009 1594 1207 1674 SANTAE
1231 1594 1435 1670 MARIAE.

174 1860 280 1919 Veritus
294 1858 328 1915 de
343 1862 420 1915 terra
435 1859 499 1911 ortu
515 1858 567 1920 cst,
583 1858 612 1910 et
623 1853 979 1927 jactanticulum-13
1030 1853 1160 1927 Populus,
1176 1853 1223 1927 qui
1238 1869 1288 1925 per
1304 1852 1416 1925 bluysen
1433 1851 1468 1907 de
1482 1852 1599 1925 Egypto
1622 1849 1800 1922 transgredi-

132 1954 209 2023 rpeit
234 1949 320 2017 (Ptol.
337 1946 468 2016 sxxxrv).
486 1943 622 2010 Christus,
639 1942 789 2011 karissimi,
806 1943 868 1999 ideo
889 1958 940 1999 ve·
996 1952 1050 2012 tur,
1066 1952 1109 2001 est
1120 1943 1243 2015 'populus
1266 1941 1445 2004 Christianus,
1462 1941 1507 2015 qui
1530 1957 1578 2012 per
1600 1939 1740 1996 Christum
1765 1940 1801 1996 ad

135 2040 319 2095 ritasdicitur
337 2036 398 2107 quia
422 2050 470 2107 per
499 2049 561 2089 euru
590 2032 744 2103 completur
772 2033 939 2105 quicquida
997 2033 1114 2105 patriam
1130 2031 1259 2103 paradysi
1274 2031 1309 2087 de
1329 2031 1383 2087 hoo
1404 2030 1507 2085 mundo
1532 2030 1685 2085 revertitur.
1702 2030 1801 2085 taber-

135 2130 216 2185 Patre
231 2126 402 2198 promittitur.
419 2123 489 2193 Quae
504 2123 607 2176 veritas
635 2125 669 2177 de
701 2130 775 2177 terra
803 2129 860 2177 orta
888 2128 939 2190 est,
997 2122 1126 2178 naculum
1139 2121 1167 2176 in
1190 2121 1302 2176 heremo
1330 2128 1372 2174 est
1399 2118 1526 2175 Ecclesia
1553 2118 1582 2172 in
1609 2118 1663 2173 boc
1688 2118 1799 2174 saeculo.

134 2213 453 2274 cumdesunctallaria
475 2210 652 2267 humanitatis
674 2212 791 2281 sumpsit
812 2210 938 2268 exordia.
997 2220 1079 2289 virga
1094 2220 1183 2272 Aaron
1205 2215 1293 2280 eride,
1309 2214 1358 2269 sed
1386 2213 1474 2269 lructu
1503 2213 1609 2278 florida,
1637 2220 1680 2269 est
1707 2221 1802 2271 saneta

139 2308 205 2364 llaeo
234 2305 338 2361 idcirco
367 2310 446 2357 terra
472 2308 654 2372 eomparatur,
682 2300 747 2373 quia
771 2301 841 2356 sicut
863 2300 942 2373 prius
997 2306 1096 2372 hieria,
1108 2304 1265 2381 virginitate
1280 2303 1391 2376 quidem
1402 2302 1480 2357 arida
1495 2310 1521 2357 et
1537 2302 1638 2373 Spiritu
1649 2310 1744 2358 sancto
1757 2300 1799 2359 ie·

139 2396 226 2452 Adam
243 2390 278 2449 ds
292 2391 391 2447 munda
408 2399 479 2446 terra
494 2388 637 2459 formatur,
659 2388 696 2443 ita
711 2390 942 2446 secuudusAdam
998 2396 1116 2453 caudata
1131 2402 1158 2450 et
1171 2403 1252 2465 partu
1267 2391 1396 2464 gravida.
1412 2392 1476 2447 llaec
1486 2391 1566 2464 virgo
1581 2390 1690 2449 dulcem
1702 2408 1802 2448 nucem

137 2484 261 2541 Christus
289 2482 323 2537 rle
351 2480 454 2535 munda
482 2477 589 2551 virgine
624 2487 799 2549 procreatur.
831 2478 942 2536 iusticia
997 2485 1090 2550 edidit,
1107 2483 1172 2539 dum
1187 2483 1272 2555 Virgo
1296 2482 1386 2536 Deum
1413 2488 1439 2535 et
1463 2480 1603 2535 hominem
1630 2480 1738 2554 genuit.
1770 2482 1801 2537 lu

140 2587 251 2646 quoque
266 2571 300 2627 de
315 2570 385 2627 eoelo
400 2567 551 2640 prospexit.
568 2566 690 2622 Christus
706 2577 747 2623 est
761 2568 850 2623 Patris
862 2568 943 2637 iusti·
998 2574 1100 2630 cortice
1117 2574 1216 2646 quippe
1230 2570 1308 2627 nucis
1319 2586 1384 2627 caro
1399 2569 1555 2636 christiin
1569 2578 1639 2625 testa
1654 2571 1713 2639 eius
1723 2586 1799 2638 ossa,

136 2663 191 2727 cia,
207 2660 504 2734 quiajustispereum
520 2656 643 2729 praemia,
659 2657 944 2727 injustisJ'ustairro-
998 2664 1026 2719 in
1039 2662 1162 2718 nucleari
1176 2662 1263 2732 ipsius
1286 2660 1379 2716 anima
1408 2667 1537 2728 notatur;
1568 2659 1610 2717 rel
1638 2659 1802 2717 exteriorem

139 2751 216 2825 gabit
231 2750 376 2823 supplicia.
396 2748 503 2804 Coelum
520 2754 609 2802 autern
625 2746 710 2803 extitit
731 2751 824 2803 sancta
848 2747 942 2819 Maria,
1000 2753 1131 2809 corticem
1142 2751 1299 2807 humanitas
1312 2750 1409 2821 ipsius.

138 2842 202 2916 quia
214 2839 334 2913 portarit
349 2845 455 2895 secreta
469 2836 595 2893 eoelestia
610 2845 692 2908 atque
707 2853 740 2891 ex
759 2852 792 2891 ea
807 2836 846 2893 sol
862 2836 944 2906 iusti·
1033 2842 1086 2897 Per
1108 2841 1241 2896 nuclearis
1256 2838 1429 2896 dulcedinem
1444 2838 1504 2907 ejus
1529 2835 1657 2893 diuinitas
1677 2837 1801 2894 declara-

140 2932 191 2987 ciae
207 2926 449 2993 mundoiulsit,et
478 2925 541 2981 luna
566 2925 690 2982 Ecclesia
714 2924 893 2997 resplenduit,
919 2933 946 2981 st
999 2938 1056 2986 tur.
1076 2930 1139 2985 Nux
1167 2928 1285 3001 quodam
1313 2926 1492 2983 interliminio
1519 2926 1546 2981 iu
1575 2927 1686 2982 modum
1711 2927 1803 2984 crucis

136 3019 319 3076 numerositas
334 3016 486 3083 stellarum,
510 3013 537 3069 id
563 3023 604 3069 est
628 3014 815 3087 multiplicitas
836 3022 945 3071 sancto·
1000 3019 1120 3075 lunditur
1135 3018 1203 3092 {lep
1223 3016 1355 3090 finditurl,
1371 3024 1398 3071 et
1413 3016 1503 3072 anima
1527 3015 1628 3072 Christi
1650 3030 1667 3071 a
1688 3032 1803 3088 corpora

135 3126 209 3175 rum,
228 3106 332 3172 micuit,
348 3108 388 3161 De
402 3104 455 3160 hcc
468 3103 539 3159 coelo
550 3103 660 3173 iusticia
684 3102 809 3159 Christus
828 3119 945 3177 prospe·
1000 3107 1059 3178 ejus
1073 3124 1156 3165 cruce
1166 3107 1310 3162 dividitur.
1332 3107 1370 3161 De
1383 3106 1434 3161 hec
1446 3120 1517 3161 nuce
1532 3113 1694 3160 recreantur
1707 3121 1803 3162 omnes

139 3198 185 3264 xit,
203 3196 315 3253 eumad
338 3194 503 3251 visitandum
527 3208 615 3265 genus
639 3193 784 3249 humanum
810 3194 844 3249 de
867 3202 945 3249 utero
1001 3198 1100 3253 animae
1114 3197 1277 3265 electumm,
1291 3196 1326 3252 de
1340 3196 1391 3251 hac
1406 3194 1553 3266 epulantur
1570 3203 1667 3251 cuncta
1692 3194 1804 3269 agmina

137 3286 266 3359 Virginis,
283 3293 414 3357 tanquam
427 3298 546 3355 sponsus
561 3282 595 3337 de
610 3282 730 3339 thalamo
755 3298 806 3339 suo
828 3298 944 3355 preces·
1000 3287 1172 3359 angelorum.

145 3376 180 3431 sit
196 3375 287 3449 (Paul.
304 3374 400 3443 ιιιιιιι).
1035 3377 1114 3432 Ηιιιιο
1129 3374 1179 3431 Dei
1193 3372 1371 3448 Unigenitum
1392 3373 1473 3428 beata
1496 3372 1576 3446 virgo
1599 3371 1694 3440 sana,
1707 3370 1805 3433 Filium

174 3466 215 3519 De
228 3464 279 3519 hac
293 3462 404 3535 Virgine
417 3461 492 3517 orani
506 3461 594 3537 gratia
618 3461 701 3534 plena
724 3460 849 3535 praedixit
872 3464 944 3519 Eze-
1000 3482 1081 3522 suum
1094 3465 1229 3521 hodierna
1243 3462 1288 3520 die
1303 3461 1339 3518 ad
1360 3460 1492 3533 templum
1513 3460 1620 3529 detulit,
1636 3470 1664 3518 et
1685 3462 1805 3535 legalem

139 3552 210 3609 ahiel
225 3552 368 3623 propheta.
384 3552 462 3607 Hunc
477 3552 640 3622 prophetam
656 3552 775 3623 Spiritus
791 3550 900 3607 Domini
916 3550 944 3606 iu
999 3555 1129 3619 hostiurn,
1145 3554 1250 3611 seilicet
1264 3552 1332 3608 duas
1348 3551 1501 3618 columbas,
1519 3566 1569 3622 pro
1583 3567 1617 3607 eo
1632 3551 1741 3608 obtulit.
1755 3554 1804 3609 Cui

138 3649 259 3697 montom
274 3639 360 3706 duxit,
376 3640 422 3695 ubi
439 3638 518 3712 quasi
531 3638 678 3697 edificium
699 3640 817 3697 civitatis
840 3640 900 3706 luit,
916 3649 944 3696 et
1000 3642 1176 3699 venerandus
1189 3656 1275 3697 senex
1290 3640 1410 3713 Symeon
1425 3640 1556 3708 occurrit,
1572 3656 1688 3711 puerum
1703 3649 1803 3715 gratu·

141 3730 179 3786 ibi
194 3736 299 3802 portam
315 3728 428 3800 pereuni
450 3728 576 3785 clausura
599 3728 758 3786 obseratam
781 3728 937 3801 conspexit.
998 3731 1136 3788 labuudus
1149 3730 1277 3786 manibus
1293 3728 1409 3800 aceepit,
1427 3728 1455 3783 iu
1471 3729 1604 3801 templum
1621 3732 1802 3800 portausDeo

125 3820 172 3876 ‚Er
190 3819 230 3874 sic
247 3818 380 3874 Dominus
394 3818 428 3875 ad
444 3834 505 3874 eum
519 3818 587 3874 dixit
602 3835 609 3873 :
625 3821 712 3875 Porto
723 3818 781 3875 hoee
796 3820 827 3875 in
841 3833 941 3891 parpe-
997 3821 1103 3893 gratias
1119 3819 1212 3875 retulit
1235 3818 1310 3890 quod
1333 3825 1487 3890 portantem
1511 3833 1542 3873 se
1562 3825 1671 3888 portare
1686 3818 1797 3876 memit.

141 3907 941 3981 tuumclausuerit‚elsolusliecrcpurnpereamtruna-
998 3909 1051 3980 Qui
1075 3910 1157 3966 etiam
1187 3908 1325 3963 Chr-istum
1350 3907 1378 3962 in
1391 3906 1499 3962 ruinam
1523 3913 1551 3961 et
1571 3906 1803 3965 resurrectionem

137 3996 221 4053 iverit
237 3996 426 4068 (sio)(Eaech.
444 3996 642 4068 serv).Civitas
661 4012 741 4069 quam
764 3994 941 4067 prophetuin
997 3998 1146 4055 multorum
1174 4005 1202 4053 et
1228 3997 1256 4052 in
1284 3996 1394 4070 siguum
1422 3995 1648 4052 contradictionis
1677 3997 1801 4067 praedixit
1907 4015 1911 4026 ·

138 4094 230 4143 moute
245 4084 311 4139 vidit
322 4092 363 4139 est
378 4084 500 4141 Ecclesia
515 4100 575 4157 quae
589 4086 618 4141 iu
632 4085 740 4143 Christo
751 4084 856 4141 firmata
869 4100 938 4142 con·
996 4087 1183 4154 constitutum,
1200 4094 1227 4143 et
1241 4085 1363 4160 gladium
1377 4085 1463 4156 ipsius
1477 4084 1572 4140 matris
1591 4084 1709 4140 animam
1733 4102 1800 4158 per-

138 4174 209 4230 fidit.
225 4174 307 4229 Porta
322 4188 461 4245 uunquam
477 4183 573 4245 aperta
584 4180 625 4229 est
636 4182 732 4231 sancta
745 4175 793 4229 Dei
805 4174 939 4239 Genitrix,
997 4178 1176 4232 transiturum
1200 4176 1278 4246 (Luc.
1302 4176 1346 4245 ιι).
1366 4172 1481 4231 Gladius
1509 4172 1608 4229 Christi
1632 4174 1725 4245 passio
1739 4176 1798 4245 ejus

138 4278 278 4335 nunquam
292 4262 368 4317 virile
383 4263 551 4319 consortium
566 4270 690 4334 experta.
711 4264 763 4319 Per
786 4279 866 4335 quam
889 4279 937 4321 so·
995 4264 1046 4321 suit
1069 4280 1124 4339 qua
1146 4264 1234 4321 hostis
1257 4263 1384 4336 antiquus
1408 4258 1556 4318 transfixus
1575 4262 1729 4319 succubuit.
1746 4264 1800 4336 Qui

137 4351 181 4406 lus
196 4352 252 4407 Rex
267 4366 363 4421 regum
375 4349 498 4406 Christus
512 4352 652 4409 nascendo
666 4351 693 4406 in
708 4351 840 4407 mundum
854 4360 939 4408 trans·
993 4356 1111 4411 animam
1128 4354 1220 4411 llarioe
1244 4352 1370 4409 transivit
1396 4368 1462 4407 cum
1485 4367 1519 4407 eo
1534 4350 1618 4426 [euml
1631 4368 1731 4425 magno
1745 4354 1798 4410 do·

138 4439 196 4505 trit,
212 4446 238 4495 et
251 4448 381 4512 perpetua
404 4439 563 4513 virginitate
584 4440 708 4497 clausam
732 4440 853 4513 reliquit.
872 4441 937 4497 llaec
991 4440 1050 4501 lore
1064 4444 1092 4499 iu
1106 4459 1191 4501 cruce
1214 4442 1382 4515 pendentem
1397 4441 1475 4510 vidit,
1501 4440 1576 4497 unde
1599 4442 1682 4497 etiam
1707 4443 1797 4515 magis

137 4528 235 4584 eadem
249 4528 335 4602 virgo
350 4528 478 4585 scribitur
488 4527 549 4585 cccli
559 4538 638 4601 porta
650 4530 777 4585 omnibus
787 4530 831 4603 pie
845 4530 937 4587 visen·
991 4549 1076 4606 quam
1092 4541 1197 4605 martyr
1210 4532 1306 4588 extitit.
1323 4531 1449 4587 Christus
1464 4538 1555 4587 autern
1569 4529 1619 4586 fuit
1639 4531 1719 4588 ruina
1743 4533 1795 4588 lu-

137 4617 208 4673 tibus
218 4632 327 4689 semper
341 4626 445 4689 aperta.
467 4618 518 4673 Per
533 4618 606 4675 banc
620 4618 723 4675 habent
746 4619 888 4675 transitum
904 4620 937 4675 ad
953 4614 980 4675 D
996 4623 1117 4680 daeorum
1132 4629 1160 4677 et
1173 4621 1339 4678 resurrectio
1353 4636 1535 4694 paganorum,
1547 4636 1610 4676 cum
1630 4620 1716 4677 ludaei
1730 4637 1794 4692 per·

136 4706 220 4761 vitam
234 4706 398 4778 poenitcutes
410 4714 437 4763 et
452 4708 542 4763 cuncti
559 4708 694 4763 Christum
720 4709 799 4764 adire
820 4710 936 4781 cupien-
993 4710 1116 4767 infidiam
1130 4718 1301 4775 corruerunt,
1317 4710 1434 4783 gentiles
1448 4724 1514 4764 uero
1529 4708 1625 4763 avicis
1640 4725 1690 4779 per
1709 4708 1793 4767 fidem

135 4802 188 4850 tes.
214 4796 278 4851 Haec
306 4811 415 4868 quoque
432 4796 516 4869 Virgo
538 4796 698 4852 intemerata
722 4806 890 4868 praenotatur
908 4799 935 4853 in

135 4892 231 4939 sancta
259 4883 391 4957 hystoria.
421 4884 489 4941 Cum
516 4887 632 4957 populns
660 4886 695 4942 de
710 4888 826 4961 Egyptu
853 4888 935 4944 ductu

135 4972 221 5044 lloysi
251 4973 424 5045 repatriaret,
453 4983 481 5031 et
508 4976 544 5032 ob
570 4978 810 5033 murmurationem
839 4985 934 5033 contra

133 5063 247 5133 Moysen
263 5070 289 5117 et
303 5063 395 5118 Aaron
411 5079 459 5120 eos
474 5063 552 5120 luror
567 5066 675 5122 Domini
698 5065 727 5121 in
749 5066 863 5123 heremo
884 5083 934 5123 cr-

134 5151 300 5217 terminaret‚
314 5150 395 5221 jussit
415 5152 548 5209 Dominus
565 5161 594 5209 ut
618 5154 653 5210 de
670 5154 785 5227 singulis
810 5155 933 5212 tribubus

133 5240 227 5311 virgas
242 5240 270 5295 in
284 5241 461 5299 tabernaculo
477 5250 652 5315 reponerent,
668 5251 694 5299 et
709 5246 787 5314 cuius
800 5245 881 5317 virga
904 5246 932 5303 in

991 4800 1091 4857 Christi
1105 4806 1325 4856 resurrexerunt.
1342 4798 1456 4869 Signum
1480 4795 1703 4853 contradictionis
1725 4815 1793 4857 crus

991 4898 1058 4957 erat,
1072 4889 1116 4945 cui
1130 4888 1216 4944 ludaei
1231 4896 1256 4943 et
1268 4894 1366 4961 gentes
1381 4886 1482 4959 ubique
1495 4883 1729 4943 contradicebant.

1025 4977 1180 5047 Uerissimi,
1196 4977 1220 5032 si
1235 4992 1287 5032 uos
1300 4976 1426 5047 cupimus
1439 4975 1468 5029 iu
1482 4972 1584 5045 templo
1594 4973 1699 5031 eoelesti
1710 4976 1790 5033 Chri-

989 5074 1059 5123 stum
1088 5067 1239 5138 suscipere,
1269 5072 1378 5137 oportct
1406 5079 1457 5119 nos
1484 5063 1514 5118 in
1537 5062 1638 5136 templo
1653 5062 1789 5123 Ecclesiae

987 5171 1060 5214 nuuc
1074 5156 1180 5211 hostias
1194 5170 1256 5211 cum
1267 5154 1317 5210 Dei
1327 5152 1467 5210 Genitrice
1481 5150 1590 5210 offerre.
1607 5153 1637 5208 lu
1653 5151 1716 5227 lege
1729 5161 1787 5211 erat

987 5244 1161 5301 constitutum
1179 5251 1210 5299 ut
1237 5243 1336 5299 divites
1357 5242 1489 5298 mulieres
1513 5241 1663 5313 purganda
1682 5257 1787 5316 agnum

132 5330 253 5385 crastino
267 5328 347 5386 iteres
368 5332 541 5403 produceret,
557 5332 629 5388 huuc
644 5334 732 5390 Deum
761 5334 879 5406 elegisse
905 5344 932 5391 et
985 5334 1014 5389 iu
1029 5330 1163 5390 sacrificio
1176 5332 1282 5401 darent,
1305 5346 1443 5404 pauperes
1465 5347 1531 5388 reru
1553 5331 1622 5387 duas
1643 5330 1785 5389 columbas

133 5418 195 5474 huic
209 5418 323 5475 obedire
337 5435 391 5476 non
406 5420 575 5476 dubitarent.
594 5421 691 5477 hlletis
711 5422 804 5495 itaque
824 5423 930 5480 duode-
984 5423 1027 5480 vel
1043 5439 1093 5496 par
1103 5430 1238 5478 turturum
1248 5420 1528 5493 immolarent(l.euit.
1538 5420 1601 5491 ιιιι).
1616 5420 1667 5475 Per
1679 5436 1784 5494 agnum

134 5507 184 5561 cim
202 5507 287 5580 virgis
311 5516 337 5563 et
348 5506 388 5563 'in
412 5510 588 5565 tabernaculo
613 5512 758 5568 sanctuarii
774 5512 877 5582 positis,
901 5512 929 5569 in
982 5513 1046 5571 uitae
1061 5509 1255 5576 innocentiam,
1267 5509 1301 5581 (D
1311 5509 1368 5576 lt),
1383 5526 1433 5580 per
1447 5517 1566 5565 turtures
1580 5524 1645 5564 rere
1659 5525 1783 5566 moereu-

132 5596 251 5653 crastino
267 5596 343 5671 virga
358 5602 450 5654 Aaron
465 5598 556 5655 ilorurt
584 5608 610 5657 et
638 5616 722 5657 nuces
742 5600 799 5671 jam
824 5609 929 5659 mature
982 5601 1051 5657 tium
1076 5600 1236 5673 designatur
1263 5597 1444 5671 poenitentia;
1473 5612 1523 5669 pro
1555 5606 1636 5654 cantu
1663 5614 1780 5673 namque

132 5683 197 5759 [lep.
214 5686 345 5762 maturas]
359 5687 470 5763 protulit
484 5690 582 5763 (Num.
601 5686 687 5763 xvir).
706 5682 711 5691 “
984 5696 1098 5764 gemunt
1112 5697 1139 5747 et
1158 5694 1256 5746 moesta
1282 5687 1399 5761 suspiria
1420 5686 1517 5746 edunt.
1536 5687 1606 5758 Quia
1625 5685 1710 5761 igitur
1726 5705 1781 5748 nou
