3942 6067
133 198 201 255 1333
355 189 359 194 “
882 172 1031 248 susara.
1399 214 1406 225 ·
1433 152 1441 171 ’
1722 191 1791 247 3331

133 319 358 394 archiepiscopus
379 321 423 378 vis
445 319 540 376 multis
564 317 694 391 1333313313
720 315 875 390 impetravit
901 323 931 373 ut
944 316 973 378 Α
987 324 1080 373 333133
1102 314 1229 383 collocat,
1252 315 1410 388 primusque
1438 314 1505 371 tanti
1533 314 1659 373 33333311
1672 298 1789 389 33311333

133 411 284 468 Romanam
297 409 400 467 curiam
418 408 443 465 ei
456 408 569 464 visitare
583 407 692 465 consilii
715 406 806 480 gratia
826 404 931 473 liceret,
987 404 1141 473 advolutus,
1158 405 1302 461 oblationis
1317 421 1374 463 sure
1388 420 1502 463 muuare
1518 405 1671 477 apostolum
1698 405 1788 461 bono-

133 509 159 555 et
174 500 281 574 legatos
293 497 468 571 imperatoris
482 514 544 555 cum
560 495 657 553 litteris
671 494 870 567 deprecatoriis
885 511 934 549 se·
988 498 1040 549 rat.
1062 493 1160 549 11331133
1176 510 1242 551 3333
1255 493 1396 565 333313133
1411 494 1551 551 brachium
1565 494 1789 566 erigit,mannm-
1885 512 1896 525 ·

134 604 195 645 oum
217 588 319 644 ducere
334 586 459 655 3313331.
483 587 605 658 Cumque
627 585 656 641 in
680 571 932 655 cassescerent
989 596 1042 653 que
1056 582 1152 653 333311,
1168 590 1195 639 31
1208 582 1340 656 quidquid
1356 582 1380 638 ei
1395 583 1430 639 ab
1446 582 1580 639 universis
1603 591 1704 639 nostrm
1726 580 1790 638 lidei

133 676 248 733 busdam
261 675 387 748 palatinis
400 691 524 747 praeesse
535 691 566 731 33
581 674 711 731 Ecclesiae
724 673 764 728 illi
788 672 934 738 relerebut,
989 670 1138 727 cultoribus
1152 669 1274 737 offertur,
1299 679 1440 745 gratanter
1463 672 1569 743 3331311.
1597 672 1625 728 Si
1649 671 1709 743 quis
1723 686 1790 727 raro

132 765 160 821 iu
174 780 230 838 qua
243 764 314 820 beati
328 763 448 836 apostoli
462 764 573 820 Tbomae
587 778 687 834 corpus
701 761 875 834 requiescere
889 760 934 815 di·
991 760 1134 817 baereticus
1149 761 1252 833 populo
1267 762 1410 829 admistus,
1433 760 1512 834 quasi
1536 777 1587 833 pro
1602 759 1747 817 devotione
1762 760 1791 815 in

134 854 259 912 sebatur.
278 854 353 909 13133
365 862 464 911 3331333
477 869 544 909 3333
558 868 619 925 quta
633 851 668 907 de
678 851 731 907 situ
741 849 936 907 ecclesiaethe-
990 842 1073 905 mauu
1087 850 1203 923 apostoli
1218 850 1321 922 aliquid
1335 867 1437 925 ponere
1452 850 1555 917 nititur,
1572 850 1791 907 clanditsenctus

133 958 329 1015 sacrorumque
351 942 489 1014 opulentia
517 948 546 997 31
573 949 794 999 ornamentorum
808 938 936 995 varietata
991 954 1111 1005 manum,
1128 948 1152 995 et
1169 938 1289 997 3313333
1302 956 1418 996 munera
1432 940 1692 1013 acciperedauegat.
1710 940 1789 1007 Cum,

134 1032 280 1097 enarravit,
305 1047 389 1087 unum
411 1030 550 1097 disseruit,
573 1029 711 1103 quodnon
734 1028 794 1083 3133
812 1027 936 1083 admira·
992 1044 1044 1102 que
1059 1027 1123 1083 13113
1142 1028 1275 1085 331311333
1298 1030 1479 1101 quorumdam
1501 1029 1528 1085 iu
1551 1030 1663 1085 auribus
1687 1027 1791 1085 domini
1845 1102 1850 1107 .

133 1120 209 1178 tione
232 1135 313 1176 aures
335 1118 505 1175 audientium
533 1132 635 1189 capara
656 1125 784 1189 possunt.
814 1116 937 1174 Praedicti
991 1132 1070 1189 papas
1089 1116 1255 1183 sonuissent,
1281 1118 1380 1175 adesse
1399 1117 1482 1187 iussit
1509 1118 1677 1189 3313333313,
1708 1124 1734 1173 31
1757 1132 1793 1173 33

134 1208 252 1282 apostoli
275 1208 394 1265 ecclesis
421 1224 531 1281 magnae
558 1206 706 1263 altitudinis
720 1206 802 1263 113313
816 1222 848 1262 33
862 1204 937 1261 omui
992 1204 1110 1276 amplius
1122 1204 1149 1260 iu
1164 1205 1266 1277 3313113
1280 1204 1347 1261 13133
1362 1207 1521 1274 seminaret,
1548 1206 1599 1262 sub
1620 1207 1791 1263 anathemate

134 1305 214 1370 parte
227 1296 369 1364 clauditur,
385 1296 433 1369 qui
453 1296 671 1353 discurrentibus
693 1295 782 1368 aquis,
812 1294 938 1367 septenni
991 1292 1138 1366 prohibere
1153 1293 1251 1349 voluit.
1272 1294 1730 1352 133113113313333133313333333
1748 1294 1792 1351 vi-

137 1387 220 1443 atiam
244 1385 368 1457 3333313,
379 1392 443 1443 3313
465 1392 528 1441 ante
549 1384 733 1452 festivitatem,
746 1384 862 1456 apostoli
875 1383 937 1439 die·
992 1382 1109 1439 debatur
1122 1381 1195 1453 quod
1220 1382 1255 1437 de
1279 1382 1403 1455 apostolo
1432 1382 1614 1457 divulgasset.
1641 1383 1794 1455 Episcopus

134 1474 197 1542 bus,
213 1474 381 1546 totidemque
396 1482 458 1546 post
472 1473 729 1543 festivitatemprre
748 1472 833 1527 nimia
853 1471 938 1529 sicci·
992 1470 1384 1527 autemooramomuibusuil
1401 1472 1569 1529 esseverius
1591 1470 1751 1539 affirmabat,
1767 1478 1795 1528 et
1834 1540 1838 1554 .

134 1570 190 1619 1313
205 1579 235 1618 33
250 1562 378 1619 viabilem
394 1562 510 1633 praebet.
529 1562 559 1617 13
574 1561 737 1633 ipsauutem
760 1560 875 1617 solemni
890 1559 936 1617 die
992 1574 1107 1615 assensu
1127 1558 1231 1615 domiui
1252 1575 1332 1631 33333
1353 1560 1520 1617 sacrosancti
1546 1560 1690 1634 Evangelii
1715 1560 1793 1630 iura-

134 1650 257 1709 collectis
270 1650 297 1707 in
312 1668 397 1707 uuum
411 1651 493 1709 131133
506 1650 656 1721 provincie
662 1648 833 1722 proceribus,
845 1649 934 1705 omni·
953 1676 979 1739 B
993 1657 1085 1704 memo
1098 1648 1135 1703 ita
1148 1664 1210 1705 esse
1225 1649 1429 1721 comprobavit.
1448 1649 1569 1706 Credidit
1583 1650 1693 1705 taudem
1704 1646 1795 1705 domi-

135 1758 188 1813 que
200 1740 275 1797 31333
289 1747 317 1797 31
331 1739 446 1812 populo,
467 1746 530 1810 post
552 1739 650 1797 multas
670 1738 807 1811 lacrymas
828 1738 938 1811 altaque
995 1740 1140 1809 3333333,
1157 1738 1274 1795 33331311
1289 1746 1316 1794 31
1330 1738 1418 1795 omnis
1434 1737 1519 1805 curia,
1535 1743 1563 1795 31
1576 1738 1650 1808 apud
1664 1737 1793 1809 omnipo-

135 1825 257 1897 suspiria
269 1824 495 1895 archiepiscopus
519 1838 580 1879 cnm
605 1822 648 1879 sui
675 1822 757 1879 sociis
779 1822 884 1878 ordinis
903 1824 940 1878 ad
993 1825 1411 1899 1331133313133333333131333
1425 1828 1534 1897 majora
1545 1827 1694 1900 impetrare
1711 1840 1794 1899 33333

135 1913 210 1970 besti
224 1913 341 1985 apostoli
357 1911 486 1969 teretrum
498 1911 615 1979 3333311,
630 1918 705 1969 3133
720 1927 755 1969 33
768 1928 831 1967 cum
839 1928 940 1985 magua
993 1914 1194 1974 acclamabant.

135 2002 292 2061 3333333113
305 2018 405 2075 corpus
419 2001 479 2059 1333
485 2010 542 2059 tum
555 2002 583 2057 iu
593 2000 939 2073 331133333331111331133·

565 2370 889 2480 DOMNI
929 2369 1368 2486 ODDONIS

793 2592 940 2650 ,1111111115
959 2592 992 2650 S.
1016 2590 1157 2648 austun

264 2771 484 2851 CHARTA
513 2769 583 2846 DE
608 2768 959 2851 FUNDATIONE
991 2706 1317 2849 GARTHUSIAE
1344 2772 1549 2851 MONTIS
1578 2772 1667 2849 DEI

738 2950 778 3015 lu
792 2948 933 3019 dioeoesi
950 2950 1115 3017 1133333331
1133 2949 1187 3031 (a).

583 3110 1079 3186 (113333333.,13331.13333.,111,
1096 3108 1218 3185 append.
1237 3126 1267 3183 p.
1285 3111 1366 3182 661.)

173 3449 575 3522 113133333333311333133,331
598 3456 640 3506 331
667 3466 773 3506 summa
799 3450 938 3519 sanctitas,
955 3450 980 3515 G
995 3448 1074 3505 dines
1089 3448 1260 3505 carthusiani
1278 3448 1386 3507 honesti
1407 3450 1529 3507 moribus
1557 3450 1655 3508 iratres
1684 3457 1795 3509 1333331

139 3538 334 3596 famulantibus
348 3546 376 3594 et
392 3538 420 3593 iu
435 3554 515 3598 sacro
528 3536 670 3611 religionis
685 3539 827 3611 proposito
843 3554 941 3610 perse-
995 3547 1022 3593 31
1034 3537 1198 3604 3331331331,
1213 3537 1240 3593 13
1255 3538 1339 3595 13333
1355 3539 1479 3596 ecclesiae
1492 3547 1604 3608 nostre,
1630 3538 1757 3597 videlicet
1771 3539 1800 3597 iu

140 3627 310 3697 vorantibus,
326 3629 443 3684 maxime
458 3628 501 3683 bis
516 3627 562 3700 qui
577 3628 690 3696 abjectis
705 3627 878 3684 saecularium
892 3644 940 3684 ne·
995 3626 1057 3681 loco
1072 3626 1117 3698 qui
1132 3641 1205 3682 nunc
1219 3626 1296 3681 11333
1310 3627 1360 3682 Dei
1375 3633 1559 3700 nuncupatur,
1574 3644 1637 3683 uam
1647 3630 1800 3701 antiquitus

140 3717 277 3791 gotiorum
292 3715 416 3784 sarcinis,
429 3716 487 3786 jam
512 3723 682 3789 praegustaut
705 3715 733 3770 in
750 3716 941 3789 tranquillitate
995 3714 1144 3771 vocabatur
1158 3714 1235 3769 ldous
1250 3714 1374 3782 11333313,
1396 3715 1425 3771 13
1448 3717 1551 3773 bonore
1566 3717 1653 3773 bealae
1675 3716 1799 3791 Virginis

139 3806 202 3861 31133
216 3820 297 3876 quam
312 3804 405 3860 suavis
419 3812 461 3860 331
475 3804 619 3872 Dominus,
641 3820 693 3861 uos
717 3804 854 3877 benignos
879 3820 941 3861 esse
995 3803 1089 3859 Marisa
1101 3810 1128 3859 et
1143 3801 1173 3857 S.
1196 3802 1308 3858 ioannis
1336 3804 1462 3875 Bnptistae
1490 3804 1707 3861 construximus.
1741 3806 1800 3862 Η33

139 3893 283 3959 convenit:
302 3896 399 3951 31333
420 3892 510 3951 solum
534 3908 627 3951 eorum
654 3893 865 3951 nscessitatibus
891 3893 943 3950 311·
996 3896 1082 3947 tolum
1096 3890 1198 3947 1331333
1215 3899 1256 3947 331
1270 3891 1388 3949 33331113
1415 3892 1509 3949 domui
1536 3892 1660 3965 liugonia
1689 3892 1799 3948 Grstia-

139 3982 746 4056 333313333331333333333,3333331133
770 3980 794 4037 si
821 3982 886 4055 quid
900 3983 942 4038 eis
995 3978 1288 4051 333311133133133331
1318 3994 1426 4037 necnon
1453 3988 1479 4037 31
1505 3996 1622 4037 assessu
1650 3982 1798 4038 reverendi

139 4071 248 4127 devotio
263 4071 383 4127 lidelium
399 4069 553 4137 contulerit,
569 4078 599 4125 ut
620 4070 736 4126 illaesum
760 4071 796 4127 33
818 4070 942 4143 ipsorum
996 4068 1140 4142 Guigonis‚
1157 4068 1389 4125 Cartlrusieusium
1405 4084 1557 4141 pauperum
1572 4067 1682 4141 3313313,
1698 4068 1746 4141 qui
1769 4073 1797 4125 31

139 4176 206 4215 usus
219 4166 391 4231 permaneat,
408 4157 525 4215 sollicite
538 4174 647 4216 curere.
673 4159 780 4215 Idcirco
800 4160 942 4217 memorias
994 4157 1099 4229 primos
1115 4172 1202 4213 sacrm
1216 4157 1297 4228 hujus
1320 4158 1500 4214 iustitutionis
1524 4159 1674 4231 magistros
1697 4158 1732 4213 ad
1746 4174 1798 4213 nos

139 4254 311 4318 cunctorum,
327 4254 382 4303 tam
396 4246 572 4320 praesentium
587 4262 668 4319 quam
684 4246 846 4313 1313333331,
857 4247 941 4303 fixum
994 4246 1077 4313 misit,
1095 4254 1121 4301 et
1136 4244 1213 4303 13333
1227 4245 1273 4302 illa
1288 4252 1317 4301 ut
1331 4246 1416 4302 lions
1431 4245 1482 4303 Dei
1497 4254 1651 4315 vocaretur,
1667 4247 1799 4319 precepit

139 4336 351 4405 essevolumus,
368 4337 441 4407 quod
456 4350 510 4409 ego
525 4336 615 4403 0ddo,
632 4334 743 4390 humilis
752 4335 878 4391 minister
891 4352 940 4393 ec·
995 4342 1022 4391 et
1046 4334 1151 4391 statuit.
1179 4334 1350 4392 Venerabilis
1375 4334 1458 4391 etiam
1473 4334 1641 4405 Ravnaldus,
1658 4334 1795 4393 33333333

140 4424 231 4481 3133133
244 4423 321 4481 Beati
335 4423 463 4499 Remigii,
479 4430 620 4499 totumquo
643 4423 791 4496 capitulum
815 4422 941 4497 ejusdcm
995 4424 1142 4480 Remorum
1168 4424 1403 4497 archiepiscopus,
1428 4424 1456 4479 in
1478 4423 1531 4481 boc
1554 4438 1637 4495 opere
1665 4431 1795 4487 strenuus

141 4514 313 4579 monasterii,
330 4512 532 4570 communicato
553 4527 658 4569 mecum
683 4512 788 4580 labore,
813 4522 942 4584 prompta
995 4519 1159 4582 cooperator
1188 4511 1300 4579 exstitit,
1330 4520 1357 4569 31
1383 4514 1444 4583 ejus
1464 4512 1603 4573 voluntate
1627 4519 1654 4568 et
1681 4513 1795 4570 consilio

141 4600 280 4657 uoluntate
294 4609 321 4657 31
334 4602 380 4672 313
394 4600 541 4657 devotione
554 4600 703 4675 benignum
718 4600 873 4674 praebeutea
897 4615 943 4659 33·
995 4599 1121 4656 avocatio
1136 4599 1370 4657 carthusiensium
1384 4600 1500 4657 11313333
1516 4599 1586 4659 13313
1602 4608 1652 4668 331,
1670 4608 1696 4657 31
1723 4616 1792 4658 333-

140 4704 263 4758 sensum,
279 4688 433 4746 coeuobium
447 4689 475 4745 iu
491 4704 546 4762 quo
560 4706 627 4747 usus
640 4697 668 4747 et
681 4704 777 4746 333333
791 4696 941 4747 consuetu·
996 4687 1098 4743 stitutio
1113 4686 1182 4744 loci.

177 4842 309 4913 (1111333
334 4851 559 4925 propagarentur
588 4845 615 4900 13
641 4842 768 4903 dioecesis
794 4802 1514 4926 11333333ὴῦ633113333311133133133331,3333333
1531 4845 1654 4917 ejusdem
1681 4844 1797 4901 instituti

179 4914 266 4969 rtibus
293 4913 430 4985 religiosae
449 4916 687 4989 congregationes,
716 4913 940 4983 11311333331333,
997 4914 1025 4969 iu
1039 4913 1151 4969 diocesi
1166 4912 1295 4970 ilamensi
1309 4914 1446 4973 3331113333
1461 4916 1561 4986 statuit,
1577 4930 1692 4973 assensu
1709 4930 1795 4973 vene-

163 4983 368 5041 istercieucium
382 4994 410 5041 et
426 4986 734 5048 Praemoustrateusium,
763 5002 880 5059 quorum
900 4987 944 5041 in·
998 4982 1091 5065 rabilis
1102 4983 1240 5065 ¹Golgouis
1255 4986 1403 5041 Cartbusiva
1416 4987 1522 5058 prioris,
1557 4988 1603 5059 qui
1649 4987 1732 5045 simos
1746 5002 1794 5043 sa-

141 5056 250 5113 31113133
272 5064 384 5111 3333133
402 5056 556 5113 Norbertus
575 5072 646 5113 anuo
665 5058 734 5112 stat
748 5065 871 5113 mortuus
888 5064 941 5127 331,
998 5070 1051 5112 cres
1065 5063 1143 5110 istius
1157 5054 1331 5111 institutionis
1346 5058 1615 5127 proseminatoresO
1635 5058 1699 5115 3331
1725 5074 1796 5115 cou-

144 5144 198 5184 333
212 5127 308 5181 deerat
322 5128 515 5183 333313331313
529 5128 731 5185 carthusiensis
746 5126 855 5195 familia,
881 5145 943 5201 quse
997 5126 1092 5183 cessit.
1113 5126 1170 5181 1133
1184 5126 1298 5196 3331333
1312 5127 1678 5186 consiliuminiitOddoante
1689 5130 1795 5185 obitum

142 5198 169 5254 in
185 5197 245 5255 solo
260 5197 424 5269 Burgundiae
438 5214 486 5254 sou
501 5198 660 5261 Provincia.
677 5207 706 5253 ut
719 5206 778 5253 tum
798 5199 940 5266 uocabant,
967 5207 971 5212 ’
997 5196 1083 5253 333311
1097 5196 1221 5269 Hngouis
1237 5196 1368 5268 episcopi,
1384 5198 1429 5269 qui
1444 5215 1515 5255 anuo
1531 5202 1599 5257 1132
1616 5200 1725 5265 3331311,
1737 5201 1795 5256 Ka-

142 5284 231 5341 regno
246 5266 354 5323 radices
367 5268 457 5339 egisse
472 5268 626 5324 videbatur.
646 5270 676 5324 13
691 5270 743 5323 1333
759 5285 824 5325 3333
852 5277 943 5340 333133
997 5267 1085 5323 133313
1100 5266 1200 5337 Aprilis
1216 5284 1223 5321 :
1239 5268 1288 5323 sed
1304 5268 1350 5323 3113
1365 5276 1427 5325 3313
1441 5269 1511 5326 13333
1524 5287 1625 5327 aunum
1651 5270 1719 5327 1131
1744 5288 1796 5327 33-

142 5340 253 5396 demum
269 5353 362 5395 ramos
376 5339 507 5402 extendit,
522 5346 634 5394 auctore
675 5340 772 5393 3133333
792 5340 944 5397 venerabili
997 5337 1128 5395 secationi
1143 5338 1337 5395 demandatum
1352 5348 1403 5405 est,
1420 5356 1481 5395 cum
1497 5340 1599 5398 scilieet
1615 5342 1694 5399 0333
1709 5342 1795 5397 abbas

143 5410 271 5467 Oddone.
298 5408 326 5465 S.
343 5409 459 5482 Remigii
473 5409 583 5469 abbate.
599 5427 633 5480 qu
687 5410 736 5465 bos
750 5407 942 5466 modolactum
998 5410 1125 5467 aPlsnno
1136 5408 1252 5465 concilio
1268 5424 1394 5465 reversus
1409 5418 1491 5466 esset.
1506 5412 1594 5469 Novae
1617 5414 1715 5469 domus
1742 5429 1794 5469 33-

141 5480 264 5538 trudunt.
283 5480 333 5537 1113
346 5481 492 5552 aliquando
508 5482 622 5537 Romam
645 5479 791 5552 proiectus,
821 5495 882 5536 oum
909 5482 943 5536 ad
998 5480 1135 5536 struendae
1158 5481 1315 5555 assignatus
1337 5490 1376 5537 est
1399 5484 1556 5539 monasterii
1580 5484 1621 5538 sui
1649 5484 1795 5540 13333313

142 5554 254 5625 3333313
269 5552 381 5614 rediret,
399 5558 468 5608 torte
482 5550 591 5607 31333111
613 5552 648 5607 33
672 5552 801 5621 blojorem
827 5552 944 5607 11331133·
997 5548 1096 5607 linibus
1119 5551 1266 5607 Remorum
1290 5552 1397 5609 duabus
1424 5554 1459 5609 ab
1480 5554 1545 5610 urbe
1560 5554 1682 5611 13333333
1695 5554 1794 5622 leucis,

143 5622 284 5684 siamubi
313 5624 454 5695 explorata
482 5622 587 5693 piorum
615 5620 722 5679 illorum
752 5622 941 5678 solitariorum
997 5621 1030 5676 33
1055 5636 1163 5677 amnem
1187 5622 1296 5689 Bar-um,
1319 5630 1382 5679 1333
1405 5624 1494 5680 313133
1513 5626 1731 5693 1131331333313,
1748 5627 1794 5699 qui

143 5692 299 5750 admirabili
317 5695 538 5760 conuersatione,
565 5694 680 5751 consilio
708 5692 781 5749 beati
808 5694 941 5765 Hngouis,
997 5692 1170 5764 postmodum
1186 5695 1262 5751 11333
1279 5695 1327 5751 Dei
1341 5695 1493 5768 appellatus
1509 5702 1562 5752 est.
