3942 6067
231 313 282 366 att
558 307 704 366 HONOIiil
724 303 974 362 nunusrontm.
995 301 1080 357 OPi'.
1105 299 1192 358 PARS
1211 299 1249 356 11.
1273 327 1309 339 -
1326 298 1545 356 axnoffltca.
1823 303 1875 354 ato

232 433 278 505 qui
294 445 396 505 magna
410 429 461 488 Dei
472 432 609 504 promissa
618 429 696 502 quasi
707 441 789 500 parua
799 426 924 498 despicit,
936 428 963 482 et
972 440 1033 496 pm·
1046 424 1074 484 A
1088 423 1243 480 auditorum
1256 422 1342 481 verba
1355 422 1476 480 scientiae
1489 420 1646 487 dilatamus,
1661 421 1770 491 etjurta
1785 421 1879 476 unius-

232 533 295 578 nam
310 529 421 580 eternas
435 521 616 578 damnationis
630 518 708 590 quasi
722 515 891 574 tolerabilem
907 514 1023 586 spernit.
1079 515 1211 585 cujusque
1225 512 1385 586 punitatem
1409 513 1502 568 divina
1520 511 1630 584 eloquia
1650 512 1831 583 dissipamus.
1851 510 1880 566 Si

233 611 472 668 lteramrllliusor
486 617 537 677 est,
553 608 599 681 qui
613 623 678 664 auca
691 606 833 679 proximos
847 603 985 676 simplices
1000 607 1028 660 et
1080 605 1109 660 in
1123 600 1223 672 plateis
1238 613 1325 672 aquas
1338 597 1464 656 dividere
1486 598 1632 665 dehemus,
1647 597 1787 670 quomodo
1812 609 1880 669 ergo
1964 648 1965 661 ,

232 714 369 771 pauperes
399 698 555 754 insultando
576 696 736 754 contemnit.
762 694 864 750 Omnes
885 694 935 750 hos
959 695 1028 748 tales
1080 704 1129 744 eas
1143 687 1194 745 soli
1208 688 1314 744 habere
1328 686 1472 757 debemus,
1488 703 1556 759 quas
1566 687 1594 742 in
1604 685 1702 758 plateis
1713 685 1881 742 dividimus?
1964 731 1965 756 ,

232 787 403 844 abraminatur
417 786 560 853 Dominus,
577 791 679 843 etcum
691 783 1028 856 simplicibuscstsermo
1081 775 1195 846 Quando
1210 775 1271 832 aliis
1290 775 1378 831 verba
1402 775 1494 831 divina
1518 775 1711 848 predicamus,
1736 781 1764 830 et
1790 781 1881 829 tamea

231 877 340 932 cinctio
354 877 415 946 cius
436 875 523 946 (uera.
550 874 607 944 ιι),
631 873 695 945 quii
715 873 776 928 illos
795 871 885 944 gratia
908 870 1028 928 omlestis
1081 865 1134 921 soli
1148 880 1234 938 aquas
1247 865 1391 930 habemus,
1407 864 1471 936 quia
1487 864 1521 919 de
1536 863 1595 935 ipsa
1610 863 1803 935 predicatione
1827 862 1881 916 hu-

231 963 373 1035 sepientiae
386 963 530 1032 illuminat,
547 961 592 1035 qui
607 962 635 1017 in
649 977 679 1018 se
702 961 768 1017 nihil
791 959 957 1031 duplicitatis
976 961 1027 1014 ha·
1081 969 1176 1010 manas
1190 953 1287 1010 laudes
1300 968 1356 1008 non
1368 953 1527 1027 querimus.

230 1051 305 1108 bent.
846 1151 852 1162 Ι
1380 1077 1500 1136 capnt
1520 1077 1580 1134 Vll.

526 1165 642 1222 CAPUT
662 1168 710 1222 tv.
1117 1175 1190 1245 Quid
1200 1184 1243 1232 eat
1255 1175 1329 1248 quod
1338 1175 1469 1231 Salomon
1479 1175 1545 1230 dicit
1557 1175 1665 1247 delego
1675 1191 1723 1230 sua
1734 1180 1817 1244 iners.
1829 1176 1875 1235 3i³

267 1289 356 1360 Quare
374 1289 502 1346 Salomon
518 1288 584 1346 dicit
597 1289 680 1360 (vers.
698 1294 726 1361 3)
745 1308 750 1344 ι
769 1291 803 1346 dt
822 1307 868 1363 epo
885 1292 962 1360 filius
983 1293 1028 1363 sui
1081 1266 1151 1335 Ηθα
1165 1281 1229 1320 eam
1244 1266 1275 1320 in
1290 1265 1475 1362 diiiu‘fussi
1501 1265 1592 1363 mibi
1616 1265 1698 1363 ’ΠΨ
1722 1264 1754 1362 ²⁰²}
1777 1263 1880 1318 ’Μῖἷὸ

229 1381 321 1452 putria
340 1381 397 1435 neei
414 1379 547 1444 tenacitas,
564 1382 592 1433 et
621 1377 788 1450 arrigeniius
812 1396 907 1436 corcrn
936 1386 1027 1438 rrratrc
1081 1353 1173 1409 Μαί*
1191 1352 1337 1422 “monis
1353 1351 1529 1424 emmim
1555 1368 1582 1406 ¹¹¹
1607 1348 1702 1422 (ΨΜ
1726 1350 1880 1423 ¹¹3⁸¹'⁹P⁰'

228 1468 313 1525 mcci
328 1467 472 1537 Quomodo
493 1465 542 1522 luit
566 1465 722 1539 unigenitus
744 1483 837 1524 coram
859 1478 945 1525 matre
967 1486 1026 1536 sua,
1082 1441 1157 1497 ΜΗ
1172 1449 1218 1496 ³¹¹²
1233 1439 1256 1496 ’ἰ
1272 1436 1377 1506 simii·
1397 1455 1458 1512 (ιω)
1473 1442 1526 1496 effi
1540 1435 1669 1497 ”mimi

230 1573 291 1612 cum
304 1554 445 1626 praecessit
460 1571 522 1610 eum
544 1553 667 1610 uterinus
682 1549 774 1626 irater,
794 1555 863 1613 sicut
887 1557 1027 1629 Scriptura

228 1641 292 1698 libri
306 1645 412 1717 Regum
426 1641 559 1699 leslaiur'l

268 1733 367 1788 Verum
383 1733 429 1805 qui
444 1732 585 1806 praecessit
599 1747 662 1788 enm
683 1731 775 1800 irater,
793 1726 841 1789 sed
861 1723 907 1790 ille
922 1743 1016 1791 morti

228 1823 307 1878 natus
321 1817 372 1889 esi,
388 1817 465 1894 quasi
481 1835 622 1894 nunquam
643 1819 748 1890 luisset,
776 1821 835 1878 sine
858 1824 971 1880 nomine
992 1824 1028 1880 de

227 1912 277 1967 hec
290 1910 343 1966 vita
357 1910 494 1980 discessit,
508 1913 657 1984 propteroa
676 1909 756 1968 istum
777 1913 961 1984 urtipcnitum
977 1929 1027 1986 ap-

227 1998 325 2075 pellat.
1371 2022 1485 2080 natat
1506 2023 1576 2080 illl.

549 2085 664 2158 cliui
684 2092 715 2156 V·
1119 2119 1315 2192 onroiqooa
1329 2118 1878 2192 mpranrrraanpmmo:nausca-

263 2223 337 2293 ρει
352 2229 395 2280 en
408 2224 483 2296 quoa
496 2223 563 2280 aran
575 2223 660 2294 (ors.
676 2225 703 2297 ε)
719 2241 726 2280 ι
743 2227 782 2282 na
796 2226 843 2282 aar
861 2225 967 2282 artano
982 2221 1029 2283 aa
1081 2209 1133 2264 aar
1145 2219 1197 2281 arr
1209 2210 1336 2282 amatu
1350 2210 1412 2266 aas
1427 2209 1883 2276 emmeramensem

229 2328 327 2369 norem
343 2317 435 2378 tuurn,
451 2317 479 2368 ct
502 2325 592 2370 nonos
608 2318 671 2370 tuos
685 2313 820 2370 antitis
845 2315 885 2370 De
908 2327 962 2387 quo
979 2316 1028 2373 lao-
1082 2297 1165 2353 Ρῑῑῐθ
1179 2297 1376 2370 ⁰¹⁰⁰ill⁰i⁸⁰¹⁰i
1393 2299 1474 2354 mimi
1488 2301 1624 2371 “mimi
1648 2298 1749 2354 indm
1770 2299 1803 2352 5⁹⁸
1818 2297 1883 2352 ⁰⁷⁶⁶

228 2416 295 2456 nore
312 2399 387 2470 dicit,
403 2409 448 2457 aut
463 2417 532 2473 quos
547 2401 627 2458 vocat
640 2401 768 2458 alienos?
1083 2386 1393 2458 ‘timfflfflfissssissld
1417 2385 1567 2458 &diffiniit
1593 2387 1622 2442 id
1650 2394 1692 2442 est
1720 2386 1770 2442 ⁰01
1799 2385 1882 2442 filius

263 2490 303 2545 De
318 2490 394 2561 quot
407 2491 509 2546 Factus
519 2495 562 2546 est
577 2489 657 2548 lamo
668 2491 705 2547 od
716 2493 871 2564 imaptrtena
882 2495 932 2548 liei
943 2491 1025 2563 (Gen.
1081 2475 1224 2546 pueriliter
1236 2474 1349 2530 ludebat
1362 2488 1454 2530 ΜΠ]
1471 2475 1576 2530 Pam?

227 2594 246 2646 1,
262 2575 321 2647 21).
341 2578 453 2635 Alienos
475 2587 552 2634 vocat
566 2579 716 2648 deamones,
733 2579 761 2636 et
782 2589 824 2638 εει
847 2593 945 2637 sensus
963 2599 968 2637 :
985 2583 1027 2638 Ne
1116 2563 1210 2618 Ab⁵i²¹
1237 2562 1291 2618 sid
1304 2562 1369 2635 quid
1383 2570 1426 2620 0⁸¹
1448 2563 1523 2635 quod
1547 2562 1623 2630 dicit,
1647 2562 1768 2620 ludens?
1789 2563 1818 2618 id
1841 2573 1883 2617 til

226 2668 359 2724 honoram
376 2676 449 2723 guum
465 2668 551 2739 (qugd
568 2669 603 2724 ,g
622 2669 769 2740 {maginem
789 2669 839 2725 pgr
860 2675 969 2726 cmm
984 2676 1026 2742 es)
1080 2651 1214 2724 gaudeus.
1231 2651 1351 2708 ludebat
1365 2651 1439 2708 enim
1452 2667 1502 2724 per
1517 2651 1640 2723 singulos
1650 2651 1750 2718 dies,id
1764 2657 1881 2722 estgnu·

227 2749 297 2811 „3310
312 2755 438 2824 vigendo,
454 2756 556 2812 ,ubggg
571 2757 718 2813 immundi,
731 2758 887 2830 gpjfpjgug,
1080 2739 1162 2796 debat
1177 2755 1207 2795 se
1221 2756 1305 2796 uuum
1319 2755 1391 2806 esso,
1407 2735 1460 2796 hoc
1476 2748 1519 2795 est
1533 2739 1614 2794 unius
1636 2739 1798 2796 substantiae
1817 2755 1877 2794 crana

263 2843 352 2913 Quem
367 2844 486 2916 appellat
499 2844 653 2912 crudelem,
669 2851 716 2902 tut
730 2845 765 2902 de
778 2846 878 2920 quinus
890 2847 968 2903 andis
983 2847 1025 2904 dt·
1081 2828 1165 2884 palie
1179 2845 1195 2884 θ
1208 2827 1343 2900 Ριῑῡθῑιῑθ
1358 2843 1391 2883 0¹
1406 2828 1504 2885 ‘fiebili
1518 2828 1692 2884 aeiel'ssiiflfii·

226 2931 320 2989 pum?
1115 2906 1258 2986 Quomodo
1272 2903 1384 2971 ludebat
1398 2915 1473 2973 omni
1494 2921 1616 2989 tempore
1640 2915 1666 2971 in
1697 2908 1765 2973 orbe
1792 2917 1882 2971 terra-

262 3023 358 3077 annos
373 3027 453 3079 vocat
467 3023 556 3094 spatia
570 3022 645 3092 rite3
662 3023 812 3094 crudelem,
828 3023 979 3080 diabolum.
991 3023 1025 3082 tn
1078 3009 1164 3062 ium?

226 3117 269 3166 eat
283 3116 384 3166 sensus
402 3125 408 3164 :
425 3111 518 3182 spatia
533 3111 594 3168 vite
609 3111 730 3184 quatiat
745 3112 821 3168 dedit
843 3114 926 3182 Deus,
950 3114 1023 3171 male
1038 3133 1064 3197 ρ
1115 3093 1186 3163 0⁰5⁸
1200 3109 1262 3151 ⁰⁰¹⁰
1278 3102 1401 3170 tempore
1416 3093 1492 3152 ⁰lhi⁵
1506 3101 1531 3151 0²
1546 3101 1681 3152 maium
1693 3109 1755 3150 ⁰⁵⁸⁰
1779 3093 1882 3164 cu²95⁵·

228 3198 346 3255 mendo
359 3203 394 3256 gf,
408 3199 500 3266 mg„
514 3199 638 3257 diabolo,
1078 3186 1147 3249 seni,
1161 3179 1220 3254 ipse
1236 3180 1319 3240 Pilius
1334 3177 1481 3258 gaudebat,
1497 3183 1559 3256 quia
1571 3183 1644 3256 quod
1656 3183 1716 3238 erat
1726 3191 1835 3254 semper
1849 3182 1878 3238 in

263 3289 303 3344 De
318 3299 373 3360 gua
385 3288 504 3345 cisterna
518 3289 584 3346 dieii
598 3289 741 3358 Salomon,
756 3298 803 3347 aar
818 3290 853 3347 de
867 3299 921 3364 qrto
940 3301 1025 3364 puteo
1078 3269 1157 3327 Piile
1173 3273 1309 3329 maneant.

228 3376 339 3447 fluenta,
354 3393 416 3434 cum
431 3373 496 3434 dicit
511 3379 596 3449 (tert.
623 3380 669 3446 to)
686 3397 692 3434 r
709 3375 772 3436 ntae
791 3393 893 3454 opernm
911 3381 944 3438 tle
966 3384 1024 3438 cis·
1383 3347 1500 3418 ems
1519 3350 1572 3416 ῙΧ·

229 3469 312 3521 terno
329 3469 380 3522 tuo
395 3471 424 3522 et
436 3467 547 3535 tinentia
563 3469 664 3540 putati
1115 3464 1187 3536 Quid
1202 3467 1330 3542 estquod
1345 3467 1382 3524 ait
1396 3469 1484 3540 (vers.
1505 3469 1531 3537 ι)
1546 3485 1553 3522 r
1570 3469 1717 3540 Sapientia
1732 3467 1881 3535 edificavit

262 3555 414 3610 (littamltm
430 3563 509 3611 vocat
518 3556 689 3624 catholicam,
704 3557 783 3614 idest
795 3557 1025 3615 VeteristcNorl
1079 3556 1132 3612 stoi
1147 3555 1281 3612 domum?

228 3643 394 3699 Testamenti
408 3644 578 3708 doctrinam
594 3653 704 3717 puteum
719 3662 795 3714 vero,
813 3647 1029 3719 prolanditatem
1114 3643 1184 3713 Quia
1197 3641 1225 3698 in
1239 3645 1321 3700 domo
1336 3644 1481 3702 edificavit
1495 3644 1550 3700 sibi
1565 3645 1738 3716 sapientiam.
1755 3640 1875 3714 Sapien-

228 3734 255 3786 ει
266 3731 435 3788 altitudinem
454 3731 578 3802 ejusdam
598 3731 741 3792 catltnllom
757 3729 900 3803 doctrinm,
913 3743 1024 3808 aquam,
1079 3731 1126 3800 tia,
1141 3731 1168 3787 id
1183 3740 1225 3788 est
1239 3732 1289 3790 Dei
1305 3733 1387 3790 Filius
1401 3733 1535 3790 Dominus
1549 3735 1630 3789 iesus
1652 3733 1787 3795 Christus,
1803 3731 1871 3786 aedi-

229 3821 392 3886 scientltm3
409 3823 633 3892 lineatamopiam
647 3831 674 3880 et
687 3824 878 3880 abundantiam
892 3825 1024 3897 scientim,
1079 3821 1171 3878 licavit
1184 3822 1237 3876 sibi
1251 3822 1372 3893 domurn,
1395 3824 1459 3894 quia
1486 3823 1546 3893 ipse
1566 3823 1667 3878 crearit
1688 3819 1825 3876 homiuem
1849 3819 1876 3873 in

231 3909 320 3966 uarios
335 3915 422 3967 antrat
446 3911 596 3984 Scriptura
616 3913 739 3984 tppettat
761 3914 923 3971 intellectus.
941 3916 1028 3970 Docet
1079 3919 1158 3966 utero
1173 3910 1304 3983 Virginis,
1322 3928 1402 3984 quem
1417 3899 1444 3966 in
1459 3911 1592 3966 unitatem
1606 3926 1665 3965 suro
1681 3924 1809 3982 personas
1830 3923 1878 3964 as·

229 3999 301 4054 enlm
317 3999 408 4056 vernis
430 4001 471 4056 itit
493 4004 625 4057 cavaret
647 4002 770 4058 doctrina
785 4004 983 4074 haereticoram,
1000 4013 1027 4060 et
1080 3999 1208 4070 sumpsit.

156 4097 159 4108 ’
229 4089 370 4144 attendere
381 4088 543 4144 lectionlltas
557 4099 699 4146 sacrarum
710 4091 926 4161 scripturarum.
937 4093 972 4148 lit
985 4099 1027 4147 εει
1115 4086 1259 4157 Quomodo
1274 4088 1370 4158 (iiiii.)
1386 4089 1499 4146 excidit
1513 4090 1664 4147 columnus
1678 4086 1809 4161 septem?

229 4180 345 4230 sansut:
360 4177 426 4232 iiiia
440 4185 534 4250 apaan
545 4178 579 4234 da
593 4180 719 4234 cisterna
736 4183 796 4248 tart,
808 4189 888 4234 serra
904 4180 930 4235 ει
943 4193 1026 4252 opere
1116 4177 1227 4247 Septem
1243 4175 1385 4232 columnas
1399 4177 1509 4246 excidit,
1536 4178 1599 4248 quia
1621 4192 1672 4248 per
1694 4174 1880 4248 septilormem

227 4263 311 4334 iinpla
325 4263 480 4320 doatrluatn
492 4272 575 4337 quain
591 4265 652 4320 tilla
668 4266 810 4336 predicat,
822 4275 849 4322 ει
863 4261 963 4323 tluenta
975 4269 1027 4339 pti·
1080 4263 1197 4338 gratiam
1213 4258 1328 4336 Spiritus
1343 4267 1431 4322 sancti
1445 4266 1532 4321 erexit
1554 4265 1694 4322 Ecclesiae
1713 4279 1762 4335 per
1782 4261 1880 4318 orbem

229 4351 276 4418 tal,
293 4351 320 4405 id
335 4352 376 4407 esi
390 4353 557 4408 abundantia
573 4353 761 4408 sermonumt
776 4369 825 4410 seu
840 4355 969 4424 scientim,
982 4353 1026 4411 al-
1080 4361 1223 4418 terrerum,
1239 4367 1300 4424 quae
1314 4353 1384 4410 sicut
1397 4354 1532 4410 columnae
1548 4351 1728 4409 sustentando
1742 4350 1881 4408 continent

230 4438 347 4496 fluenter
363 4441 497 4497 mdundet
511 4441 538 4496 la
553 4449 579 4498 tc
594 4443 622 4497 in
637 4442 766 4515 operibus
781 4444 873 4500 annis.
1080 4440 1238 4496 memoriam
1254 4441 1373 4497 nominis
1388 4443 1458 4512 ejus,
1474 4441 1504 4497 id
1522 4451 1565 4498 est
1583 4441 1742 4514 mysterium
1761 4443 1820 4511 eiras
1835 4439 1878 4494 in-

1118 1528 1149 1585 in
1162 1519 1264 1603 digitis,
1280 1531 1333 1586 hoc
1348 1536 1389 1585 est
1403 1523 1431 1584 in
1444 1521 1564 1586 actitans.
1584 1523 1727 1600 tegentia
1742 1521 1835 1602 digitis
1848 1529 1882 1584 ιι-
1968 1510 1969 1577 i

1082 1622 1129 1694 gat
1143 1619 1298 1692 quicunque
1312 1627 1373 1674 earn
1388 1613 1468 1674 nonis
1482 1611 1613 1690 operibns
1627 1615 1723 1689 implet
1737 1625 1765 1673 et
1777 1626 1879 1683 ornat,

1018 1744 1028 1790 ,
1082 1709 1110 1763 in
1123 1707 1224 1763 tabulis
1236 1708 1338 1774 cordis,
1354 1707 1406 1763 hoc
1421 1713 1463 1762 est
1476 1708 1506 1762 in
1530 1696 1675 1764 latitudine
1689 1702 1876 1777 cogitationis.

1042 1776 1068 1835 Β
1082 1790 1184 1852 Scribit
1197 1804 1265 1868 ergo
1279 1789 1371 1868 legem
1385 1786 1413 1850 ln
1429 1786 1532 1851 rabolis
1556 1791 1651 1852 cordis
1673 1797 1725 1862 snt,
1751 1789 1796 1867 qni
1818 1807 1881 1850 eam

1083 1898 1144 1942 ann
1160 1878 1262 1958 gaudio
1276 1883 1401 1956 snanptr,
1418 1891 1445 1941 er
1459 1885 1599 1941 menone
1613 1881 1798 1941 commentat.

265 4526 356 4595 Quare
374 4528 439 4584 dicit
453 4530 579 4586 Salomon
598 4546 604 4585 :
621 4531 791 4589 deriventur·
804 4536 898 4605 sorites
915 4537 958 4590 tui
979 4539 1026 4607 (os
1081 4535 1261 4592 carnationis.
1281 4537 1377 4592 Potest
1391 4544 1418 4592 et
1432 4533 1509 4592 aliter
1521 4537 1654 4608 intelligi:
1671 4533 1879 4606 Sapientiam

230 4628 287 4684 rat,
303 4621 331 4672 ct
345 4619 376 4673 in
390 4619 493 4690 plateis
508 4629 594 4693 epuns
610 4624 675 4676 tatas
689 4614 780 4678 diotae
790 4621 871 4688 (aare.
885 4623 944 4693 idm
962 4635 1027 4681 cum
1081 4641 1151 4693 mus,
1167 4625 1293 4682 Ecclesia
1314 4625 1415 4681 Christi
1439 4635 1497 4683 est:
1513 4625 1647 4682 columnae
1668 4631 1759 4680 autern
1781 4623 1879 4678 domus

231 4705 317 4760 statim
333 4707 479 4779 subjungat
491 4727 497 4762 :
510 4709 614 4766 ilnteto
629 4723 676 4765 eos
690 4711 777 4777 sotus,
795 4721 845 4766 nec
860 4713 921 4767 tint
934 4714 1028 4771 citent
1081 4715 1171 4784 hujus,
1187 4714 1276 4771 sancti
1290 4714 1430 4772 doctores.
1449 4714 1516 4785 Quae
1532 4713 1665 4772 cotnnruae
1688 4713 1758 4768 bene
1772 4719 1879 4782 septem

230 4795 385 4868 participes
400 4797 462 4852 tui?
477 4798 562 4864 (l'ers.
581 4799 642 4866 ta.)
663 4798 691 4852 Si
709 4797 799 4853 lomes
820 4807 930 4855 nostras
950 4801 1027 4858 tiaras
1082 4817 1144 4858 esse
1158 4801 1295 4868 dicantur,
1312 4802 1377 4875 quia
1388 4803 1478 4859 sancti
1491 4804 1621 4860 doctores
1635 4801 1730 4873 repleti
1744 4807 1807 4856 sunt
1831 4815 1878 4854 se·

229 4882 394 4952 derivamus,
410 4890 437 4940 et
453 4883 480 4940 ln
495 4885 593 4957 plateis
605 4897 692 4959 aqaas
710 4885 865 4954 dividimus,
888 4891 1026 4961 quomodo
1080 4888 1200 4960 ptiiormi
1214 4890 1304 4961 gratia
1319 4891 1405 4948 sancti
1417 4891 1542 4963 Spiritus,
1560 4890 1703 4960 Quomodo
1718 4903 1786 4961 ergo
1800 4888 1878 4944 exci-

230 4971 281 5027 soii
294 4981 343 5028 ειε
359 4969 461 5030 imberti
475 4975 640 5046 possumus?
1082 4978 1121 5034 dit
1147 4977 1282 5049 sapientia
1309 4979 1359 5034 has
1386 4980 1551 5036 columnas?
1580 4976 1698 5043 Excidit,
1713 4977 1876 5041 columnas,

266 5058 394 5130 Qttttmtlt
416 5063 444 5119 ila
466 5063 555 5119 ambit
574 5063 696 5119 rideatur
718 5065 914 5132 contrarietas,
937 5075 1027 5122 tantan
1082 5066 1146 5136 quia
1159 5074 1265 5122 mentes
1278 5066 1492 5138 praedicetornm
1506 5069 1541 5123 ab
1559 5083 1655 5122 amore
1669 5065 1812 5136 praesentis
1826 5081 1878 5120 sre-

229 5155 284 5202 non
299 5153 350 5215 etl,
367 5145 429 5220 qnia
444 5148 487 5204 itte
502 5146 643 5204 sententiar
653 5153 707 5204 aaa
721 5152 839 5218 possunt
849 5147 902 5204 nisi
918 5151 1027 5222 spiritit-
1081 5153 1135 5210 culi
1151 5155 1288 5226 separavit
1301 5164 1329 5212 et
1344 5156 1431 5212 erexit
1445 5173 1494 5214 eos
1509 5156 1545 5211 ad
1568 5152 1878 5226 portandam'ejusdem

229 5235 291 5290 liter
305 5235 435 5309 intelligi.
455 5235 558 5292 Fontes
572 5251 639 5307 ergo
655 5245 763 5292 nostros
778 5237 947 5308 derivamus,
964 5255 1025 5296 cum
1081 5243 1213 5300 Ecclesiae
1227 5243 1370 5300 fabricam.

229 5319 290 5378 aliis
305 5323 359 5378 rint
374 5323 575 5396 predicationis
590 5323 771 5392 intendimus,
794 5339 855 5380 curn
875 5326 958 5382 verba
977 5341 1026 5383 aa·
1116 5332 1157 5387 Ι)ε
1171 5331 1272 5404 quiam
1286 5327 1391 5390 ancillis
1409 5332 1476 5390 dicit
1498 5332 1627 5389 salomon
1646 5335 1721 5402 (aare
1734 5334 1762 5402 ³)
1779 5347 1785 5386 ε
1802 5333 1877 5390 misit

229 5425 284 5466 orm
298 5411 446 5484 Scripturas
459 5411 660 5468 annuntiamus.
676 5413 705 5467 ln
722 5411 817 5483 plateis
829 5424 914 5485 equas
927 5415 1027 5471 dividi·
1080 5419 1203 5478 certitas
1218 5436 1284 5478 aaut
1298 5427 1331 5477 nt
1349 5427 1483 5479 uocarent
1492 5421 1529 5479 cd
1544 5435 1651 5489 arcem,
1665 5426 1696 5478 ει
1710 5421 1748 5478 cd
1771 5423 1878 5478 attento

230 5495 329 5566 dicius,
353 5511 415 5556 cum
440 5499 548 5573 papulis
567 5501 759 5572 predicamus.
787 5499 884 5558 Pittet
905 5517 1026 5577 namque
1080 5511 1225 5567 cinitonis?

229 5583 300 5642 dieta
319 5596 359 5643 eat
373 5601 389 5644 a
404 5589 558 5654 latitudine,
574 5599 616 5646 est
635 5589 708 5646 enirn
729 5590 845 5647 Gemens
866 5599 971 5649 termo
994 5591 1026 5648 la
1116 5599 1238 5655 inedias
1252 5606 1342 5666 tonat,
1356 5599 1624 5672 sanetosapoatoloa.
1636 5599 1727 5669 Quare
1738 5607 1876 5656 rocateos

229 5673 328 5746 plateis
342 5683 408 5750 arpo
422 5689 509 5749 aquas
524 5677 682 5750 dividimus,
694 5679 805 5751 qiraada
816 5680 842 5736 in
852 5681 1026 5741 multitudine
1079 5687 1219 5744 ancssiaat
1231 5695 1345 5761 propter
1358 5689 1551 5761 insipientiam,
1563 5687 1750 5745 inmanitatem
1758 5697 1785 5744 at
1804 5699 1877 5760 pan-
