3942 6067
195 249 245 306 t'tt
449 257 452 267 ’
532 239 682 299 ttONontt
701 231 958 295 tuuustonutt.
977 231 1061 290 OPP.
1086 232 1173 290 Pstis
1192 231 1229 289 11.
1248 261 1283 276 -
1297 225 1518 290 aasentias,
1791 236 1852 294 ιη

197 386 243 426 sus
257 375 298 426 est
313 367 350 424 ad
363 381 408 422 me
422 381 471 438 pcr
484 366 609 439 gratiam,
621 363 668 436 qul
677 361 724 418 diu
734 374 850 419 eversus
865 366 905 415 est
921 372 938 415 a
951 372 997 412 me
1009 356 1037 416 Α
1086 356 1270 434 'tropologice
1279 360 1368 418 fidelis
1382 359 1518 417 animated
1528 358 1658 416 durorum
1668 357 1854 422 convertitur,

196 465 308 530 propter
321 453 477 528 perfidiam.
1048 465 1110 506 cum
1124 447 1159 506 de
1174 449 1246 505 mala
1260 449 1315 506 vita
1329 449 1364 506 ad
1378 448 1582 520 poenitentiam,
1600 445 1642 504 vel
1663 445 1697 503 da
1721 445 1857 504 saeculari

232 547 324 603 Potest
338 550 366 600 ει
379 544 432 599 hoc
446 542 481 597 de
494 539 620 598 Ecclesia
643 539 766 613 gentium
786 535 918 612 intelligi,
933 553 995 610 quae
1049 537 1105 594 vita
1118 537 1153 592 ad
1167 537 1335 610 spiritualem
1350 537 1531 604 convertitur;
1548 542 1576 592 et
1589 535 1705 591 dilectus
1727 535 1763 590 ad
1786 549 1857 590 eam

197 635 264 693 dicit
276 633 311 691 ad
326 628 545 689 adolescentulas
562 647 567 681 :
585 629 645 702 Ego
660 627 761 685 dilecto
775 640 846 693 meo,
862 633 889 684 et
901 625 936 682 ad
950 641 995 681 mc
1049 624 1225 690 convertitur,
1241 642 1302 682 cum
1326 623 1351 682 ci
1374 625 1492 698 gratiam
1513 638 1592 679 suam
1619 622 1745 695 largitur,
1766 637 1856 693 quun

196 722 341 781 conversio
357 720 426 789 ejus,
441 716 518 789 quasi
530 715 621 772 dicat:
635 716 695 788 Ego
710 714 789 786 prius
803 714 880 771 exsul
894 730 909 771 a
925 715 993 781 Deo,
1048 713 1125 784 prius
1140 713 1167 770 ei
1181 713 1324 781 subtraxit,
1342 728 1405 770 cum
1419 713 1455 769 οδ
1470 711 1578 783 culpam
1591 727 1623 768 se
1636 711 1672 766 ab
1687 726 1719 767 ea
1733 710 1849 767 avertit.

195 812 229 868 ab
244 808 317 867 omni
331 821 427 864 errore
450 805 485 859 ad
508 819 571 860 eum
594 819 654 860 sum
673 818 824 871 conversa,
840 810 869 859 nt
884 801 953 859 civis
966 808 997 858 ct
1050 801 1211 875 Anagogice
1224 809 1314 858 autem
1324 801 1449 859 Ecclesia
1463 800 1498 856 sd
1513 813 1635 872 superna
1647 799 1799 871 suspirans,
1811 797 1854 856 ad

195 897 362 958 domestica:
382 901 408 950 et
421 893 481 965 ipse
503 891 580 964 prius
605 891 692 948 iratus
716 893 836 949 humano
851 889 946 963 generi
959 890 994 945 ad
1050 889 1179 946 dilectum
1193 906 1224 947 sc
1238 889 1380 958 convertit,
1392 906 1454 947 cum
1468 890 1503 946 de
1517 888 1618 946 mundo
1633 887 1669 945 ad
1683 887 1784 944 coelum
1797 886 1853 941 mi·

196 1003 241 1043 me
251 992 294 1042 est
302 995 462 1048 conversus,
473 988 571 1037 natura
579 988 682 1037 nostrae
691 978 997 1037 mortalitatisindutus.
1049 985 1126 1051 grau
1143 986 1170 1035 et
1183 978 1244 1053 ipse
1258 995 1288 1036 se
1303 979 1338 1035 ad
1353 994 1413 1035 cam
1428 976 1578 1045 convertit,
1595 991 1658 1032 cum
1672 990 1734 1031 earn
1752 974 1779 1030 in
1799 989 1854 1032 so-

196 1075 230 1132 Et
243 1087 293 1130 vos
307 1085 375 1145 ergo
389 1071 424 1127 dc
438 1067 511 1125 mala
526 1068 734 1126 conversatione
749 1066 941 1126 convertimini
960 1066 996 1123 ed
1049 1065 1177 1124 rietatem
1191 1066 1353 1142 angelorum
1376 1065 1485 1139 recipit.
1511 1065 1680 1136 Hucusque
1702 1063 1854 1135 synagoga

195 1162 323 1235 primam,
340 1166 368 1218 et
381 1163 522 1216 convertet
542 1171 573 1213 se
595 1156 630 1214 ad
653 1172 703 1214 vos
722 1173 771 1229 per
785 1154 995 1230 indulgentiam.
1049 1153 1178 1226 latravit;
1191 1155 1248 1226 lam
1263 1155 1448 1232 mandragora
1475 1153 1503 1210 in
1527 1151 1705 1225 aequantibus
1722 1149 1847 1207 intrabit.

618 1433 1034 1552 TRACTATUS
1083 1437 1425 1568 QUARTUS.

232 1633 381 1703 Postquam
395 1636 468 1686 totns
482 1629 628 1686 contitutus
639 1625 787 1683 Snutrnitis
801 1625 829 1680 in
844 1625 933 1682 aulam
949 1640 996 1680 re·
1050 1624 1137 1694 ninnt,
1149 1626 1259 1698 quando
1273 1625 1398 1687 Christus
1408 1636 1435 1683 et
1444 1625 1572 1685 Ecclesia
1582 1640 1631 1698 per
1640 1623 1770 1697 praelttos
1784 1638 1853 1680 con-

198 1719 241 1792 gia
255 1725 297 1774 eat
312 1723 448 1788 receptus,
460 1724 487 1772 ει
502 1715 640 1789 regalibus
651 1713 751 1787 nuptiis
762 1712 912 1779 admissum
930 1724 997 1768 ecce
1050 1712 1141 1768 silium
1155 1713 1259 1784 incunt,
1275 1729 1327 1787 qua
1340 1714 1509 1771 Christianos
1526 1721 1637 1786 propter
1651 1713 1775 1769 timorem
1790 1715 1852 1767 An·

198 1807 234 1863 ab
247 1805 376 1878 aquilone
389 1819 461 1862 nova
475 1819 580 1876 sponsa
593 1819 656 1860 cum
670 1817 772 1875 magno
786 1808 928 1872 apparatu,
944 1799 997 1857 sai·
1012 1837 1040 1898 B
1053 1800 1169 1859 tichristi
1181 1802 1217 1858 ad
1231 1801 1372 1874 perfidiam
1386 1801 1532 1875 prolapsos
1546 1801 1581 1859 ad
1595 1800 1782 1876 poenitentiam
1798 1814 1852 1855 re-

198 1895 262 1952 licet
276 1892 456 1967 llandmgora
470 1892 530 1948 ains
544 1891 633 1964 capite
656 1904 759 1962 sponso
775 1889 938 1956 adducitur;
952 1887 998 1945 cui
1053 1897 1161 1951 vocent.
1177 1889 1221 1946 vel
1236 1890 1326 1948 adnm
1348 1891 1506 1948 incredulos
1527 1906 1576 1962 per
1600 1890 1796 1961 praedicatores
1816 1888 1854 1942 ad

198 1983 234 2038 ab
247 1997 281 2038 eo
296 1995 411 2038 aureum
430 1987 512 2053 caput
532 1979 681 2052 imponitur
704 1977 861 2034 diademata
884 1976 999 2032 redimi·
1053 1977 1137 2035 iidem
1150 1987 1318 2037 convertant.
1335 1982 1366 2034 ln
1380 1979 1452 2036 villis
1465 1987 1680 2044 commorantur,
1692 1978 1756 2033 dum
1767 1991 1855 2049 paga-

199 2079 268 2138 tnm,
281 2069 309 2125 in
323 2068 424 2142 nuptiis
439 2067 580 2141 recipitur.
601 2065 750 2124 sunamitis
764 2066 868 2144 quippe
876 2065 911 2121 de
925 2063 1001 2138 regia
1054 2082 1153 2124 norum
1162 2067 1342 2124 conuentibus
1350 2067 1469 2124 maxime
1476 2065 1651 2143 praedicando
1659 2067 1852 2121 immorantur.

200 2159 271 2215 urba
285 2173 421 2230 regressa,
437 2157 541 2214 invenit
555 2155 773 2229 blandragoram
787 2153 910 2227 regalem
925 2152 1002 2225 puel·
1090 2155 1244 2212 Similitudo
1257 2163 1299 2212 est
1313 2158 1348 2212 ab
1363 2155 1419 2212 iilis
1432 2155 1520 2229 quiin
1534 2171 1628 2227 agrum
1642 2153 1788 2226 spatiatum
1803 2167 1855 2208 va·

201 2246 257 2302 lam
271 2246 331 2303 sine
345 2245 435 2317 eapite
449 2245 477 2300 in
491 2259 558 2316 agm
569 2244 707 2314 jacentem
720 2258 727 2297 :
738 2243 783 2299 cui
797 2241 911 2298 nimium
925 2257 1001 2298 oom-
1055 2243 1132 2310 dunt,
1146 2243 1175 2299 in
1189 2243 1269 2299 villam
1283 2243 1319 2298 ad
1333 2242 1519 2316 spectaculum
1534 2242 1709 2301 conveniunt.
1724 2239 1785 2297 Nox
1800 2237 1853 2296 luit

203 2349 295 2406 passa,
310 2341 336 2390 et
350 2331 386 2389 ad
401 2348 497 2405 regern
507 2347 644 2405 regressa,
655 2330 755 2388 obnixe
769 2329 904 2402 supplicat
918 2338 946 2385 ut
961 2345 1002 2386 ae·
1055 2338 1162 2402 tempus
1175 2331 1373 2404 persecutionis
1388 2331 1565 2396 Anichristh
1585 2345 1667 2386 mane
1688 2344 1756 2386 vero
1778 2335 1854 2384 tem·

203 2437 266 2479 aum
281 2428 334 2489 eat,
348 2421 459 2478 misera
473 2419 631 2478 subveniat.
660 2419 717 2475 ilex
733 2433 809 2490 ergo,
825 2434 888 2475 cum
906 2418 1001 2474 Suna-
1054 2435 1106 2491 pus
1119 2419 1196 2490 pacis
1210 2427 1271 2492 post
1285 2429 1401 2476 mortem
1410 2419 1579 2476 Antichristi.
1592 2419 1672 2475 lianc
1685 2432 1753 2490 ergo
1767 2431 1853 2489 spon-

203 2510 270 2566 mite
291 2509 318 2564 in
341 2522 439 2584 agrurn
463 2509 579 2564 veniens
600 2515 627 2563 ει
648 2505 779 2564 miseram
805 2506 1002 2564 miserabiliter
1056 2524 1102 2564 sos
1117 2515 1145 2565 et
1158 2523 1259 2579 sponsa
1273 2508 1308 2564 ad
1322 2508 1416 2565 vineas
1430 2515 1560 2581 surgunt,
1575 2507 1623 2579 qui
1636 2506 1717 2579 qnasi
1730 2503 1758 2560 in
1771 2512 1853 2561 nocta

203 2598 305 2655 nodam
319 2597 472 2664 inveniens,
486 2596 586 2663 clavat,
601 2595 694 2665 vestit,
709 2609 824 2651 aureum
843 2603 924 2666 caput
947 2595 1001 2650 im·
1055 2595 1233 2660 dormierunt,
1258 2596 1322 2652 dum
1343 2613 1374 2652 se
1396 2604 1458 2669 post
1472 2611 1568 2652 necem
1582 2592 1743 2652 Antichristi
1756 2591 1792 2648 ad
1807 2592 1850 2648 ta-

204 2685 281 2758 ponit
294 2685 329 2741 ad
343 2685 451 2758 nuptias
474 2683 634 2742 introducit.
664 2683 847 2757 blandragora
861 2691 902 2740 est
916 2684 1003 2740 herba
1055 2685 1169 2742 ciendos
1181 2684 1320 2741 Ecclesiae
1334 2683 1616 2758 erigunt,vslsuheo
1629 2683 1787 2738 destructas
1800 2680 1854 2736 eri·

205 2773 322 2832 formam
335 2771 447 2829 humani
461 2772 588 2844 corporis
602 2771 707 2828 habens
728 2771 787 2826 sine
802 2771 899 2842 capite,
915 2778 942 2826 et
956 2771 1001 2826 in·
1055 2782 1133 2847 gunt,
1149 2782 1176 2830 ct
1190 2782 1334 2841 renovant,
1356 2773 1401 2830 vel
1424 2773 1566 2845 dispersas
1580 2778 1757 2845 congregant.
1782 2783 1853 2840 quas

204 2860 339 2932 colligitur
353 2859 496 2917 multitudo
511 2857 660 2915 infidelium
672 2874 680 2929 ;
693 2873 755 2931 quae
769 2866 833 2915 tunc
847 2857 909 2927 erit,
925 2859 1003 2928 cuins
1056 2861 1108 2916 sub
1122 2876 1155 2918 eo
1169 2861 1272 2919 destrui
1286 2861 1421 2929 viderunt,
1437 2861 1487 2918 aed
1501 2860 1581 2932 qnasi
1603 2858 1772 2916 dormientes
1792 2871 1850 2914 non

204 2955 286 3020 caput
299 2946 482 3004 Antichristus
496 2945 560 3017 erit,
577 2945 622 3018 qui
646 2953 688 3002 est
710 2952 791 3018 caput
804 2945 926 3001 omnium
941 2961 1002 3000 ma-
1057 2949 1221 3006 restiternnt.
1238 2950 1389 3023 Sequitur:

205 3035 303 3092 lomm.
322 3035 377 3091 Sed
392 3043 473 3106 caput
484 3033 673 3106 Mandragorae
687 3033 879 3106 amputabitur,
891 3034 1002 3106 quando
1092 3049 1177 3104 vm,
1188 3049 1233 3114 ιε,
1243 3048 1284 3106 ret,
1294 3049 1485 3106 „praem
1505 3050 1530 3104 ,r
1548 3049 1647 3118 mmet
1659 3047 1790 3111 ermes
1798 3046 1853 3114 po.

201 3121 387 3180 Antichristus
396 3121 548 3180 occidutur.
563 3122 628 3178 Post
642 3121 719 3192 cujus
728 3121 892 3179 occisionem
904 3123 1001 3178 videas
1056 3150 1101 3192 m
1116 3138 1231 3206 swam
1239 3137 1454 3210 wrm-gum
1466 3137 1627 3205 gomma
1637 3135 1716 3192 mata
1726 3133 1855 3206 punica?

206 3211 352 3285 synagoga
375 3209 582 3268 conversionem
601 3207 751 3266 inlidelium
765 3209 824 3266 aine
838 3211 930 3282 capita
941 3211 1000 3266 Αιι-
1015 3182 1040 3246 0
1053 3223 1112 3280 ΗΟ,
1126 3230 1168 3279 0⁸3
1180 3239 1230 3296 W
1243 3224 1439 3296 ppffliwom
1452 3224 1585 3282 migma,
1598 3239 1649 3279 ω,
1662 3221 1755 3278 videm
1769 3220 1794 3276 gp
1809 3220 1853 3276 vi.

205 3297 340 3364 tiehn‘sto,
356 3305 383 3354 ot
397 3296 478 3353 etiam
492 3311 587 3354 carere
601 3294 691 3368 capite
706 3295 833 3368 Christo,
849 3305 925 3368 optat
938 3311 1000 3353 eant
1054 3327 1116 3378 ω,
1132 3311 1237 3368 ,0111002
1250 3312 1406 3386 spuma,
1419 3313 1448 3368 p„
1461 3310 1516 3368 fige
1528 3310 1629 3377 pol-up,
1641 3318 1671 3365 ur
1680 3324 1741 3366 cam
1754 3310 1783 3364 1„
1797 3306 1853 3364 fide

204 3385 255 3441 sibi
268 3385 298 3440 in
312 3385 366 3442 fide
380 3383 484 3440 Christi
499 3383 640 3450 amosiari,
652 3392 679 3440 et
692 3383 779 3456 capite
793 3385 900 3443 Christo
915 3385 1000 3442 subli-
1054 3399 1206 3464 impetum„
1221 3400 1246 3456 ,ᾗ
1259 3400 1393 3457 pomum
1406 3401 1435 3457 g„
1448 3399 1502 3456 fide
1516 3415 1600 3472 opem
1614 3397 1678 3454 fidei
1692 3412 1850 3470 umqum.

204 3473 284 3542 mfl·
299 3472 367 3530 diiii
379 3487 448 3546 0¹8⁰
463 3487 566 3544 ⁸P⁰¹¹⁵⁰
582 3489 590 3526 ²
1055 3495 1108 3554 tur,
1123 3497 1152 3544 ut
1164 3487 1227 3545 ilios
1249 3488 1405 3554 imitentur;
1428 3489 1452 3544 si
1477 3467 1627 3544 imitatores
1647 3493 1798 3558 martyram
1822 3485 1852 3538 iu

240 3570 326 3626 Vsus.
339 3572 382 3638 ll,
395 3569 482 3625 ts-
496 3568 685 3638 Verti,dr'lecte
699 3570 750 3637 mi,
771 3570 952 3642 cprcdt'amur
966 3573 1001 3627 ist
1055 3574 1185 3647 patientia
1206 3575 1318 3642 florent,
1343 3584 1372 3632 nt
1396 3576 1459 3632 ilios
1482 3575 1635 3632 imitentur.
1654 3576 1694 3631 ibi
1707 3574 1776 3630 dabo
1799 3572 1853 3628 tibi

204 3674 318 3730 agrum,
329 3673 537 3716 conumeratusr
549 3657 581 3712 ta
596 3657 684 3715 villis.
696 3656 776 3727 Quod
790 3665 832 3714 est
845 3658 938 3715 dicere
953 3675 959 3714 :
975 3659 1000 3715 0
1054 3664 1141 3720 abaco
1153 3680 1228 3729 mco,
1242 3664 1296 3720 boc
1308 3672 1360 3731 est,
1374 3664 1402 3720 in
1415 3663 1465 3720 illo
1477 3679 1547 3736 agro
1562 3662 1702 3735 proteram
1716 3661 1753 3716 ad
1767 3661 1851 3716 hone

203 3745 304 3802 dilecta
318 3745 367 3813 mi,
377 3760 458 3817 quam
474 3761 533 3817 prm
545 3745 673 3803 omnibns
685 3745 782 3819 diligo,
793 3747 839 3820 qui
851 3745 885 3803 ad
898 3762 943 3802 me
953 3763 1002 3818 per
1055 3767 1115 3808 rcm
1128 3751 1168 3806 tni
1177 3767 1289 3808 omnem
1302 3751 1457 3809 doctrinam
1466 3753 1609 3823 utriusque
1623 3749 1705 3822 legis,
1719 3764 1781 3818 quae
1790 3756 1854 3803 aaut

203 3832 319 3906 gratiam
344 3833 453 3901 venisti,
477 3842 504 3890 ct
525 3848 576 3904 per
594 3833 771 3904 presentiam
785 3833 918 3891 donorum
933 3833 1000 3890 visi·
1055 3839 1142 3895 ubera
1154 3854 1225 3906 mea,
1240 3847 1271 3894 ut
1284 3838 1368 3896 rudes
1382 3840 1410 3894 in
1423 3837 1478 3895 lide
1492 3847 1592 3910 sugant
1606 3838 1671 3894 inde
1685 3837 1731 3893 lac
1746 3834 1852 3892 doctri-

203 3921 275 3986 taati,
291 3921 354 3978 vani
368 3921 450 3978 ctiam
464 3935 537 3980 nuac
551 3935 600 3993 per
614 3921 734 3992 gratiam
748 3921 781 3977 ad
797 3923 1001 3979 multitudinem
1053 3943 1109 3983 nm.
1127 3927 1162 3982 Et
1176 3934 1322 3998 postquam
1335 3943 1389 4000 ago
1403 3926 1529 3998 expressi
1541 3926 1636 3992 ubera,
1653 3924 1853 3996 mandragorae

203 4008 363 4075 iulidelium,
375 4015 402 4064 ει
417 4009 498 4064 visita
510 4025 574 4065 eam
589 4009 836 4081 perpoenitentiam
849 4011 1002 4067 charisma-
1054 4016 1194 4072 &darunt
1206 4015 1318 4072 odorem
1331 4016 1364 4071 tra
1376 4017 1467 4087 portia
1480 4016 1597 4072 nostris.
1614 4014 1809 4084 Eandmgora,
1824 4020 1855 4066 ut

206 4106 274 4166 tum,
290 4104 317 4153 ει
330 4096 536 4168 predicatores.
549 4096 731 4168 Egrediamur
740 4098 768 4152 in
780 4113 880 4171 agrum
894 4100 999 4170 mundi,
1055 4104 1156 4160 dictum
1170 4111 1222 4170 est,
1239 4104 1324 4160 barba
1338 4110 1381 4159 cst
1396 4101 1509 4159 formam
1524 4103 1637 4158 humani
1654 4101 1777 4171 corporis
1799 4101 1853 4155 ha-

205 4193 232 4241 et
245 4199 408 4256 spargamus
419 4199 467 4254 per
476 4183 593 4255 populos
608 4199 702 4240 semen
715 4184 792 4240 verbi
808 4185 873 4252 θεὴ
890 4193 918 4240 tu
932 4187 1002 4258 aspi·
1055 4192 1136 4257 bena,
1151 4191 1201 4248 sed
1214 4191 1305 4263 capite
1323 4205 1433 4255 carens,
1449 4191 1484 4246 cd
1499 4189 1598 4246 multos
1622 4188 1773 4246 maalein„
1796 4187 1853 4242 uti.

205 4271 309 4335 rando,
324 4285 378 4344 ego
393 4271 586 4342 predicando,
602 4279 629 4328 et
643 4271 798 4343 operando,
819 4279 846 4328 ει
864 4273 999 4332 docendo.
1055 4280 1106 4347 lis;
1122 4287 1150 4336 at
1161 4278 1321 4353 intelligitur
1340 4278 1490 4350 gentilitas,
1515 4295 1578 4351 quac
1599 4277 1733 4335 radonem
1755 4277 1853 4332 huma-

205 4359 261 4414 Diu
276 4372 479 4415 commoremur
492 4359 520 4414 in
535 4358 617 4426 villis,
632 4359 1002 4434 idestinpaganorumcon-
1055 4385 1119 4425 nam
1146 4367 1258 4435 hahuit,
1291 4367 1342 4424 sed
1368 4366 1506 4422 Christum
1535 4374 1618 4438 caput
1649 4365 1775 4422 lldclium
1797 4379 1854 4420 non

205 4445 361 4516 sennanim
383 4463 467 4504 mune
482 4463 632 4518 carpamus
645 4448 681 4504 ad
693 4449 799 4514 cineas,
817 4448 869 4504 boc
884 4457 926 4506 est
939 4466 1001 4508 ma·
1055 4457 1167 4524 babuit,
1192 4465 1218 4512 ct
1240 4455 1342 4512 multas
1365 4454 1446 4512 utilas
1466 4455 1618 4512 sententiaa
1641 4453 1750 4509 babuit.
1782 4452 1853 4508 lluic

206 4549 264 4590 rure
278 4532 409 4592 iaciamus
422 4535 572 4592 Ecclesiae.
588 4539 664 4608 Ager
676 4545 718 4592 est
731 4536 902 4594 Christianus
916 4555 1001 4612 popu—
1014 4533 1042 4593 D
1057 4561 1175 4617 sparsam
1197 4560 1311 4601 aureum
1328 4549 1410 4616 orpus
1430 4542 1575 4614 imposuit,
1597 4541 1662 4598 dum
1681 4541 1708 4597 ei
1724 4540 1857 4597 deitatem

206 4620 260 4688 lus,
271 4629 366 4679 aratro
375 4621 517 4695 Evangelii
532 4623 642 4692 cultus;
659 4623 731 4680 villae
744 4640 811 4682 vero
824 4635 887 4682 sunt
900 4628 1003 4701 pagani
1057 4647 1154 4700 suam,
1179 4649 1239 4705 qum
1263 4632 1353 4688 omnia
1374 4629 1569 4696 transcendit,
1592 4637 1621 4685 ut
1642 4643 1740 4685 aurum
1763 4626 1858 4682 omnia

205 4709 235 4765 in
249 4707 410 4767 infidelitate
425 4717 452 4766 ει
464 4709 536 4768 vitiis
559 4710 663 4768 inculti.
682 4711 802 4770 Dilectus
816 4714 895 4786 quasi
910 4715 939 4769 in
952 4731 1003 4773 oc·
1057 4719 1184 4786 metalla,
1207 4720 1235 4776 io
1256 4719 1310 4776 tide
1333 4719 1491 4792 proposuit,
1516 4717 1605 4792 gloria
1624 4724 1651 4774 ει
1676 4717 1782 4773 bonore
1804 4729 1858 4770 co-

207 4797 280 4854 cnlto
293 4797 379 4868 sedet,
395 4798 460 4854 dum
476 4799 601 4856 Christus
616 4816 761 4872 perversus
782 4818 833 4874 per
856 4803 1003 4860 manifesta
1057 4808 1176 4877 sonabit,
1192 4815 1218 4864 et
1232 4807 1262 4862 in
1274 4806 1397 4865 claritate
1420 4823 1477 4862 auae
1493 4806 1610 4862 visionis
1629 4804 1681 4861 sibi
1696 4802 1852 4875 copulabit.

207 4883 318 4960 flagella
332 4885 369 4942 ad
383 4887 589 4944 conversionem
602 4903 657 4945 non
672 4889 809 4956 admonet,
821 4891 864 4946 vel
878 4889 1004 4949 infideles
1058 4896 1247 4969 ltlandragorae
1262 4909 1331 4969 ergo
1343 4894 1403 4950 siue
1417 4893 1523 4965 capita,
1539 4902 1603 4950 sunt
1616 4892 1719 4965 pagani
1733 4890 1794 4947 sine
1808 4904 1856 4946 ca·

207 4990 259 5047 per
269 4973 463 5046 predicatores
478 4975 513 5032 ad
527 4973 610 5032 fidem
625 4986 778 5034 nonrocat.
795 4977 847 5048 Qui
862 4980 897 5036 ad
912 4979 1005 5051 publi·
1058 4984 1113 5055 pite
1126 4983 1247 5050 Christo,
1268 4982 1360 5038 ablato
1375 4981 1429 5036 sihi
1445 4982 1535 5048 capite
1550 4980 1730 5038 hadchriato.
1749 4981 1785 5035 lli
1805 4980 1858 5035 dc-

207 5077 270 5119 cum
285 5061 313 5116 in
325 5077 421 5136 agrum
436 5063 587 5137 egreditur,
599 5064 664 5121 dum
679 5081 781 5138 pravos
796 5066 939 5124 manticato
954 5068 1004 5125 fla·
1057 5071 1162 5127 derant
1176 5071 1288 5127 odorem
1302 5072 1334 5125 ira
1346 5069 1453 5141 portia,
1479 5067 1506 5122 id
1530 5075 1573 5123 est
1595 5067 1751 5139 exemplum
1767 5066 1858 5120 bono-

207 5148 378 5222 gellatutsc
392 5151 541 5225 corrigant,
557 5152 601 5210 vel
616 5151 741 5210 infideles
755 5155 946 5226 perductores
968 5156 1004 5212 ad
1058 5175 1117 5214 rum
1147 5173 1263 5229 operum
1284 5157 1311 5212 in
1337 5156 1498 5222 virtutibus,
1523 5171 1573 5227 per
1591 5171 1660 5227 quaa
1681 5153 1800 5209 intratur
1822 5151 1859 5206 ad

207 5235 290 5294 iidem
304 5247 445 5296 convocat.
462 5239 585 5297 Ecclesia
595 5256 661 5298 vero
675 5242 755 5314 quasi
770 5243 797 5297 in
812 5241 1002 5311 occultolatet,
1058 5247 1157 5304 coelum
1171 5246 1205 5302 ad
1223 5244 1398 5302 beatitudinis
1412 5242 1568 5316 praemium.
1594 5241 1644 5298 Vel
1658 5249 1743 5312 porte
1756 5237 1859 5294 Eccle-

207 5325 272 5382 dnm
288 5328 510 5400 contemplationi
525 5336 618 5396 vacat,
644 5338 671 5385 et
692 5329 823 5401 proximis
845 5332 1005 5389 errantibus
1057 5333 1106 5390 siae
1120 5342 1146 5390 et
1161 5333 1259 5389 Christi
1273 5341 1337 5388 suut
1350 5333 1490 5404 propheta
1503 5339 1531 5387 et
1543 5329 1679 5401 apostoti;
1694 5327 1724 5384 in
1737 5327 1782 5382 his
1795 5341 1858 5398 por-

207 5414 423 5484 nonpraedicat3
440 5415 594 5473 deooculto
609 5415 749 5488 inegram
773 5418 923 5491 egreditur,
939 5419 1004 5478 dum
1058 5422 1240 5480 tisdederunt
1260 5421 1453 5493 mandragora
1476 5419 1607 5486 odorem,
1621 5418 1687 5473 dum
1701 5414 1804 5488 pagam
1818 5414 1855 5468 td

207 5498 244 5555 td
257 5501 396 5572 publicam.
409 5503 630 5576 predicationem
642 5505 802 5578 accingitur.
815 5508 879 5564 Post
889 5517 1005 5565 mortem
1059 5511 1197 5567 Christum
1220 5509 1363 5579 conversi,
1384 5499 1414 5562 in
1437 5505 1568 5564 doctrinis
1580 5503 1739 5578 apostolicis
1759 5508 1786 5558 ct
1808 5517 1859 5571 pro

208 5603 275 5660 ergo
290 5590 448 5650 Antichristi
464 5603 581 5666 sponsus
597 5601 623 5650 ct
636 5609 739 5666 sponsa
751 5593 779 5652 in
792 5581 889 5667 agium
904 5601 1005 5656 couve-
1058 5599 1193 5657 hereticis
1216 5597 1315 5654 tamam
1337 5592 1418 5654 bone
1439 5582 1576 5669 opinionis
1600 5577 1771 5666 sparserunt:
1794 5582 1858 5646 Nan
