3942 6067
205 244 258 305 635
542 246 692 305 HONORii
711 246 962 305 AUGUSTODUN.
985 244 1069 303 ΟΡΡ.
1088 244 1181 303 PARS
1200 245 1252 301 itt.
1274 276 1310 289 -
1329 245 1531 305 ttrueetce.
1802 252 1858 322 cdd

206 367 339 425 sacerdos
354 368 401 441 qut
412 368 507 442 incipit
516 371 639 429 imitatur
648 372 805 445 opilionem,
817 386 882 429 oves
893 378 949 429 tote
958 372 1004 429 die
1016 369 1046 435 Α
1060 369 1125 442 quis
1137 370 1192 425 tide
1205 370 1290 426 eorde
1303 384 1353 426 sue
1368 369 1523 443 purificent,
1534 387 1595 443 qum
1608 388 1693 443 prere
1702 386 1787 443 opere
1796 388 1857 429 mn·

205 455 325 513 inclusos
347 472 432 515 mene
453 457 482 515 iu
507 474 610 531 mscun
628 460 796 531 ejicientem.
812 461 886 518 Grec
913 461 1006 518 ovium
1059 457 1230 517 cutnvemnt.

206 544 339 616 estpiebs
349 545 512 614 Christiane,
520 565 628 621 porceto
637 549 746 607 Domini
754 548 891 605 mandem.
902 548 1005 607 itincre
1278 558 1339 614 ce«
1354 558 1440 616 Credo
1455 560 1486 614 in
1501 560 1602 615 Deum.
1624 580 1635 610 ι

206 646 273 689 vero
294 632 422 690 obsident
445 634 540 692 bestiae
568 637 647 708 gregi
676 637 726 693 Dei
748 637 873 695 inimicae.
891 638 922 692 ln
948 652 1004 694 une

209 735 327 793 nomque
342 728 421 791 perte
437 722 477 779 teo
492 724 606 795 rttqiene
615 726 718 783 circuit
729 741 857 799 quoerenc
866 742 947 800 qoem
958 726 1004 782 rte

205 812 283 864 voret
299 808 325 879 (i
332 810 408 865 Petr.
419 810 464 879 v);
480 809 507 865 in
523 811 610 868 nitere
624 810 706 870 muco
719 812 851 871 insidiens
861 814 1003 871 dmmntes

204 910 312 951 veneno
335 895 456 967 iterimit,
485 898 649 957 oberrantes
680 902 760 958 eride
781 901 908 975 degiutit.
933 902 1004 959 mue

205 983 286 1054 iupus
299 983 406 1039 irruens
420 986 499 1060 repit,
515 994 542 1043 et
563 1004 629 1043 ores
655 988 798 1061 dispergit.
828 990 894 1045 iude
921 1004 1003 1046 ursus

201 1070 333 1127 incedens
356 1072 457 1129 laceret
480 1090 598 1149 gregem
617 1084 644 1131 et
666 1077 788 1149 dissipet.
804 1078 883 1134 iinde
905 1086 1002 1150 pestor
1090 1066 1294 1124 ldfflfflffi
1319 1080 1429 1138 Dm·
1454 1072 1484 1121 ἃ
1511 1065 1660 1132 ΝΜΟ,
1692 1071 1721 1123 Oi
1747 1066 1849 1133 Νῑῑὶθι

201 1160 284 1229 Deus,
303 1159 335 1215 e'n
350 1161 528 1233 adiutorium
541 1180 638 1221 meum
652 1164 762 1231 eiemet,
778 1174 912 1237 quotenus
930 1166 1005 1223 oviie
1055 1162 1217 1227 ³0tt¹¹⁰¹¹²¹¹fs
1232 1154 1296 1227 quic
1322 1170 1373 1225 W
1398 1152 1469 1210 ‘⁸¹0⁸
1494 1152 1604 1211 isim
1629 1154 1796 1225 imme*
1821 1154 1854 1209 5¹¹

201 1247 260 1303 haeo
274 1248 396 1318 pericula
410 1251 519 1306 evedct.
536 1251 610 1308 Oves
624 1260 713 1308 sutem
727 1268 839 1325 psscnee
850 1254 959 1310 Domini
972 1255 1003 1309 in
1055 1242 1276 1299 wmmussi⁰⁰0m
1303 1241 1480 1313 mitium
1504 1242 1547 1301 0¹³
1569 1242 1640 1298 ¹¹⁸ssss
1673 1243 1756 1298 “5⁸¹³
1785 1257 1851 1298 ⁰⁸⁰·

202 1335 303 1406 hymno
331 1350 464 1393 smmum
489 1346 623 1409 pectorum
652 1340 799 1411 mrocmt,
827 1342 868 1399 uti
893 1358 941 1399 ees
968 1343 1000 1399 in
1054 1347 1116 1389 Μ
1136 1338 1243 1405 “Diem
1263 1329 1467 1403 Pfflffiiimfflffl
1489 1329 1591 1401 bulini
1617 1344 1650 1389 ’θ
1673 1329 1774 1389 mimi&
1801 1344 1852 1389 ⁰⁸·

203 1422 325 1491 diurnis,
340 1426 449 1482 acticus
464 1443 482 1483 c
496 1430 662 1486 nocentrints
676 1429 818 1487 custodiet.
1054 1427 1167 1476 ”unlut-

1092 680 1157 738 ideo
1170 689 1262 738 eutem
1277 681 1363 738 Credo
1378 682 1412 737 ite
1431 683 1522 738 Deum
1535 680 1643 738 occulte
1665 679 1772 751 dicitur,
1788 681 1854 751 quie

1057 767 1166 827 cecuttu
1191 768 1352 843 poenimntin
1380 768 1486 827 occulte
1515 768 1696 843 peccantibus
1727 768 1852 841 injungi-

1056 865 1108 912 tur.

1239 953 1279 1008 De
1292 952 1422 1024 precibus
1436 956 1465 1007 et
1477 952 1666 1023 consessione.

325 1547 392 1603 cip,
409 1546 480 1604 m,
496 1580 530 1591 ..
544 1552 627 1620 ΒΜ,
645 1555 677 1609 q„
689 1552 802 1610 domim
817 1558 875 1611 m·
1141 1516 1181 1572 ite
1195 1515 1322 1587 capituto
1337 1536 1350 1563 ι
1365 1516 1494 1573 Pretiosa
1507 1516 1543 1571 is
1554 1519 1718 1588 conspectu.
1740 1538 1752 1563 a

237 1640 342 1701 Deinde
356 1660 406 1717 per
420 1646 554 1719 psalmum
568 1650 645 1709 pfl„
659 1653 691 1708 q,
705 1654 821 1710 ,mmm
835 1656 883 1710 m„
897 1652 999 1710 pff„
1089 1624 1181 1683 Solent
1194 1623 1396 1693 pestoreeioce
1416 1631 1537 1691 unumne,
1557 1632 1586 1681 et
1608 1638 1713 1699 greges
1734 1622 1772 1679 ed
1796 1623 1852 1681 stis

181 1782 186 1791 .
200 1732 310 1803 cipiunt,
327 1738 354 1790 et
368 1732 513 1791 Dominum
536 1736 564 1792 iu
587 1740 688 1796 virtute
707 1756 758 1797 eun
781 1756 811 1799 se
835 1756 851 1797 e
872 1742 994 1812 per-teuto
1007 1722 1038 1785 Β
1051 1728 1153 1785 ⁹⁸⁸⁰¹¹⁸
1166 1712 1282 1768 mimfe·
1301 1712 1361 1768 ¹¹⁰⁰
1374 1712 1499 1785 ‘W
1512 1712 1742 1779 immurvdffl
1754 1712 1854 1783 P'oeh·

200 1810 317 1876 phem,
331 1831 435 1894 petum,
456 1825 584 1897 quonqqm
608 1826 690 1883 ,Heni
714 1830 756 1885 ei,
779 1828 993 1896 insumam,
1048 1811 1105 1857 tum
1119 1801 1154 1857 de
1169 1800 1288 1857 ecclesie
1302 1806 1450 1871 sequentes
1463 1800 1492 1857 in
1505 1799 1655 1871 capitutum
1670 1814 1848 1871 congregen-

201 1914 226 1963 et
241 1906 324 1965 iortes
339 1910 443 1967 enimus
458 1928 553 1969 eorum
566 1914 740 1987 quesierunt,
755 1924 784 1972 ut
805 1918 878 1973 Deus
893 1918 922 1973 in
935 1918 996 1974 vir·
1049 1898 1108 1958 Μ’·
1124 1888 1164 1945 ibi
1177 1888 1229 1945 ⁰⁸³
1251 1886 1415 1944 ⁸¹¹i¹¹¹³¹ib¹¹⁵
1436 1887 1480 1943 ³⁸¹
1500 1887 1535 1942 “d
1557 1887 1734 1945 hmbendum
1756 1887 1850 1953 dm·

200 2004 254 2053 tute
269 2012 318 2054 suu
332 1998 394 2055 ilios
408 2000 558 2077 dispergat,
574 2012 600 2059 ct
616 2018 665 2061 ees
678 2021 711 2061 ex
734 2004 855 2062 omnium
880 2006 996 2063 tribuis-
1049 1979 1114 2035 dum
1130 1977 1176 2075 05⁸·
1192 1976 1221 2033 iu
1241 1974 1433 2076 Marticoiogio
1454 1974 1547 2076 pensio
1558 1974 1604 2076 vel
1620 1974 1674 2032 vite
1693 1983 1850 2074 sanctorum

199 2084 273 2142 poue
288 2086 392 2159 eripi„
1049 2072 1251 2138 pronuntietur.
1267 2063 1358 2135 Oprho
1372 2080 1436 2120 vero
1457 2080 1497 2120 ers
1512 2080 1589 2136 quest
1611 2061 1740 2135 pcbuium
1761 2069 1849 2134 pontt,

1049 2154 1115 2209 dum
1138 2168 1190 2225 per
1214 2168 1324 2209 vesum
1350 2154 1480 2209 Prettocc
1507 2152 1665 2223 petientiem
1693 2160 1850 2209 senemrum

1049 2241 1190 2314 proponit.
1208 2240 1316 2297 Deinde
1329 2239 1454 2296 divinum
1468 2241 1598 2297 coritium
1611 2248 1656 2298 ter
1666 2256 1718 2312 per
1727 2241 1800 2297 Dese
1816 2240 1849 2295 tn

1049 2331 1225 2403 adjutorium
1235 2330 1352 2394 invocet,
1376 2335 1407 2385 ut
1420 2344 1489 2402 prex
1502 2330 1554 2386 Dei
1573 2328 1724 2402 pericnintn
1741 2328 1851 2385 suine·

1049 2434 1110 2474 rum
1125 2418 1232 2475 credet.
1248 2416 1355 2473 Deinde
1367 2417 1447 2489 quusi
1460 2418 1532 2475 ovile
1546 2417 1692 2487 benedicit,
1707 2416 1773 2474 dum
1797 2432 1850 2473 eos

1051 2506 1134 2578 diripi
1148 2512 1175 2562 et
1187 2503 1350 2563 senctiiiceri
1365 2506 1393 2562 in
1417 2505 1480 2577 iege
1504 2505 1556 2560 Dei
1574 2506 1674 2576 poscit
1698 2506 1764 2561 Post
1785 2506 1846 2561 brec

403 2188 486 2244 Booti
500 2191 680 2248 immaculati
691 2195 722 2249 tn
738 2195 796 2249 oio.

235 2280 289 2337 Per
305 2284 384 2339 Booti
398 2285 577 2343 immaculati
592 2288 681 2359 (Prot.
696 2294 789 2358 cxvtu)
800 2290 918 2359 vitreum,
935 2306 997 2364 quae

200 2376 241 2424 eet
256 2368 530 2445 Christinunreiigio,
556 2374 756 2448 ingrediuntur,
785 2386 813 2435 et
841 2379 869 2433 in
893 2394 997 2451 pascus

200 2457 273 2526 vitae,
293 2456 397 2516 sciiicet
411 2461 440 2516 ie
466 2462 529 2535 lege
557 2464 666 2521 Domini
693 2474 855 2537 pascuntur.
887 2468 918 2523 in
943 2482 997 2541 qun

199 2547 319 2619 impigre
344 2558 510 2621 operentur,
551 2552 614 2608 dnm
651 2555 804 2612 testimonie
839 2556 889 2615 Dei
916 2570 997 2614 scru-

200 2641 303 2692 tamur·
1051 2595 1168 2653 tectione
1181 2594 1351 2664 reiiciuutur,
1366 2602 1394 2651 et
1412 2601 1478 2650 tune
1497 2592 1598 2667 stupuit
1617 2594 1646 2649 in
1664 2608 1753 2666 opere
1768 2594 1849 2667 quui

1051 2683 1140 2741 vinee
1151 2683 1272 2741 cultores
1285 2682 1449 2757 diriguntur.

1371 2782 1409 2837 lie
1426 2780 1528 2837 Tertio.

1086 2880 1159 2935 Dum
1175 2878 1267 2935 Tertio
1282 2884 1415 2946 cantetur,
1431 2876 1543 2951 quasin
1564 2876 1645 2934 novis
1667 2876 1799 2950 operariis
1820 2875 1848 2933 in

536 2741 676 2797 itetrr'one.

235 2830 265 2884 iu
280 2830 332 2887 hnc
345 2830 451 2889 fortiter
464 2833 599 2904 laborent,
614 2836 678 2892 dum
693 2836 720 2892 in
737 2838 869 2895 Retribue
889 2836 998 2893 mirnbi·

197 2917 234 2973 iia
258 2916 292 2973 de
320 2918 382 2990 iege
408 2920 458 2977 Dei
488 2922 674 2979 considerent.
710 2924 790 2982 Hunc
819 2942 997 2998 summopere
1052 2965 1308 3025 venealabommr·

196 3004 333 3073 excolunt,
350 3008 413 3063 dum
430 3008 510 3065 iidem
526 3026 601 3067 suam
624 3012 652 3067 in
678 3014 842 3085 Quicunque
865 3016 928 3072 voit
947 3032 995 3072 cx-

197 3102 310 3165 ponunt.
336 3096 390 3152 Per
409 3096 496 3171 teqcm
515 3100 639 3167 Domini,
653 3100 682 3156 id
697 3110 738 3157 est
758 3102 941 3170 ditectionem,
958 3104 995 3160 nd
1329 3158 1336 3171 .
1370 3064 1408 3119 De
1425 3062 1526 3170 ΨΜ
1596 3158 1611 3171 ..
1826 3161 1833 3174 .

194 3176 308 3249 petriam
324 3180 501 3247 revertimur3
518 3198 569 3255 per
583 3184 720 3254 pssimum
735 3186 818 3254 Dece,
834 3190 867 3243 in
878 3189 994 3245 nomine
1083 3162 1157 3218 ΜΨ
1169 3162 1259 3220 Sem
1275 3168 1383 3218 mur
1405 3175 1485 3235 quw
1505 3158 1541 3217 ψ
1568 3158 1628 3217 ³¹¹³
1652 3159 1731 3217 Μ
1759 3177 1848 3219 ⁵⁰⁵⁰¹'

197 3267 245 3323 tuo
272 3266 307 3322 sd
336 3266 388 3323 iter
414 3270 623 3343 praecingimur:
659 3288 710 3343 per
744 3275 881 3344 peeimum
914 3276 994 3333 Beati
1046 3251 1129 3325 imur·

194 3356 376 3413 immaculati
386 3356 495 3415 dilectio
505 3360 565 3427 Dei,
576 3376 627 3432 per
639 3360 771 3419 Retriiue
781 3360 889 3421 dilectio
899 3362 994 3437 proxi·
1386 3348 1425 3405 ⁰⁶
1435 3347 1526 3403 NOM-

198 3456 235 3498 ¹¹¹¹
249 3444 389 3517 ³⁰⁰5Pi¹¹ffi
1080 3471 1152 3526 Dum
1165 3483 1239 3525 none
1251 3468 1361 3526 cernitur
1377 3474 1406 3524 et
1428 3468 1564 3539 pseiiitnr,
1589 3468 1668 3541 quusi
1692 3468 1792 3524 iterum
1810 3468 1846 3523 eb

321 3544 358 3599 ⁰0
375 3563 387 3593 ¹
406 3542 568 3618 Quicunque
584 3546 646 3602 nuit
659 3548 753 3604 colone
767 3565 836 3606 eece.
855 3574 866 3599 ι·
1046 3557 1105 3613 otiis
1120 3573 1189 3613 ouue
1201 3556 1361 3628 suscipitur.
1380 3558 1412 3611 ln
1429 3558 1549 3628 Vespero
1561 3557 1691 3615 dener-ius
1703 3556 1844 3627 recipitur.

232 3640 395 3713 Quicunque
421 3642 485 3698 item
511 3642 578 3700 tides
607 3660 716 3701 cursum
741 3656 863 3703 nostrum
899 3650 991 3723 expri-
1048 3646 1152 3713 Tertto,
1168 3646 1295 3703 sextoet
1308 3646 1392 3711 Nono,
1407 3644 1470 3701 ideo
1484 3645 1846 3717 teruispsetmisceietoreu-

194 3727 261 3795 mit;
289 3746 339 3802 per
353 3728 436 3787 iidem
459 3732 531 3788 enim
554 3732 724 3791 ambulemus
752 3744 780 3793 nt
807 3738 841 3795 nd
870 3738 991 3811 speciem
1044 3732 1213 3806 tur,quiein
1226 3732 1269 3788 iris
1282 3734 1371 3789 tribue
1395 3733 1469 3789 boris
1483 3733 1603 3789 'irinites
1619 3740 1776 3793 veneretur.
1788 3733 1846 3789 Sed

194 3818 392 3888 perveniamus.
1044 3822 1180 3895 quaeritur,
1202 3837 1266 3877 cum
1282 3823 1381 3878 Primo
1397 3820 1519 3889 dicetur,
1542 3837 1593 3877 eur
1619 3822 1712 3878 Tertio
1731 3828 1762 3877 et
1785 3836 1844 3878 non

495 3923 534 3977 ορ
548 3924 686 3997 capituto,
1043 3910 1132 3981 potius
1147 3910 1273 3966 seeundo
1287 3917 1425 3982 sequetur.
1438 3911 1507 3965 item
1520 3924 1582 3965 cum
1600 3911 1695 3967 Tertio
1707 3915 1843 3981 ponetur,

1043 4013 1093 4055 cur
1106 3998 1205 4054 deinde
1217 3998 1306 4054 Sexto
1319 4005 1346 4053 et
1360 4012 1414 4054 uon
1429 4006 1527 4069 querts
1540 3996 1583 4053 vei
1597 3999 1693 4070 quinte
1707 3998 1835 4054 dicetur.

1043 4086 1166 4159 itemque
1179 4088 1347 4143 cursorios
1354 4087 1442 4152 Nono,
1455 4092 1483 4141 et
1494 4100 1550 4142 nou
1565 4085 1652 4158 megin
1665 4086 1782 4157 septime
1796 4086 1843 4142 vet

1041 4184 1135 4232 cctam
1148 4179 1344 4245 prosequetur.
1355 4174 1505 4229 Sciendum
1515 4175 1639 4245 estquod
1654 4173 1714 4229 dies
1728 4174 1756 4227 in
1770 4172 1841 4229 doc·

1040 4263 1130 4318 decim
1144 4263 1227 4317 hores
1241 4260 1382 4328 dividitur,
1394 4269 1422 4317 et
1435 4277 1487 4333 pro
1500 4276 1666 4334 unaqueque
1675 4263 1742 4317 tiore
1752 4277 1839 4318 unum

808 4408 838 4448 ⁵0
856 4393 984 4463 uum
998 4421 1026 4485 ι)
1039 4348 1840 4510 it‘titire¹t2.i⁶tii:ztnti.⁶⁰5:‡:t::·

1039 4526 1190 4595 detritum
1215 4540 1266 4597 pro
1283 4527 1385 4590 Tertio.
1401 4526 1502 4596 teqem
1523 4541 1618 4599 pone,·
1645 4540 1697 4598 pro
1725 4534 1836 4597 quartu,

420 4599 459 4654 ⁰0
474 4620 485 4649 r
502 4599 585 4670 ssim
599 4602 718 4657 ‘lemti-
740 4622 752 4652 ¹
1038 4622 1141 4673 ttemor
1159 4620 1237 4679 ector
1252 4629 1303 4686 pro
1317 4614 1408 4687 quinte
1422 4615 1584 4671 Bonitotem
1591 4635 1601 4681 ,·
1613 4630 1666 4686 pro
1679 4615 1768 4670 Sexte
1783 4616 1840 4670 De·

225 4692 307 4763 Kyrtc
322 4692 425 4750 eteisen
446 4701 472 4749 et
496 4694 605 4752 diruto
630 4698 744 4762 eleison,
769 4697 842 4771 quod
864 4700 985 4772 sequitur
1039 4704 1127 4775 sucin
1150 4718 1199 4775 pro
1219 4702 1342 4775 septime,
1371 4702 1509 4772 Quomodo
1529 4702 1637 4769 diteciq
1659 4716 1710 4774 pro
1730 4709 1839 4771 octeve,

189 4780 225 4832 ob
240 4787 297 4834 tres
310 4792 409 4836 censes
423 4780 519 4838 dicitur
535 4801 542 4839 :
558 4783 659 4852 Primo,
676 4794 707 4841 ut
726 4786 864 4859 superflue
879 4789 985 4860 cogitn-
1039 4792 1150 4865 iniquos
1170 4792 1250 4859 odio,·
1274 4806 1326 4862 pro
1349 4792 1439 4857 Nono,
1454 4790 1617 4857 etruscum
1645 4806 1696 4861 pro
1711 4784 1832 4857 decima,

189 4867 235 4933 tio,
253 4882 315 4940 quae
329 4868 508 4940 penitentibus
522 4872 652 4943 obrepsit,
669 4874 834 4941 dimittetur;
852 4878 982 4947 secundo,
1041 4874 1183 4943 cumaei·
1197 4873 1412 4945 proundecimu,
1432 4874 1595 4947 Principcc,·
1611 4889 1662 4945 per
1681 4874 1754 4930 iruuc
1768 4873 1842 4945 psci·

190 4960 218 5009 ut
234 4970 353 5027 sequeus
367 4958 454 5015 oratio
476 4958 629 5016 sucerdotis
653 4962 829 5028 exaudietur:
851 4962 940 5031 tertio,
956 4972 987 5020 ut
1039 4980 1114 5018 mum
1128 4964 1171 5019 ter
1185 4962 1246 5028 Dei,
1260 4962 1289 5017 id
1302 4968 1345 5019 est
1358 4959 1479 5019 charites
1493 4962 1575 5019 nobis
1594 4960 1791 5037 pronuntietur,
1808 4962 1839 5017 iu

190 5043 332 5100 Dominice
351 5046 448 5113 cretio,
474 5046 551 5119 qussi
580 5049 696 5120 quadum
718 5050 919 5122 praefatiunqulq
942 5068 987 5109 oq.
1040 5062 1094 5119 qus
1114 5045 1232 5119 operarii
1259 5061 1309 5115 pro
1329 5048 1431 5101 eterne
1449 5044 1503 5099 vite
1526 5045 1647 5118 quotidie
1676 5051 1836 5116 operentur.

190 5140 261 5201 nete,
279 5132 407 5189 intentius
429 5134 545 5192 dicetur.
571 5136 637 5207 Quae
657 5137 720 5195 ideo
741 5140 853 5196 siieuter
875 5140 983 5209 dicitur,
1040 5132 1118 5189 Unde
1133 5140 1159 5188 ei
1174 5132 1201 5186 in
1217 5132 1332 5205 singuiis
1347 5130 1472 5203 capiiulis
1486 5130 1590 5205 aliquid
1603 5132 1638 5188 de
1660 5134 1717 5205 leue
1731 5146 1839 5187 memo·

190 5220 254 5291 quis
269 5220 326 5277 Deo
346 5220 372 5277 iu
391 5237 422 5279 en
443 5223 590 5293 loquimur,
615 5225 732 5297 quinon
754 5228 838 5284 rerba
861 5228 910 5283 red
937 5244 987 5286 001·
1041 5228 1125 5291 ratur,
1138 5221 1202 5293 quia
1215 5236 1264 5292 per
1276 5222 1346 5276 hunc
1360 5220 1448 5277 sotem
1462 5220 1541 5293 qussi
1562 5236 1613 5295 per
1635 5220 1739 5293 reptem
1763 5218 1838 5276 viem

191 5308 318 5366 intuetur.
334 5309 417 5381 Cujus
436 5312 530 5368 ultima
550 5328 612 5383 pers
635 5314 697 5370 idco
719 5322 812 5386 eperte
831 5316 941 5383 dicitur,
957 5324 987 5372 ut
1042 5325 1162 5384 superne
1174 5308 1262 5383 putria
1275 5308 1406 5365 intratur.

191 5396 363 5453 ubomuibus
382 5398 570 5457 confirmetur.
588 5402 639 5457 Per
659 5402 728 5457 duos
750 5418 855 5470 uersus,
882 5404 988 5463 scilicet
1234 5407 1271 5462 tte
1288 5427 1300 5455 s
1318 5407 1397 5462 Dcott
1411 5404 1601 5460 immacutoti.
1620 5428 1631 5453 ·

196 5484 269 5541 Vivet
283 5487 391 5552 ocimo,
407 5494 434 5543 et
449 5490 561 5545 Erravit
583 5491 658 5546 sicut
679 5492 748 5557 oric,
764 5492 928 5563 poenitentes
942 5493 987 5549 in·
1077 5504 1109 5557 ln
1130 5504 1213 5560 Beati
1240 5502 1421 5560 immaculati
1448 5500 1559 5567 dicitur,
1589 5500 1635 5574 qui
1662 5500 1782 5559 ambulat
1809 5499 1838 5557 in

194 5570 363 5643 tetitquutur,
375 5573 420 5646 qui
434 5590 483 5645 per
496 5583 635 5647 pectorum
651 5578 723 5635 vetut
736 5594 801 5635 oves
816 5588 938 5637 errantes
953 5582 989 5639 ed
1043 5591 1120 5664 lage„
1136 5587 1165 5647 in
1177 5592 1318 5659 iterium,
1336 5613 1348 5639 ι
1364 5588 1542 5646 Consideravi
1561 5589 1698 5647 mirabilis
1717 5590 1752 5647 de
1774 5590 1838 5661 tege

195 5672 311 5729 gregem
324 5660 503 5719 reducuntur.
522 5661 576 5732 Qui
597 5680 662 5723 uuor
685 5666 844 5738 Symbolum
862 5668 987 5741 recitent,
1043 5680 1102 5743 tue,
1118 5693 1130 5725 s
1147 5680 1174 5729 et
1194 5694 1206 5725 ι
1225 5674 1268 5731 Dc
1289 5671 1416 5747 requitur
1433 5672 1645 5734 misereremei.
1663 5694 1675 5725 s
1691 5673 1722 5729 in
1736 5672 1838 5745 ieqem

229 4039 259 4093 tu
283 4038 402 4111 capitulo
429 4042 624 4113 peterismitiss
651 4044 792 4117 operarios
820 4042 987 4117 consoletur,

193 4126 255 4198 quis
269 4129 359 4183 omnis
373 4128 419 4201 qui
432 4146 532 4187 nomeu
547 4132 656 4187 Domim
671 4132 838 4191 invocaverit
852 4132 983 4189 solvetur.

193 4214 272 4271 Unde
286 4215 392 4272 siseres
407 4218 434 4271 iu
450 4220 627 4290 responsorio
648 4218 730 4275 fidem
751 4220 859 4286 iterent,
875 4228 901 4277 et
924 4237 988 4278 curn

193 4298 272 4353 Petro
287 4298 423 4355 Christum
437 4299 522 4357 titium
543 4302 594 4359 Dei
616 4304 671 4359 viui
692 4311 831 4361 mvoceut.
850 4302 937 4373 Quem
958 4305 988 4361 in

191 4399 287 4441 versu.
306 4388 444 4459 Eccnrqe,
458 4390 576 4449 Domine
589 4392 702 4461 (caten.
721 4392 791 4463 xvi),

189 4472 219 4527 in
233 4473 351 4544 incoepto
364 4490 449 4546 opere
462 4478 613 4547 postulent.
