3942 6067
81 296 110 351 tt
430 292 477 347 DE
498 286 730 348 PHILOSOPth
747 288 861 346 llllNDl
879 282 971 347 LIBRI
989 290 1169 361 Quatuon.
1190 327 1225 341 —-
1240 298 1338 357 ctat.
1389 312 1395 322 '

1688 299 1727 353 tc

79 437 171 510 positio
183 435 245 492 talis
259 442 321 492 est:
334 435 506 492 Elementum
532 445 650 508 estpars
670 435 779 507 simpla,
791 435 870 504 cujus
886 415 910 473 Ᾰ
925 430 1014 491 neque
1032 418 1203 477 C⁰P⁸¹P¹¹¹i⁰l
1227 425 1347 496 ⁵0liP¹³2
1372 439 1462 496 neque
1482 421 1594 478 illelius
1617 421 1723 495 PhtSici

79 544 127 583 non
140 534 201 582 sunt
220 526 365 583 contrariae
379 526 532 601 qualitates.
555 525 612 581 Sed
639 524 701 597 quia
717 526 763 580 bic
785 532 872 579 totum

79 617 197 671 ridentur
210 616 314 671 habere
329 616 403 681 ossa,
421 621 446 670 et
463 614 577 685 similia,
603 624 629 670 ut
652 620 790 669 removeat
813 612 871 679 illa,

80 705 148 760 addit
162 704 285 773 minima,
301 702 330 759 id
344 713 386 759 εει
402 720 463 777 quae
476 702 512 759 ita
527 710 569 759 est
584 720 649 775 pars
664 702 787 771 alicujus,
800 702 873 775 quod

79 794 149 849 nihili
164 802 205 851 cst
221 809 287 865 pars
301 792 410 848 illarum
427 792 567 865 ejusdem.
577 794 657 849 Unde
668 791 763 847 litterae
773 806 826 863 per
836 790 871 846 si-

79 883 137 938 mile
150 882 277 938 dicuutur
291 882 435 949 elementa,
451 881 513 954 quia
536 880 573 937 ιιε
588 889 650 937 suut
672 888 765 952 partes
786 878 870 951 sylla·

80 972 126 1037 ιε,
142 971 215 1043 quod
229 971 296 1027 nibil
310 986 375 1043 pars
389 970 498 1026 illamm
514 976 565 1027 εει.
582 968 677 1024 Voluit
699 976 790 1025 autern
818 968 872 1025 iste

78 1061 263 1117 Constantinus
279 1076 312 1117 ex
326 1060 469 1116 elementis
484 1066 603 1132 quatuor
617 1066 746 1115 constare
770 1059 870 1114 hunro-

80 1145 347 1209 res,ext1umoribus
363 1144 494 1216 spissatis
509 1150 600 1215 partes
627 1150 682 1199 tam
712 1134 871 1213 ὁμοιομερῆ,

80 1233 105 1287 id
119 1242 157 1288 εει
169 1233 341 1301 consimiles,
353 1240 382 1287 ut
397 1238 440 1289 est
454 1245 518 1289 caro
533 1238 559 1287 ει
574 1247 646 1297 οεεε,
662 1246 744 1304 quarn
760 1228 871 1303 organi·

80 1336 133 1389 aas,
148 1321 173 1376 id
188 1330 230 1377 εει
245 1320 389 1388 οιιειειεε,
404 1328 433 1377 ut
447 1336 555 1387 manus,
571 1321 659 1393 pedes
670 1327 696 1376 et
710 1318 818 1375 similia.
830 1318 871 1373 Ex

20 1482 21 1487 η
80 1411 193 1482 utrisque
206 1426 273 1466 vero
287 1410 421 1483 partibus,
436 1410 585 1465 humanum
609 1424 710 1481 corpus
732 1414 869 1465 constare.

80 1500 148 1572 Ergo
161 1500 315 1556 secundum
336 1516 409 1566 eum,
425 1498 529 1555 nullum
551 1516 584 1555 ex
607 1499 650 1555 bis
676 1505 872 1571 quatuorque

79 1588 208 1658 ridentur,
230 1604 258 1644 ει
279 1604 295 1643 a
318 1589 482 1662 quibusdam
506 1588 643 1645 elementa
663 1594 786 1659 reputata
807 1593 872 1642 sunt

79 1676 235 1733 elementum
250 1685 301 1743 est,
317 1694 408 1751 neque
423 1686 509 1741 terra,
524 1694 575 1733 nea
590 1692 670 1749 aqua,
682 1692 733 1733 nec
745 1692 803 1742 aer,
819 1690 870 1731 nec

927 522 1047 579 unquam
1062 510 1196 583 legerunt,
1210 528 1242 567 ex
1258 512 1387 584 superbia
1402 513 1437 567 ab
1451 510 1542 584 aliquo
1552 512 1664 567 discere
1678 512 1722 567 in·
1826 512 1831 517 ’

927 596 1082 669 dignantes,
1099 610 1126 656 et
1141 616 1173 656 ex
1189 602 1343 671 arrogantia
1358 618 1419 673 quae
1429 601 1553 655 nesciunt
1566 598 1723 672 contingen·

926 692 979 751 tes,
995 702 1030 743 ne
1040 687 1106 742 nihil
1121 689 1211 745 dicere
1225 690 1379 757 rideantur,
1397 690 1490 745 dieunt
1506 689 1644 744 elementa
1660 706 1722 746 esse

926 775 1110 847 proprietates
1133 778 1177 833 vel
1198 778 1341 850 qualitates
1362 778 1477 834 istorum
1498 794 1559 849 qaae
1584 777 1718 847 videntur,

925 863 1030 920 seilicet
1043 864 1203 934 siccitatem,
1231 867 1581 938 indigitatemmumorem,
1592 867 1721 935 calorem,

925 952 1051 1007 Clamant
1069 954 1164 1011 eadem
1188 971 1235 1010 ore
1256 956 1378 1011 Platonis
1401 956 1440 1025 (in
1466 956 1576 1023 Timeo)
1598 956 1722 1010 vocantis

925 1041 1062 1097 elementa
1084 1042 1223 1111 materias,
1249 1059 1312 1100 cum
1337 1044 1420 1101 nuttae
1441 1044 1585 1116 qualitates
1606 1044 1723 1101 materia

924 1130 1038 1201 alieuius
1052 1146 1115 1187 esse
1127 1133 1233 1204 possint
1245 1149 1253 1189 t
1267 1134 1317 1189 Est
1333 1133 1433 1188 etenim
1447 1134 1575 1196 Materia,
1587 1132 1660 1204 quod
1674 1149 1720 1189 ac-

925 1228 1003 1291 cepta
1016 1219 1104 1277 torma
1119 1221 1217 1278 transit
1237 1222 1266 1277 in
1286 1221 1369 1277 aliud.
1384 1221 1544 1279 Reclamant
1557 1221 1653 1276 itemrn
1672 1238 1721 1278 ore

923 1309 1069 1375 Joannicii‚
1083 1310 1176 1383 quiin,
1192 1309 1234 1366 ’er
1243 1310 1359 1383 sagogis
1373 1310 1431 1365 suis
1440 1310 1478 1366 ειι
1489 1322 1495 1362 :
1506 1310 1590 1365 Atiad
1599 1325 1659 1367 csse
1668 1312 1723 1368 ete·

925 1402 1034 1464 menta,
1047 1397 1128 1455 atiad
1138 1399 1351 1456 commistiones
1359 1414 1468 1467 earam,
1480 1414 1533 1471 quo
1543 1402 1612 1453 sant
1622 1398 1722 1454 aalide

926 1492 955 1545 ct
963 1488 1055 1553 sicce,
1068 1490 1147 1545 ctstc
1156 1487 1190 1544 rte
1200 1488 1276 1543 attis.
1287 1489 1389 1543 lterum
1400 1487 1549 1543 reclamant
1559 1488 1721 1544 orehlaaro·

925 1576 961 1631 bii
973 1576 1019 1648 qui
1027 1575 1094 1633 dicit
1104 1575 1163 1648 (ιιι.
1172 1592 1182 1630 ι
1191 1577 1302 1634 Samnii
1311 1578 1398 1649 Scip.,
1408 1592 1436 1632 c.
1448 1577 1477 1645 6)
1490 1589 1497 1631 :
1508 1577 1577 1632 Cam
1586 1578 1619 1632 ia
1628 1578 1722 1649 rihpa-

926 1666 1121 1722 tisctcmcatis
1134 1670 1232 1722 essent
1246 1666 1363 1721 diuersa
1383 1666 1514 1739 qualiter,
1536 1667 1624 1721 talem
1645 1665 1722 1723 dedit

78 1766 155 1838 ignis;
172 1766 277 1821 nullum
294 1767 395 1839 quippe
409 1782 508 1823 eorum
522 1774 564 1822 est
578 1766 704 1838 simplum
728 1765 867 1836 qualitate,
883 1760 903 1816 li
922 1756 1086 1827 unicuiqae,
1094 1755 1203 1811 actiaco
1210 1755 1258 1810 cai
1265 1754 1446 1811 tahoereatct
1453 1758 1640 1826 copnatamet
1647 1755 1722 1809 dmi-

77 1854 208 1910 minimum
227 1856 387 1927 quantitate.
400 1856 507 1911 Etenim
521 1856 549 1910 in
566 1863 635 1911 terra
652 1853 755 1926 aliquid
765 1860 807 1908 est
821 1868 868 1909 oa·

76 1951 127 2017 lidi,
143 1952 244 2025 aliquid
260 1952 363 2026 frigidi,
379 1952 480 2025 aliquid
504 1952 579 2019 sicci,
601 1951 723 2023 aluiquirl
745 1948 866 2019 humidi;

77 2042 142 2111 quod
154 2042 218 2113 quia
232 2050 330 2114 patens
345 2051 387 2097 εει
400 2040 481 2112 lippis
496 2049 524 2097 et
544 2040 702 2097 tonsoribus
725 2039 867 2112 probatio-

76 2145 132 2183 nem
146 2130 218 2185 illius
233 2130 472 2201 praetermittamus
489 2148 495 2184 :
512 2146 601 2202 neque
616 2129 689 2186 enim
708 2134 801 2201 aperte
816 2143 867 2185 ve-

76 2234 110 2283 ra,
125 2234 214 2290 neque
229 2228 324 2290 aperte
339 2219 416 2287 ialss,
431 2218 573 2290 probanda
592 2226 665 2285 sunt,
682 2218 732 2272 sed
747 2217 782 2273 de
804 2214 867 2289 qui·

75 2306 119 2359 bus
131 2308 222 2379 aliqua
235 2308 368 2362 dubitatio
383 2316 436 2363 εει.
448 2308 511 2363 Νοι
526 2315 568 2362 εει
582 2315 654 2362 ιειιε
670 2306 769 2377 simpla
796 2321 864 2378 qua·

923 1845 978 1901 lem
987 1844 1140 1915 reperiret,
1152 1848 1187 1899 at
1199 1859 1272 1917 aqaa
1286 1859 1352 1899 cam
1368 1847 1446 1899 terra
1459 1843 1659 1914 imquitatem,
1672 1860 1722 1900 aar

922 1932 1723 2004 curaaqaahamtditatcm,tpaiscarnacrccalorem.Unde

922 2024 949 2073 et
962 2018 1100 2072 elementa
1114 2016 1181 2071 dixit
1195 2032 1250 2072 uon
1266 2032 1330 2073 esse
1339 2016 1496 2089 qualitates,
1507 2014 1557 2071 sed
1571 2015 1718 2087 qualitates

921 2121 985 2162 esse
1000 2104 1197 2161 inelementia.
1212 2105 1241 2161 Si
1255 2121 1324 2179 ergo
1338 2106 1414 2177 quod
1432 2103 1512 2160 alicui
1529 2105 1609 2172 inest,
1625 2103 1719 2160 diver·

922 2210 983 2250 sum
996 2201 1041 2249 est
1056 2194 1091 2250 ab
1106 2210 1140 2250 eo
1154 2194 1198 2252 cui
1208 2195 1290 2261 inest,
1301 2209 1356 2249 noo
1366 2202 1431 2249 suut
1440 2193 1587 2267 qualitates
1598 2193 1719 2249 elemen-

921 2290 958 2339 ta.
977 2284 1046 2339 Sunt
1060 2282 1107 2339 alii
1117 2284 1164 2356 qui
1177 2284 1274 2342 ιιιειει
1284 2283 1481 2357 queuidentor
1494 2299 1558 2339 esse
1572 2282 1717 2351 elementa,

920 2372 1132 2444 comprobantes
1146 2375 1201 2431 hoe
1209 2374 1372 2431 auctoritate
1381 2373 1532 2445 luvenalis,
1543 2373 1589 2447 qui
1599 2373 1634 2430 de
1642 2372 1718 2445 gulo

76 2393 154 2463 litate,
170 2396 285 2451 minima
299 2397 465 2468 quantitate:
482 2412 536 2451 nec
551 2412 619 2469 ergo
634 2396 809 2451 elementum.
824 2394 866 2450 Si·
937 2464 943 2477 Ι
1126 2462 1132 2475 ¹

76 2483 174 2539 militer
186 2484 220 2539 de
236 2500 317 2557 aqua,
333 2492 360 2540 ει
375 2484 440 2558 igne
455 2490 481 2539 et
496 2498 560 2539 aare
570 2490 659 2555 potest
669 2482 792 2555 probari.
805 2482 866 2539 lile-
921 2478 960 2519 ⁸¹⁸
974 2462 1091 2534 lo¹l¹¹⁰¹¹⁸
1106 2473 1165 2518 ⁸¹²²

77 2580 190 2627 mentum
205 2588 274 2645 ergo
289 2582 331 2629 est
347 2573 454 2644 simplae
469 2580 495 2629 et
509 2572 627 2628 minimae
642 2572 792 2644 particula,
808 2571 867 2644 qui·
956 2564 1071 2619 Imma
1085 2567 1186 2635 dmm
1201 2564 1343 2620 mmmm
1354 2580 1408 2636 PG?
1424 2566 1535 2635 maiaq
1552 2568 1678 2620 ¹⁴oeer

76 2660 120 2715 bus
133 2661 178 2717 hic
192 2669 310 2733 quatuor
324 2669 450 2719 coustant
474 2676 538 2734 quon
562 2661 698 2727 videmus,
725 2678 785 2733 quae
806 2662 865 2717 ele·
1356 2652 1538 2723 (Sat-1¹1&
1558 2652 1616 2721 Η·)

75 2758 168 2817 Penii,
186 2766 243 2807 ¹¹⁰⁰
257 2751 331 2823 q¹¹⁰d
345 2750 481 2820 videnlur»
498 2750 546 2805 sed
557 2750 662 2805 l⁸¹i⁰¹¹e
672 2748 814 2805 diti⁵i⁰¹¹¹⁸
824 2748 865 2804 5¹1·
920 2764 1025 2822 scilicet
1039 2766 1067 2821 in
1081 2774 1157 2822 terra
1171 2767 1341 2835 venationes,
1357 2766 1385 2821 in
1405 2781 1475 2838 aqua
1492 2765 1594 2837 pisces,
1610 2766 1639 2821 iu
1653 2781 1717 2823 aere

76 2837 238 2910 ῙΕΙῙῙΚΜῙΠΓ·
261 2839 399 2894 Dilidifflr
419 2838 502 2905 0⁰in
523 2845 552 2892 ¹¹²
574 2836 724 2909 figuranter
746 2838 863 2905 dicimis
920 2869 997 2923 aves,
1016 2862 1043 2909 et
1058 2854 1120 2927 quia
1134 2855 1185 2909 ista
1200 2855 1334 2911 sententia
1348 2870 1411 2912 rere
1427 2862 1478 2922 est,
1501 2868 1553 2909 nec
1567 2854 1717 2910 auctoritati

74 2926 529 3001 ¹¹¹¹¹¹¹³1¹¹¹¹¹¹⁶⁰VP¹¹⁵³¹³⁰P8⁰P50C
545 2926 821 2995 Stillisstlissfflflflub
839 2933 865 2982 θῑ
920 2943 1091 3000 Constantini
1105 2945 1252 3012 contraria,
1270 2943 1385 3016 qualiter
1407 2959 1468 2999 cum
1490 2943 1540 2998 ista
1563 2951 1637 2998 stare
1659 2960 1717 3001 non

75 3032 174 3079 catera.
188 3024 336 3099 Organica,
348 3042 412 3081 vero
423 3026 450 3081 in
460 3014 637 3099 δμιομερείαι,
649 3023 675 3079 id
687 3032 728 3079 εει
742 3024 864 3081 consimi·
918 3032 1015 3104 possit,
1037 3048 1216 3105 exponamus.
1234 3032 1427 3089 Constantinus
1449 3048 1517 3105 ergo
1541 3040 1569 3087 ut
1587 3032 1717 3105 physicus

74 3111 105 3166 liu
117 3112 242 3169 videlicet
256 3114 284 3169 in
298 3114 447 3185 particulas
463 3116 555 3171 carnis
580 3122 607 3171 et
629 3114 709 3183 ossis,
730 3120 757 3168 et
777 3121 861 3169 coete—
879 3104 900 3161 C
918 3122 952 3177 de
966 3124 1071 3177 naturis
1085 3138 1232 3193 corporum
1253 3129 1383 3189 tractans,
1400 3122 1538 3193 simplices
1560 3120 1670 3179 illorum
1689 3130 1717 3201 ει

74 3226 110 3277 ιε,
122 3201 287 3287 ὸμιομέρειαι
297 3220 387 3268 autern
397 3212 424 3267 in
434 3214 562 3269 humores
573 3210 769 3281 melancholia,
782 3214 809 3266 et
818 3211 865 3266 bu·

72 3316 156 3357 mores
173 3302 201 3357 in
216 3302 360 3371 elementa,
378 3301 405 3357 id
421 3309 462 3357 est
474 3300 588 3372 simplas
599 3308 625 3356 et
635 3300 763 3355 minimas
774 3298 863 3371 parti·

72 3388 155 3445 aulas.
177 3390 260 3459 Cujus
275 3389 401 3446 dictionis
417 3406 482 3461 pars
497 3398 559 3446 actu
574 3390 633 3445 sola
643 3388 747 3444 ratione
758 3394 784 3444 ει
795 3403 863 3444 con-

72 3478 165 3535 ditione
183 3478 240 3535 lieri
248 3486 346 3555 potest.
359 3479 548 3551 Corpusenim
559 3478 717 3544 humanum,
736 3476 764 3532 in
781 3492 864 3533 mem·

72 3566 125 3633 bra,
139 3568 168 3623 in
185 3568 352 3637 omiomeira,
365 3575 444 3623 actus
459 3567 581 3623 dividere
593 3574 683 3639 potest
695 3584 701 3621 ι
715 3566 766 3621 sed
780 3564 864 3622 omio-

71 3656 146 3711 meira
160 3656 191 3710 in
206 3658 344 3723 humores,
361 3657 489 3711 humores
510 3656 536 3710 iu
552 3654 698 3722 elementa,
720 3652 796 3710 solas
818 3654 862 3709 in-

72 3744 187 3799 tellectus
202 3744 306 3800 dividit.
326 3743 404 3814 Quia,
431 3752 458 3799 ut
473 3744 510 3799 ait
525 3744 634 3800 Boetius
651 3742 677 3799 ιι
692 3750 864 3798 commenta-

73 3832 108 3887 rio
121 3850 206 3905 super
220 3832 401 3906 Porphyrium
417 3850 423 3888 :
448 3834 490 3889 Vis
506 3836 548 3889 εει
570 3833 735 3889 intellectas
761 3832 862 3898 anirai,

72 3926 219 3994 conjuncta
234 3924 406 3995 disjungere,
417 3926 445 3977 et
455 3922 601 3994 disJ'aacta
613 3921 795 3993 conjaaperc.
809 3920 863 3976 Sed

73 4021 168 4081 queret
180 4010 278 4083 aliquis
290 4010 340 4065 ubi
352 4018 414 4065 sunt
424 4009 577 4067 elementu‘.t
590 4025 642 4066 nos
652 4026 718 4067 vero
733 4009 862 4070 dicimus,

72 4098 94 4152 in
107 4100 305 4171 compositione
318 4098 431 4154 humani
445 4098 570 4171 corporis
585 4106 612 4154 et
632 4098 750 4155 aliorum
767 4116 774 4154 :
791 4098 864 4155 sicut

71 4186 151 4244 littera
166 4196 210 4245 εει
222 4190 250 4244 in
264 4188 464 4260 compositione
479 4187 602 4261 syllaba,
619 4188 671 4243 etsi
687 4204 741 4245 non
756 4204 807 4259 per
822 4204 863 4243 εε.

71 4274 117 4331 Sed
133 4284 197 4333 sunt
221 4278 342 4350 quidam,
365 4278 411 4351 qui
434 4285 464 4333 ut
486 4276 593 4347 rustici,
614 4277 740 4333 nesciunt
760 4276 864 4349 aliquid

70 4382 124 4423 esse
137 4367 192 4423 nisi
207 4383 290 4423 sensu
306 4367 411 4439 possint
433 4367 499 4422 illud
523 4366 755 4439 comprehendere
772 4365 864 4436 :Quia

919 3212 1046 3267 minimas
1060 3212 1218 3283 particulas,
1234 3211 1379 3278 elementa,
1396 3210 1473 3283 quasi
1486 3210 1717 3283 primeprincipia

918 3301 1038 3357 vocavit.
1057 3299 1216 3371 Philosophi
1230 3316 1298 3356 vero
1313 3298 1347 3355 de
1361 3299 1500 3355 creatione
1514 3298 1612 3355 muudi
1625 3316 1716 3370 agen-

919 3398 971 3457 tes,
989 3405 1043 3445 non
1060 3389 1094 3445 de
1108 3390 1212 3445 naturis
1227 3388 1398 3461 singulorum
1414 3403 1571 3459 corporum,
1587 3388 1637 3443 ista
1648 3403 1715 3459 qua·

918 3486 978 3535 tuor
992 3492 1056 3551 qua
1069 3478 1204 3545 uidentur,
1223 3477 1357 3533 elementa
1372 3477 1467 3532 muudi
1487 3476 1615 3533 dixerunt
1631 3494 1637 3530 :
1653 3476 1716 3549 quia

918 3586 950 3625 ει
964 3569 1024 3624 istis
1038 3574 1154 3639 constat,
1171 3576 1200 3623 et
1214 3568 1265 3622 ista
1279 3567 1472 3639 primocreata
1484 3574 1555 3633 sunt,
1568 3565 1715 3623 velerean-

918 3665 971 3726 tur,
989 3658 1059 3713 utin
1083 3656 1258 3730 sequentibus
1279 3654 1441 3712 ostenditur.
1456 3654 1538 3710 Nulla
1558 3670 1627 3728 ergo
1646 3654 1717 3710 inter

919 3748 970 3803 hos
981 3746 1171 3803 contrarietas.
1192 3745 1246 3802 Sed
1261 3746 1326 3802 dicit
1341 3752 1436 3802 contra
1452 3760 1459 3801 :
1475 3743 1587 3799 Nullum
1601 3742 1717 3799 istorum

918 3836 1082 3892 clementum
1105 3843 1157 3901 εει,
1180 3833 1367 3907 quianullum
1393 3835 1492 3889 horum
1513 3841 1563 3899 est,
1587 3834 1659 3905 quod
1682 3848 1717 3888 cx

917 3932 1036 3998 quatuor
1049 3922 1109 3979 istis
1124 3922 1267 3979 elementis
1282 3920 1381 3978 factum
1404 3936 1459 3976 non
1482 3921 1526 3989 sit,
1550 3922 1623 3992 quod
1647 3936 1716 3992 pro-

918 4014 983 4069 bant
1000 4013 1058 4068 sic:
1075 4014 1105 4068 ln
1120 4017 1194 4067 terra
1209 4009 1311 4083 aliquid
1327 4008 1361 4064 de
1376 4022 1451 4081 aqua
1461 4016 1513 4074 est,
1526 4008 1587 4082 quia
1597 4008 1715 4063 humidi-

917 4102 979 4158 tatis
1003 4101 1106 4177 aliquid
1128 4099 1252 4156 videmus
1272 4098 1356 4153 exire.
1375 4098 1405 4153 ln
1427 4096 1525 4153 eadem
1548 4105 1589 4153 est
1610 4096 1715 4167 aliquid

918 4191 1001 4260 aeris,
1018 4190 1091 4265 quod
1107 4190 1205 4262 probat
1219 4189 1308 4245 furnus
1323 4188 1388 4244 inde
1397 4202 1557 4259 evaporans,
1571 4194 1597 4243 ει
1612 4184 1717 4258 aliqu'rl

919 4280 1029 4349 caloris,
1053 4279 1123 4353 (qaod
1150 4287 1225 4335 tectu
1245 4278 1423 4351 percipimus.
1447 4276 1578 4332 Similiter
1600 4276 1634 4331 de
1656 4276 1717 4330 aliis

918 4370 1051 4443 probatur
1071 4388 1078 4424 ι
1102 4369 1157 4425 boc
1177 4368 1251 4425 idem
1274 4368 1392 4441 probent
1413 4363 1575 4423 auctoritate
1594 4364 1715 4421 Platonis

70 4458 203 4513 animalis
212 4456 291 4514 horno
299 4472 357 4513 nort
362 4456 485 4530 percipit
496 4456 685 4530 qaaecpiritus
693 4454 794 4528 sant(l
801 4452 861 4511 Cor.
878 4448 902 4505 D
917 4459 955 4533 (m
973 4460 1083 4529 Timaeo)
1094 4458 1140 4531 qui
1153 4457 1209 4513 ait:
1224 4458 1292 4513 Cam
1307 4456 1352 4512 hic
1367 4457 1496 4511 transcat
1510 4457 1541 4511 ia
1557 4469 1671 4525 aqaam,
1688 4460 1717 4514 ct

69 4558 100 4609 ι,
128 4546 154 4617 l)
171 4564 179 4600 :
196 4560 258 4602 cum
280 4545 397 4617 sapienti
419 4546 481 4617 plus
505 4545 558 4600 sint
580 4543 742 4617 inquirenda
766 4544 863 4601 insen-

70 4634 164 4702 sibilia,
195 4650 277 4708 quarn
301 4634 453 4691 sensibilia.
484 4632 551 4691 Cum
580 4649 647 4709 ergo
673 4634 726 4691 illae
755 4634 862 4706 simpla·

70 4730 92 4776 ct
111 4724 234 4780 minimae
256 4724 396 4795 particule
416 4722 551 4780 clementa
567 4723 631 4791 sint,
659 4739 720 4797 quas
743 4731 785 4779 est
813 4722 865 4777 iri-

68 4812 125 4884 gida
148 4822 176 4870 et
198 4814 284 4883 sicca,
306 4821 381 4869 terra
403 4822 444 4870 est
461 4830 467 4869 :
485 4830 545 4885 quae
569 4812 669 4885 lrigida
690 4818 717 4869 et
738 4811 862 4879 humida,

70 4914 132 4972 aqua
147 4912 190 4959 est
206 4921 213 4957 :
230 4918 291 4975 quae
312 4901 402 4958 calida
426 4910 451 4959 et
476 4902 599 4971 humida,
624 4916 671 4957 aer
689 4918 696 4957 :
714 4919 774 4974 quae
794 4901 864 4958 cali·

69 4988 100 5044 da
121 5000 147 5047 et
173 4992 258 5057 sicca,
282 4990 367 5064 ignis.
397 4992 464 5049 Cum
482 4990 567 5065 igitur
587 4992 645 5048 haec
669 4999 783 5065 quatuor
804 5006 865 5063 quae

70 5076 255 5148 ridentur,ex
283 5080 340 5135 illis
369 5080 520 5153 composita
543 5080 607 5148 sint,
637 5080 666 5136 in
695 5096 748 5153 quo
776 5081 864 5151 parti-

70 5169 131 5225 culae
145 5168 257 5241 frigidae
270 5176 297 5224 ει
320 5170 403 5226 sicce
426 5170 613 5234 dominantur,
639 5168 711 5225 illius
734 5168 864 5227 elementi

70 5256 161 5313 dicitur
181 5266 261 5324 terra,
286 5258 313 5313 in
335 5274 390 5331 quo
414 5258 515 5333 frigido
543 5266 569 5315 et
587 5258 705 5316 humida
731 5276 811 5334 aqua,
835 5262 864 5317 in

72 5362 117 5416 qun
130 5346 229 5403 calidae
245 5354 271 5403 et
302 5346 421 5404 hnmidae
435 5363 493 5415 εει,
509 5346 538 5403 in
554 5364 608 5421 quo
623 5348 719 5405 calidae
734 5357 762 5404 et
784 5350 863 5409 sicce

72 5432 147 5507 ignis.
173 5436 203 5491 Si
227 5451 296 5511 ergo
319 5436 374 5492 illis
392 5436 511 5493 velimus
540 5436 679 5511 imponere
698 5438 782 5512 digna
810 5457 862 5497 no-

72 5525 146 5593 nina,
163 5524 313 5598 particulas
327 5522 472 5599 predictas
492 5528 618 5585 dicamus
642 5528 788 5596 elementa,
811 5529 864 5586 ista

73 5624 183 5683 quatuor
196 5630 259 5687 quae
273 5614 399 5674 ridentur
413 5619 586 5677 elementata.
611 5618 678 5677 Sunt
692 5618 801 5691 quidam
818 5618 863 5693 qui

918 4566 991 4623 aqaa
1007 4550 1039 4605 ia
1055 4553 1172 4616 terram,
1190 4563 1279 4615 artare
1295 4548 1383 4618 maais
1403 4544 1517 4601 utcatar
1540 4548 1620 4601 terra
1632 4561 1717 4619 qaam

918 4654 992 4711 aqua
1004 4642 1016 4694 t
1030 4639 1070 4703 (lo
1088 4638 1210 4709 Timeo.)
1221 4636 1281 4692 Nos
1294 4635 1409 4692 dicimus
1424 4640 1529 4701 contra,
1545 4632 1573 4689 in
1589 4649 1716 4707 unoquo-

918 4745 971 4802 que
987 4728 1105 4797 illorum,
1123 4726 1226 4801 aliquid
1241 4727 1275 4783 de
1290 4725 1351 4783 aliis
1373 4742 1445 4795 esse,
1461 4739 1513 4783 nec
1527 4734 1619 4781 tamen
1640 4726 1667 4780 in
1683 4740 1717 4782 ea

919 4834 980 4874 esse
994 4818 1074 4886 facta,
1091 4818 1222 4891 quianon
1237 4815 1449 4884 subtantialiter,
1466 4815 1515 4871 sed
1530 4815 1717 4872 ‘accidentali-

918 4916 962 4964 ter
977 4908 1060 4964 inest.
1076 4908 1143 4963 Cum
1159 4921 1229 4980 ergo
1243 4915 1317 4963 terra
1332 4920 1432 4981 perosa
1445 4905 1489 4971 sit,
1513 4912 1540 4961 et
1561 4904 1640 4978 aquis
1659 4905 1717 4962 cir-

919 4998 1047 5054 cumdata
1061 4998 1105 5068 sit,
1123 4996 1227 5069 aliquid
1242 4994 1365 5052 humoris
1380 4993 1515 5050 subintrat
1536 5010 1607 5065 eam,
1623 5002 1650 5049 et
1662 4994 1715 5048 ali-

919 5088 983 5159 quid
1000 5086 1082 5143 aeris.
1098 5088 1162 5142 Cum
1178 5101 1244 5142 aero
1259 5085 1286 5141 iu
1304 5084 1395 5141 medio
1415 5082 1510 5139 niundi
1532 5084 1577 5150 sit,
1598 5090 1624 5139 ει
1643 5081 1716 5154 ignis

919 5178 952 5233 ab
967 5194 1001 5233 ea
1015 5174 1156 5250 aequaliter
1166 5194 1200 5233 ει
1214 5174 1290 5232 omni
1304 5182 1383 5248 parte
1396 5172 1488 5242 distet,
1502 5172 1567 5247 quid
1580 5171 1678 5225 mirum
1690 5170 1714 5225 si

918 5266 1021 5340 aliquid
1037 5266 1099 5323 inde
1113 5263 1213 5324 caloris
1228 5264 1364 5337 recipiat?
1390 5263 1455 5331 Sed,
1471 5261 1533 5335 quia
1548 5256 1713 5315 brevitatem

918 5356 944 5411 iu
960 5358 1013 5414 boc
1028 5372 1112 5429 opere
1127 5362 1272 5421 sectamur,
1288 5351 1354 5427 quid
1370 5352 1397 5408 in
1419 5352 1479 5406 aliis
1498 5354 1526 5405 et
1544 5348 1605 5403 aliis
1625 5348 1672 5414 sit,
1689 5357 1716 5404 ει

919 5445 1036 5519 qualiter
1050 5443 1157 5503 accidat
1171 5445 1222 5513 eis,
1238 5442 1357 5517 ingeniis
1375 5441 1492 5497 aliorum
1513 5437 1654 5510 inquirere
1668 5436 1715 5493 di-

918 5536 1057 5593 mittamus
1085 5552 1092 5589 :
1122 5534 1222 5591 etenim
1248 5531 1413 5607 principium
1440 5544 1456 5583 a
1487 5526 1635 5601 magistro,
1665 5528 1715 5583 sed

917 5626 1049 5701 perfectio
1064 5624 1146 5683 debet
1160 5638 1223 5680 esse
1236 5624 1271 5680 ab
1286 5618 1398 5692 iugenio
1409 5636 1417 5675 ι
1429 5617 1504 5692 quod
1513 5615 1612 5676 ιιειιιι
1622 5616 1716 5673 dicunt
