3942 6067
155 312 202 365 on
311 367 316 377 ,
486 306 673 371 srncunnn
694 304 882 363 ecennsun.
902 306 997 363 -on
1018 308 1047 365 s.
1069 308 1235 369 ιιιτιιο
1255 310 1440 373 arescere.
1725 313 1795 371 roas
1888 297 1892 307 '

135 434 202 490 ritus
224 431 313 489 sancti
339 430 529 498 informentur,
546 438 574 487 et
595 431 654 488 hec
677 432 788 504 assequi
803 432 852 487 vtr
867 432 939 505 peti·
954 437 981 499 Α
996 431 1126 504 templum
1142 434 1280 493 Pantheon
1295 437 1322 492 in
1337 436 1439 493 honore
1449 434 1570 493 omnium
1580 436 1702 505 deornm,
1712 437 1795 496 immo

132 522 258 581 cionibna
274 518 428 576 [iominicae
449 518 584 575 orationis
602 529 755 592 precantur
768 520 870 593 (ibid).
884 521 939 578 Per
992 516 1199 587 daemoniorum,
1211 528 1281 587 eret,
1298 520 1371 593 quod
1385 536 1459 593 papa
1473 519 1639 588 lioniimins,
1652 519 1796 581 eliminata

133 611 258 685 spiritum
273 624 394 682 namque
416 608 524 664 timoris
546 616 609 666 sunt
627 610 778 667 voluntarie
800 625 938 682 pauperes
992 607 1067 663 omni
1092 609 1230 679 spurcicia
1245 610 1398 683 ydolorum,
1417 608 1445 665 in
1464 610 1570 667 honore
1583 608 1633 665 itai
1648 608 1797 667 Genitricis

134 710 164 757 nt
179 716 196 756 a
209 699 290 756 malis
302 698 416 755 liberari
426 696 534 754 ualeant
543 705 573 755 et
583 715 700 771 sepum
709 699 842 757 erulorum
851 701 938 758 here·
991 696 1084 753 hene
1108 706 1134 753 at
1156 699 1279 755 omnium
1293 707 1440 771 martyrum
1463 697 1491 755 iu
1513 696 1585 754 hiain
1606 697 1794 757 dedicaverat.

134 790 219 846 ditata
234 789 354 860 capiant.
372 789 425 844 Per
434 786 560 859 spiritum
574 788 685 860 pietatis
699 797 762 845 sunt
775 789 856 846 mites
865 806 900 846 ne
910 790 938 845 in
992 785 1023 841 lu
1038 784 1135 857 primia
1155 787 1228 843 enirn
1243 804 1298 844 uon
1312 786 1366 845 nisi
1380 794 1482 845 saneta
1494 786 1588 845 hieriae
1602 794 1629 845 et
1643 796 1798 860 martyrum
1839 788 1842 799 '

134 878 310 950 temptatione
324 876 490 934 inducantur
503 883 530 934 et
545 885 646 935 terram
671 878 821 935 viventium
844 878 937 951 possi-
992 873 1798 949 iasdritescolehatur,sedprccessutemporis,llhristiena

134 967 202 1023 dere
216 966 292 1041 digni
306 966 469 1023 humantur.
485 965 539 1023 Per
552 967 682 1038 spiritum
696 967 818 1025 scientim
841 982 892 1025 ena
910 975 938 1025 at
992 962 1128 1046 religione
1144 974 1296 1035 crescente,
1312 966 1397 1023 etiam
1414 965 1606 1023 confessorum
1630 964 1799 1025 sollemnitas
1889 1028 1893 1035 ,

133 1055 320 1128 proximorum
343 1055 416 1111 mala
438 1056 549 1129 lugeam
565 1056 593 1111 in
608 1072 638 1114 se
654 1056 832 1130 peccantibus
845 1057 937 1114 dehita
991 1050 1196 1110 ¹nstituehatur.
1209 1054 1287 1111 Unde
1301 1056 1411 1127 quidem
1423 1054 1577 1129 Gregorius
1591 1070 1663 1127 papa
1677 1056 1795 1119 eandem

133 1144 277 1218 indulgent
290 1152 319 1199 nt
334 1152 362 1199 et
375 1143 483 1201 illorum
498 1144 591 1202 dehita
610 1146 771 1203 relaxentur
782 1154 809 1202 et
821 1146 938 1203 tristicie
992 1138 1164 1199 festivitatem
1187 1143 1213 1197 in
1238 1144 1343 1201 honore
1368 1144 1489 1201 omnium
1504 1152 1662 1201 sanctorum
1676 1143 1711 1215 (l⁰
1724 1146 1792 1215 260)
1858 1166 1861 1171 ·

135 1249 232 1291 eorum
247 1234 274 1288 in
289 1231 736 1303 gundioconverseconsolentur.
749 1234 937 1307 perspiritum
991 1232 1125 1288 hodierna
1149 1230 1193 1289 dia
1218 1230 1336 1288 instituit
1358 1231 1510 1299 celebrari,
1535 1240 1565 1288 ut
1590 1231 1719 1304 quicquid
1738 1241 1794 1291 tote

133 1322 300 1379 lenitudinis
313 1321 387 1378 ieme
407 1331 435 1378 et
458 1322 502 1377 siti
521 1323 639 1392 justicie
652 1322 817 1389 alliciuntur,
832 1332 859 1379 et
872 1324 936 1381 ideo
991 1335 1066 1376 anno
1080 1320 1197 1375 hnmana
1211 1318 1348 1393 fragilitas
1373 1320 1402 1375 in
1426 1319 1658 1378 celebrationibus
1682 1330 1794 1379 macw-

134 1426 205 1482 pene
219 1410 368 1469 cottidiano
381 1410 424 1467 vel
440 1411 696 1483 supersubstantiali
721 1412 930 1467 saturabuntur.
991 1424 1050 1465 rum
1065 1408 1241 1482 neglexisset,
1258 1424 1351 1466 eorum
1366 1409 1474 1465 meritis
1488 1409 1577 1479 possit
1592 1409 1674 1467 hodia
1689 1410 1793 1467 relaxa·

134 1500 188 1557 Per
201 1498 326 1571 spiritum
340 1498 448 1555 consilii
470 1500 666 1557 misericordes
680 1516 743 1557 esse
758 1508 893 1557 conantur
905 1508 936 1557 ut
990 1498 1025 1553 ri.
1045 1498 1141 1567 igitur,
1158 1497 1304 1566 karissimi,
1321 1497 1443 1555 omnium
1459 1504 1617 1555 muctarem
1632 1498 1739 1555 maritis
1763 1508 1792 1559 ot

133 1587 262 1646 voluntas
276 1587 328 1644 Dei
341 1575 413 1644 sicut
426 1588 455 1642 in
470 1587 625 1644 ercliacum
647 1588 773 1661 angelis,
799 1590 835 1643 ita
856 1595 885 1645 et
906 1588 936 1643 in
988 1586 1116 1658 precibus
1136 1586 1253 1659 quaerite
1268 1586 1349 1643 hodia
1364 1586 1510 1643 Dominum
1525 1588 1615 1657 (Paci.
1632 1586 1689 1659 clv)
1703 1602 1793 1645 creu-

132 1683 207 1732 terra
231 1692 292 1733 cum
316 1676 471 1732 hominihus
485 1674 651 1747 perficiatur,
668 1685 695 1733 et
708 1677 760 1748 ipsi
776 1676 934 1733 misericor·
989 1674 1035 1743 do,
1047 1674 1159 1747 quaerhe
1174 1674 1271 1731 laniem
1287 1675 1346 1745 ejus
1355 1690 1466 1745 semper
1476 1675 1650 1746 (temthsne
1659 1676 1788 1745 urendo,

133 1764 206 1821 dam
221 1764 363 1821 Christum
378 1774 590 1838 consequantur.
605 1766 660 1821 Per
674 1764 802 1837 spiritum
825 1764 933 1822 intelle·
948 1794 976 1856 B
990 1771 1016 1820 et
1028 1762 1174 1821 invenietis
1184 1765 1307 1838 requiem
1318 1763 1460 1821 enimehns
1475 1764 1575 1821 reuma
1587 1764 1697 1835 (hatti.
1711 1765 1755 1835 ιι)
1765 1765 1794 1822 in
1864 1832 1868 1841 ¹

133 1856 194 1907 ctus
208 1858 272 1905 snut
287 1849 482 1906 mundicordes
496 1858 526 1905 ut
540 1850 581 1904 eis
593 1864 709 1921 regnum
732 1850 782 1906 Dei
805 1850 934 1907 adveniet
988 1860 1091 1909 aetarna
1105 1852 1193 1925 gioria
1207 1853 1359 1927 regnando.
1374 1852 1478 1910 Omnes
1488 1861 1600 1910 muetos
1609 1868 1657 1909 ore
1668 1862 1695 1910 et
1706 1854 1790 1911 corde

136 1946 164 1995 et
178 1938 266 1995 licum
279 1938 351 1996 iacie
364 1938 400 1994 ad
415 1938 515 1995 iaciem
529 1938 608 1995 sicuti
623 1946 665 1994 est
681 1938 792 1994 rideant
813 1939 841 2007 (i
851 1941 934 1995 loon.
990 1942 1126 2008 invocata,
1143 1942 1214 1999 votis
1228 1949 1255 1998 et
1268 1942 1397 1998 lendibus
1411 1958 1460 1999 vos
1483 1941 1524 1999 eis
1546 1942 1738 2000 commendate
1767 1950 1798 1999 ut

136 2029 192 2099 ru).
210 2028 266 2084 Per
280 2028 403 2099 spiritum
418 2028 558 2099 sapientire
579 2035 641 2082 sunt
663 2027 770 2098 pacifici
793 2035 823 2083 ut
847 2027 937 2083 Patris
991 2030 1120 2103 quiequid
1136 2038 1195 2087 toto
1207 2046 1281 2087 enno
1295 2030 1422 2105 gessistis
1436 2039 1534 2087 eontra
1548 2030 1730 2088 Christianam
1746 2047 1792 2089 ra·

135 2132 236 2173 nomen
251 2116 279 2171 in
294 2118 335 2172 eis
349 2115 542 2177 sanctificetur,
560 2124 586 2172 et
601 2116 652 2188 ipsi
677 2115 725 2171 lilii
740 2115 790 2172 Dei
805 2124 938 2173 vocentur
993 2118 1135 2191 ligioncm,
1152 2121 1270 2177 Sanctus
1293 2121 1415 2176 omnium
1437 2126 1595 2176 sanctorum
1609 2119 1733 2177 Christus
1748 2138 1796 2178 re·

137 2204 239 2277 (iridi
249 2206 284 2260 iit
293 2206 358 2277 qnia
372 2205 400 2260 in
413 2205 457 2260 his
467 2204 583 2278 singulis
593 2204 813 2275 persecutionem
825 2212 939 2275 propter
993 2208 1066 2264 laxet
1089 2210 1168 2265 vohis
1192 2224 1242 2281 per
1265 2208 1375 2265 illorum
1404 2209 1650 2274 intercessionems
1680 2217 1707 2266 et
1734 2226 1797 2269 cunr

134 2293 274 2364 iusticiam
288 2295 435 2364 patiuntur,
450 2294 514 2350 ideo
525 2308 642 2366 repnum
656 2293 790 2349 eoelornm
804 2292 868 2365 jura
881 2294 939 2350 hm·
993 2298 1066 2354 idem
1082 2298 1137 2355 ilex
1153 2298 1251 2371 gloriae
1263 2297 1433 2353 admirabilis
1443 2295 1503 2355 heri
1512 2298 1539 2353 in
1550 2298 1678 2355 omnihus
1693 2300 1794 2357 socoth

137 2382 459 2455 reditariocumangelis
472 2398 578 2437 summa
593 2381 763 2437 beatitudine
776 2382 937 2439 sortiuntur.
995 2391 1052 2443 suls
1068 2387 1180 2453 venerit,
1196 2396 1278 2459 atque
1301 2387 1336 2442 de
1358 2386 1464 2460 angelis
1486 2394 1514 2443 et
1536 2386 1690 2445 hominibus
1712 2401 1795 2445 unam

137 2472 173 2527 ttt
194 2470 258 2543 qnia
272 2472 312 2527 ais
327 2470 452 2527 homines
470 2470 647 2542 exprobrant,
665 2469 843 2538 maledicunt,
858 2486 941 2529 omne
996 2476 1193 2548 rempublicam
1218 2476 1324 2540 iecerit,
1347 2490 1397 2533 ros
1417 2476 1444 2532 in
1468 2477 1520 2533 hac
1544 2476 1719 2547 copulatione
1732 2492 1797 2535 ma-

138 2560 242 2617 malum
259 2568 373 2631 propter
390 2574 492 2616 nomen
516 2558 625 2616 Domini
647 2559 812 2616 mentientes
834 2560 939 2628 dicunt,
997 2565 1108 2622 reamini
1122 2566 1149 2620 in
1164 2564 1315 2622 clarissimo
1330 2564 1407 2637 regni
1417 2564 1597 2638 ajuspalacio
1609 2580 1793 2639 conregnare,

139 2648 210 2705 beati
225 2658 314 2714 erunt,
330 2649 395 2720 quia
409 2648 436 2704 in
452 2648 554 2721 gaudio
568 2656 595 2704 et
608 2646 774 2705 exultatione
797 2649 939 2721 copiosam
994 2662 1020 2712 et
1035 2655 1063 2710 in
1075 2654 1176 2726 nuptiis
1191 2654 1292 2727 sponsi
1314 2661 1341 2710 et
1364 2666 1474 2725 sponse
1496 2668 1560 2711 eum
1579 2654 1706 2711 omnihus
1730 2656 1797 2713 eho-

139 2738 297 2795 mercedem
311 2736 449 2794 hahabnnt
463 2738 573 2809 (nette.
588 2738 628 2809 v).
994 2744 1034 2801 ris
1048 2744 1207 2816 angelorum
1231 2750 1258 2801 et
1281 2750 1440 2801 sanctorum
1463 2758 1586 2816 perenne
1611 2742 1722 2802 alleluia
1744 2744 1797 2803 de·

176 2826 262 2884 Debet
285 2833 378 2884 autem
401 2842 487 2883 nosse
510 2834 604 2883 vestra
625 2826 784 2885 fraternitas
807 2842 858 2884 cnr
880 2827 941 2884 haec
996 2838 1120 2888 cantare.

145 2918 241 2969 sancta
267 2911 389 2969 instituta
419 2911 455 2967 ait
479 2910 666 2969 sollemnitas.
685 2912 781 2969 liomm
800 2910 942 2984 andquum

514 3384 583 3461 DE
621 3384 832 3463 SANCTO
869 3382 1119 3460 MARTINO
1148 3380 1424 3459 EPISCOPO.

178 3614 305 3671 Dilectus
323 3614 379 3671 nco
401 3617 430 3671 at
454 3614 625 3680 hominihus,
651 3616 735 3684 euius
756 3615 897 3671 memmio
908 3615 942 3671 iat
957 3628 982 3692 c
996 3615 1165 3673 desiderium
1180 3616 1239 3687 ejus
1253 3614 1335 3671 minis
1357 3613 1522 3687 compescit.
1549 3612 1673 3687 Demque
1690 3618 1802 3669 camna·

142 3703 334 3761 benedictione
355 3706 398 3759 est
421 3704 519 3770 (Ereti.
545 3703 627 3773 xer).
656 3704 776 3760 Sanetus
797 3703 940 3770 hiartinna,
998 3712 1050 3771 tur,
1084 3704 1248 3761 militaribus
1275 3702 1358 3759 ermis
1385 3703 1485 3759 inritum
1512 3702 1679 3774 implicetur.
1703 3701 1802 3758 Adhuc

142 3790 328 3860 dilectissimi,
344 3790 394 3847 iuit
415 3792 475 3847 Deo
488 3790 613 3860 dilectus,
629 3797 657 3847 at
670 3791 733 3847 ideo
747 3799 791 3847 est
801 3791 941 3865 gloriosus
998 3793 1070 3849 unda
1085 3792 1255 3865 baptismatis
1270 3808 1332 3848 enm
1348 3807 1404 3848 noa
1418 3790 1597 3858 abluebatur
1611 3799 1800 3847 tameneran·
1879 3820 1884 3833 .

140 3880 263 3953 pontisas
291 3896 376 3952 seper
404 3880 512 3952 plebem
540 3895 619 3937 suam
647 3879 761 3937 electus.
778 3880 943 3937 Hominibus
997 3882 1086 3955 polica
1101 3888 1236 3955 precepta
1250 3880 1367 3939 sollicite
1389 3878 1539 3953 implebat,
1566 3879 1671 3939 scilicet
1693 3879 1799 3937 alentes

143 3970 232 4027 extitit
258 3969 385 4040 dilectus,
414 3969 477 4042 quia
504 3968 632 4025 nimirum
658 3969 777 4041 populus
801 3969 854 4027 Dei
884 3971 944 4040 eius
997 3970 1106 4038 alebnt;
1132 3978 1158 4025 et
1179 3970 1323 4043 oppressis
1350 3976 1433 4041 prout
1456 3968 1543 4041 potuit
1570 3968 1598 4023 in
1624 3966 1799 4025 tribulatione

140 4057 295 4131 patrocinio
308 4058 345 4114 eh
354 4058 479 4114 hostibus
493 4057 592 4114 enimse
605 4066 632 4115 et
646 4058 769 4130 corperis
783 4066 825 4115 ost
839 4067 945 4131 protec-
998 4058 1190 4126 subveniebct,
1205 4073 1259 4115 nno
1273 4064 1378 4115 uatum
1393 4059 1506 4115 servulo
1520 4064 1676 4125 contentus,
1686 4056 1731 4114 cui
1741 4054 1801 4128 ipse

141 4154 198 4203 ιιι.
221 4146 327 4203 Idcirco
340 4147 368 4201 in
383 4146 575 4204 benedictione
589 4153 632 4202 est
645 4148 706 4217 ejus
720 4148 865 4218 memoria,
880 4147 945 4219 quia
1000 4148 1100 4221 saepius
1114 4164 1197 4205 verae
1210 4148 1272 4205 rica
1287 4147 1437 4204 serviebat.
1467 4145 1593 4215 Quodam
1615 4144 1715 4203 hiemis
1728 4150 1802 4201 um-

140 4250 193 4307 par
205 4236 364 4292 universnm
387 4236 484 4292 orbem
505 4236 539 4291 ab
565 4235 731 4301 hominihus,
747 4243 775 4292 et
790 4236 818 4291 in
833 4236 946 4293 coeliae
999 4238 1144 4310 paredum
1160 4238 1251 4310 pergit
1266 4236 1401 4293 liertinus
1415 4251 1478 4295 cum
1493 4233 1736 4301 commilitonibus,
1751 4233 1802 4289 oh·

141 4323 231 4379 beatis
246 4323 388 4395 spiritibus
402 4324 574 4381 benedicitur
587 4324 616 4379 in
631 4325 767 4396 perhenni
780 4324 883 4398 gloria.
904 4326 946 4381 hh
999 4327 1054 4383 rint
1068 4326 1109 4383 eis
1122 4326 1210 4381 nudus
1228 4325 1420 4398 pauperculus,
1436 4340 1556 4397 poscens
1583 4312 1801 4379 miscricordiam

140 4412 270 4468 universa
284 4428 392 4484 quoqne
409 4412 533 4469 Ecclesia
547 4412 629 4469 hodie
643 4430 743 4471 nomen
757 4414 825 4471 lesu
841 4412 948 4471 Christi
1001 4414 1255 4481 atranseuntihus3
1279 4423 1307 4471 et
1327 4414 1391 4471 dum
1410 4429 1509 4471 ornnes
1529 4419 1696 4484 praetercunt
1719 4412 1800 4469 miae

142 4516 192 4572 per
203 4516 266 4555 eum
282 4500 465 4569 benedicitur,
481 4516 498 4556 a
512 4518 566 4574 quo
579 4502 604 4558 ei
617 4510 707 4559 tantus
728 4510 862 4575 patronus
876 4520 947 4576 prm·
1002 4520 1073 4569 rum,
1090 4504 1223 4561 Marinus
1237 4502 1351 4576 arripnit
1364 4503 1496 4576 gladium,
1511 4501 1658 4559 clamidem
1682 4516 1735 4574 qne
1756 4501 1802 4556 in-

142 4588 243 4645 iicitur.
265 4589 315 4645 iiic
328 4605 438 4661 gemme
454 4591 628 4646 secerdotum
644 4591 795 4662 appellatur
808 4592 871 4664 quie
887 4595 948 4663 ejus
1002 4592 1084 4648 dutus
1098 4600 1157 4649 erat
1171 4593 1279 4659 dividit,
1294 4601 1400 4665 partem
1423 4591 1536 4664 pauperi
1558 4590 1662 4646 tribuit.
1676 4590 1801 4647 (1ιίΒο-

144 4677 272 4750 preciosa
298 4678 355 4734 rita
382 4694 413 4734 se
442 4680 585 4750 praeclaris
618 4680 754 4735 miraculis
783 4696 835 4751 per
861 4688 949 4737 totum
1004 4682 1093 4738 minus
1108 4689 1188 4739 nocte
1199 4681 1353 4753 insequenti
1367 4696 1431 4739 cum
1447 4680 1617 4737 multitudine
1639 4679 1802 4752 augelorum

147 4766 280 4823 mnndum
308 4766 489 4824 sacerdotalis
516 4768 636 4839 dignitas
663 4768 819 4823 decoretur.
842 4768 950 4825 Undea
1005 4770 1139 4842 apparuit,
1156 4774 1262 4843 partam
1278 4771 1361 4827 restis
1375 4784 1391 4825 a
1407 4769 1523 4825 hiartino
1546 4768 1637 4824 datam
1660 4766 1799 4837 proteum

144 4854 210 4911 solis
224 4864 286 4913 ortu
303 4872 392 4929 nsque
406 4856 442 4911 ad
454 4872 581 4912 occasum
597 4856 734 4913 laudabile
760 4872 860 4915 nomen
886 4859 951 4931 ejus
1005 4860 1056 4915 hac
1069 4874 1099 4915 sa
1113 4874 1129 4914 ι
1147 4860 1271 4923 homino,
1286 4858 1402 4915 necdum
1419 4856 1564 4929 baptisato,
1579 4854 1708 4913 restitum
1723 4862 1801 4911 retu·

143 4930 231 5001 (Prot.
249 4944 319 5014 extr)
333 4946 493 5001 celebratur
506 4952 533 5000 et
554 4946 588 4999 ah
602 4945 728 5001 omnihus
758 4947 946 5010 laborantibus
1005 4943 1048 4999 lit.
1074 4942 1134 5013 Qua
1149 4942 1254 5001 visione
1270 4951 1379 5000 sanetus
1393 4942 1522 4997 Martinus
1536 4941 1682 5005 animolas,
1698 4947 1726 4995 at
1739 4953 1800 4995 ma-

143 5032 171 5087 in
186 5033 314 5089 auxilium
328 5034 388 5103 ejus
402 5034 553 5090 inseratur.
563 5033 697 5091 Omnibus
707 5052 739 5090 se
750 5035 945 5093 invocantibus
998 5032 1067 5103 juris
1081 5032 1178 5105 gratia
1191 5047 1241 5104 spe
1255 5032 1408 5097 roboratus,
1420 5046 1483 5087 cum
1497 5035 1574 5085 esset
1587 5029 1683 5085 dacem
1697 5034 1725 5083 et
1738 5034 1799 5084 octo

142 5120 228 5179 celeri
243 5138 296 5193 ope
307 5122 444 5188 subvenit,
458 5122 589 5195 Deosque
596 5138 645 5194 per
654 5125 713 5193 ejus
723 5124 819 5179 merita
829 5142 945 5198 qumque
1001 5136 1132 5177 annerum
1148 5119 1214 5177 ionti
1229 5120 1329 5175 Christi
1344 5118 1517 5192 immergitur
1540 5125 1567 5174 et
1589 5131 1652 5172 mox
1677 5122 1749 5171 totns
1771 5114 1800 5171 in

142 5211 227 5282 petita
246 5210 358 5267 cuilibet
379 5209 483 5267 tribuit.
509 5212 580 5267 Nam
604 5212 708 5285 absque
736 5212 828 5267 multis
856 5214 945 5287 signis
1000 5208 1050 5265 Dei
1064 5209 1210 5265 servicium
1226 5207 1405 5266 convertitur.
1426 5207 1535 5261 interae
1547 5203 1657 5260 loliano
1670 5203 1730 5259 Deo
1744 5202 1800 5259 odi·

143 5297 242 5369 quibus
265 5306 306 5353 est
328 5296 534 5368 glorificandus,
552 5307 608 5353 tres
622 5307 745 5355 mortuos
765 5315 815 5370 per
829 5316 894 5356 eum
909 5301 945 5357 ad
1001 5296 1048 5353 bili
1064 5298 1097 5353 nd
1112 5312 1235 5371 pugnam
1250 5302 1427 5368 properante,
1444 5302 1471 5350 ct
1486 5292 1619 5348 militibus
1642 5290 1800 5349 donatiuum

143 5386 226 5441 vitem
243 5387 425 5443 resuscitarit.
1000 5396 1143 5461 erogante,
1159 5387 1289 5443 Martinus
1304 5384 1434 5441 miliciam
1448 5398 1510 5440 eum
1525 5380 1797 5454 donatiroahnegat3

178 5475 229 5531 ilie
243 5490 260 5530 a
274 5476 404 5533 Romanis
427 5478 609 5549 parentibus,
633 5484 723 5535 tamen
739 5478 901 5551 gentilibus,
917 5478 945 5534 in
1000 5477 1049 5531 aad
1073 5490 1136 5532 eum
1160 5482 1292 5546 tyrannus
1311 5474 1340 5528 in
1360 5486 1498 5529 carcerem
1523 5469 1609 5543 recipi
1633 5468 1748 5541 imperat
1768 5476 1799 5525 ut

143 5563 284 5620 Pannonia
299 5572 456 5637 generetur,
473 5565 598 5622 initalia
620 5567 760 5623 educatur.
781 5567 945 5624 Duodeunis
1000 5580 1063 5621 eum
1078 5564 1211 5621 iuemnem
1226 5562 1351 5619 hostibus
1365 5560 1485 5631 objiciat.
1512 5559 1575 5617 Pius
1595 5564 1687 5615 autem
1700 5556 1798 5615 Domi*

143 5657 202 5708 toto
223 5652 317 5709 animo
340 5654 479 5710 heremum
503 5656 687 5728 concupiscit3
712 5656 762 5712 sed
776 5664 856 5729 pater
869 5658 943 5727 eius,
1000 5653 1188 5711 aesomnium
1210 5650 1318 5708 utilitati
1341 5650 1459 5707 consulit
1486 5648 1552 5707 dum
1579 5662 1661 5705 snum
1687 5645 1799 5704 fidelem

143 5740 209 5797 dum
229 5741 262 5811 (i-
275 5744 329 5800 aso
343 5743 385 5815 ι’)
400 5750 473 5801 essct
500 5744 623 5802 tubanus
652 5744 783 5817 militnm,
813 5746 943 5805 devotam
998 5742 1114 5801 militam
1135 5739 1259 5815 parimlo
1280 5739 1390 5809 eximit,
1405 5740 1470 5813 quia
1490 5739 1682 5799 amedeum
1696 5750 1797 5811 βψω
