3942 6067
228 241 278 297 rso
485 245 633 307 nouom
652 250 912 313 sucusronurr.
933 251 1016 310 orn.
1036 251 1135 316 rans.
1154 258 1178 315 r.
1197 289 1233 304 -
1250 260 1392 319 ninsso.
1414 261 1460 316 m
1477 259 1619 318 unsrun.
1824 270 1875 324 roo
1968 224 1969 277 ³

227 372 269 421 est
291 367 494 441 aequinoctium,
511 377 575 430 nunu
589 374 722 432 Dominus
745 387 842 436 contra
855 377 946 451 legem
967 379 1021 434 Pa·
1035 376 1064 440 Α
1080 382 1172 452 quenti
1185 384 1288 452 mensi,
1300 384 1546 461 proregulsribus.
1566 385 1657 442 ‘Verbi
1679 388 1768 460 gretie
1784 404 1791 445 τ
1806 391 1875 448 ider-
1968 392 1969 439 ἓ

227 455 292 510 soba
307 463 370 512 ante
386 459 578 531 aquinoctium
598 463 761 534 celebravit,
777 468 823 539 qui
846 484 900 525 nou
915 467 1023 526 solvere
1076 464 1130 523 tius
1144 467 1226 525 habet
1240 470 1353 542 triginta
1367 487 1450 527 unum
1464 478 1491 526 et
1505 469 1625 543 quinque
1636 471 1789 546 regulares,
1800 477 1875 549 quod
1968 522 1969 527 1

162 552 164 560 ’
189 573 191 578 -
227 541 327 615 legem,
339 546 388 602 sed
403 546 517 620 implere
532 550 617 607 venit.
646 549 700 612 Sed
715 562 742 610 et
756 555 841 612 Judaei
863 564 957 614 eontra
970 573 1022 630 pa-
1076 567 1142 616 sunt
1154 562 1257 634 septies
1270 564 1401 638 quinque,
1417 571 1444 621 et
1458 573 1583 620 remanet
1597 581 1676 621 unus.
1703 564 1756 623 llio
1770 567 1875 624 eritre-
1968 638 1969 651 χ

228 631 309 687 trium
332 649 434 691 morem
457 647 618 710 gessemnt,
638 641 684 713 qui
710 643 817 702 Pascha
839 644 867 700 in
890 646 1023 706 imonre-
1076 648 1182 721 gularis
1203 652 1320 723 Aprilis.
1341 653 1385 710 Sic
1406 652 1569 709 incaeteris.
1592 653 1692 723 Aliter,
1708 663 1793 728 quota
1810 656 1877 713 leria

226 719 310 776 nienti
335 723 451 780 terminu
475 735 600 798 egerunt.
627 730 819 790 Verumtamen
839 749 902 792 cnm
924 734 1023 792 borum
1077 737 1166 809 primo
1180 754 1253 796 anuo
1267 741 1318 797 luit
1331 742 1359 796 in
1374 741 1503 798 Kalendis
1518 741 1662 809 meusium,
1678 751 1718 802 tot
1732 754 1812 800 eruut
1833 762 1874 802 ro·
1968 800 1969 807 ,

226 817 350 866 neutrum
364 810 455 882 inerit,
472 821 611 874 transacto
626 817 788 878 duodecimo
805 821 920 880 Kalend.
936 823 1022 895 April.
1076 822 1189 894 gulones
1203 825 1348 882 mensium.
1366 825 1449 882 Verbi
1462 825 1551 898 grstia
1567 845 1573 881 :
1589 827 1616 883 in
1632 827 1763 884 Kalendis
1771 830 1874 886 llartiis
1968 834 1969 877 ἒ

224 899 396 969 aeqninoctio,
411 901 544 958 Dominus
559 905 641 964 solito
664 925 743 966 mm¹
765 911 870 969 Paccbn
889 927 951 968 crum
973 914 1024 968 Ju-
1077 919 1139 966 suut
1151 911 1272 986 quinque
1287 931 1294 971 :
1309 915 1428 990 qrrinqne
1443 931 1512 988 ergo
1527 924 1588 970 sunt
1603 917 1743 990 regulares
1757 917 1873 975 Xalend.
1968 982 1969 989 χ

224 985 290 1041 dacis
308 987 452 1046 undecimo
467 991 585 1048 Kalend.
606 996 720 1068 Aprilis
738 999 886 1057 celebravit
901 999 1025 1056 Pasobali
1076 997 1182 1069 april„
1203 1015 1257 1055 una
1275 999 1345 1057 ierla
1359 1009 1386 1056 et
1414 1017 1484 1056 unus
1507 1000 1657 1079 regularis.
1685 1002 1731 1061 Sic
1750 1002 1778 1057 io
1793 1011 1874 1061 oaete-
1968 1008 1969 1045 ³

223 1072 278 1142 die,
295 1075 368 1148 qnod
382 1086 441 1136 erat
455 1079 562 1137 decimo
577 1084 712 1156 Kalend,
738 1104 789 1144 sno
813 1088 947 1162 sanguine
972 1105 1024 1146 nos
1076 1084 1123 1142 ris.
1968 1094 1969 1117 ¹

222 1161 351 1220 redemit.
372 1165 476 1224 Octavo
491 1169 610 1227 Kalend.
628 1175 792 1233 resurrexit.
1152 1225 1220 1282 cm
1238 1227 1424 1288 LXXXVIII.
1437 1260 1472 1272 -
1486 1230 1525 1286 De
1539 1231 1792 1289 commum·

240 1287 243 1296 .
258 1255 420 1313 autumnale
432 1273 541 1329 quoque
555 1263 747 1333 aequiuoctinm
772 1281 828 1322 nou
850 1273 957 1336 octavo,
973 1268 1024 1324 sed

222 1339 385 1402 duodecimo
408 1346 526 1404 Xaiend.
545 1349 659 1410 Octobr.
675 1353 831 1413 babendum
855 1357 1025 1413 demonstrat
1111 1369 1309 1427 Concurrenres
1340 1378 1431 1428 autern
1452 1372 1555 1429 bsbcnt
1575 1373 1628 1430 boc
1652 1375 1803 1432 exordium.
1825 1377 1874 1434 So
1968 1336 1969 1407 }

222 1429 404 1504 h⁰i⁰¹⁰8i¹1ffl·
1075 1458 1142 1514 loris
1156 1476 1243 1515 annus
1257 1459 1339 1516 babet
1353 1460 1538 1518 hebdomadas
1552 1461 1752 1537 qninquaginta
1766 1473 1793 1521 et
1806 1465 1874 1522 duas
1968 1458 1969 1461 ¹

257 1519 601 1600 Solstitiumideodieitur,
616 1533 689 1606 qnod
704 1533 822 1601 saintet,
837 1533 1025 1607 scilieetqnud
1075 1556 1103 1604 et
1121 1563 1204 1604 unum
1223 1548 1306 1605 diem,
1326 1550 1376 1605 llic
1399 1565 1470 1606 unns
1493 1549 1547 1606 erit
1569 1551 1657 1622 primo
1679 1569 1754 1610 anuo
1775 1555 1874 1612 solaris
1968 1542 1969 1563 ³

220 1607 299 1665 altius
313 1610 413 1668 coelnm
424 1618 559 1677 mandere
573 1637 628 1680 non
643 1622 741 1692 valeat,
755 1624 803 1680 sed
819 1631 891 1680 retro
905 1624 1022 1697 gradum
1074 1636 1146 1708 cycli
1161 1653 1341 1705 concurrens,
1356 1639 1421 1710 qnia
1432 1639 1572 1696 concurrit
1585 1641 1748 1713 regulariter
1757 1643 1793 1699 ad
1802 1643 1874 1700 inre·

220 1697 321 1757 ssesslfli·
1035 1734 1062 1794 Β
1076 1726 1203 1782 siendum
1219 1727 1316 1783 leriam
1331 1728 1449 1799 primam
1462 1726 1490 1782 iu
1503 1727 1637 1785 Kalendis
1651 1731 1797 1788 mensium.
1813 1733 1875 1790 Sin-

256 1788 390 1846 AEstirale
414 1792 576 1862 solstitium,
594 1812 648 1852 non
663 1804 776 1866 octavo,
793 1800 843 1857 sed
854 1802 1020 1861 duodecimo
1074 1814 1148 1887 gulis
1162 1815 1242 1872 annis
1256 1815 1328 1872 addc
1341 1832 1436 1887 unum,
1452 1832 1542 1889 nsque
1554 1818 1590 1873 ad
1602 1817 1759 1890 septimum.
1770 1819 1875 1889 Quarta

219 1875 334 1933 Kalend.
342 1879 407 1936 iulii
416 1881 587 1954 horoscopus
597 1885 734 1958 horologii
742 1886 841 1946 clamat
850 1891 1019 1960 habendum,
1075 1919 1147 1959 anno
1162 1903 1315 1971 bissextus,
1331 1921 1383 1976 pro
1418 1907 1645 1964 concurrentibus
1663 1909 1805 1980 accipitur.
1824 1909 1878 1966 lllo

219 1965 293 2037 qnod
307 1974 417 2024 noctem
431 1969 619 2028 brevissimam
644 1974 719 2031 diem
734 1975 799 2032 iacit
811 1977 1018 2052 longissimum,
1073 2009 1128 2048 uno
1141 2009 1214 2050 nnnc
1227 2009 1298 2050 unus
1311 2010 1479 2052 concurrens
1488 1995 1649 2064 transilitur,
1659 1997 1793 2055 bissextili
1800 2014 1875 2055 anno

201 2068 281 2110 Μ
295 2055 337 2112 ⁸⁰¹
350 2057 458 2114 ⁵⁰⁸&st
472 2061 563 2118 ⁰⁸¹¹⁰ii
578 2061 698 2134 Signum·
1073 2089 1151 2138 utera
1165 2081 1194 2136 iu
1207 2083 1353 2151 ianuario,
1373 2090 1401 2140 et
1424 2083 1570 2141 Februario
1592 2084 1714 2144 bissexto
1736 2101 1785 2159 pro
1807 2101 1875 2144 con·

253 2139 379 2197 Hiemale
398 2158 506 2217 quoque
529 2146 674 2203 solstitium
689 2165 743 2206 nun
759 2159 873 2223 octavo,
887 2154 936 2210 sed
951 2155 1019 2212 duo-
1072 2178 1212 2228 currente,
1228 2173 1259 2228 1n
1273 2171 1385 2244 reliquis
1399 2172 1544 2228 mensibus
1555 2181 1749 2237 concurrente.

219 2225 326 2285 decimo
336 2231 452 2287 Xalend.
465 2234 626 2292 Decembris
636 2236 791 2296 habendum
806 2241 903 2298 eadem
912 2243 1018 2301 ratione
1108 2255 1217 2312 Primus
1230 2272 1319 2312 annus
1341 2255 1370 2312 in
1393 2257 1533 2314 creatione
1554 2258 1649 2315 mundi
1663 2257 1715 2314 tuit
1727 2258 1787 2316 aine
1807 2276 1873 2317 con·

216 2316 359 2386 probatur.
388 2318 456 2380 Cum
475 2323 516 2378 sol
532 2323 560 2380 in
575 2326 734 2398 capricorno
756 2329 861 2400 positus
883 2331 1017 2389 brevissi·
1071 2344 1253 2401 currentibus,
1268 2346 1374 2415 Quam
1386 2344 1457 2402 feria
1470 2345 1519 2402 fuir
1533 2347 1561 2402 in
1575 2363 1648 2404 ,ωηο
1662 2346 1778 2406 mend,
1793 2350 1872 2421 ,apg-1.

215 2419 290 2459 ΜΠ)
303 2405 392 2477 (Ῑῑθῐῃι
409 2409 600 2483 ¹0¹¹ili⁵⁵i¹¹¹⁸m
614 2423 724 2472 ῡθῦῑθῐῦ
737 2415 832 2476 ficere
856 2435 910 2477 ¹10ss
933 2421 1011 2496 igno·
1069 2434 1115 2503 lis,
1130 2435 1175 2492 rel
1189 2442 1264 2491 aesta
1278 2435 1398 2492 Kalend.
1417 2437 1499 2494 liert.
1517 2437 1568 2493 Tot
1581 2447 1662 2493 erunt
1670 2445 1870 2496 concurrentes
1968 2486 1969 2493 ,

215 2501 300 2551 ΜΓ·
1070 2523 1214 2581 illoauno.

350 2613 417 2670 Cae.
432 2615 569 2676 LXXXV.
584 2650 619 2662 -
634 2621 677 2678 Dc
694 2625 775 2682 snitu
791 2626 878 2684 tunm,
1105 2613 1305 2670 concurrentes
1324 2614 1412 2687 junge
1433 2613 1625 2686 regularibus,
1646 2614 1672 2671 si
1692 2614 1764 2672 inira
1786 2617 1870 2688 septi·

641 2695 643 2706 ’
1068 2700 1252 2768 meminerit,
1278 2701 1342 2759 talis
1366 2702 1419 2758 erit
1441 2701 1511 2759 leria
1533 2703 1562 2758 in
1585 2702 1717 2760 Xalendis
1736 2704 1869 2778 cujusque

1067 2791 1182 2846 mensis.
1214 2791 1244 2847 si
1274 2791 1417 2862 septimam
1449 2792 1613 2859 excesserit,
1639 2792 1750 2864 Septem
1772 2793 1868 2849 anbia-

1067 2878 1115 2945 tis‚
1136 2879 1210 2951 quod
1229 2886 1354 2936 remanet
1377 2880 1428 2936 erit
1453 2880 1534 2937 feria.
1569 2879 1603 2936 lli
1626 2882 1698 2937 enim
1721 2881 1868 2956 regulares

1066 2975 1148 3041 atque
1179 2976 1376 3026 concurrentes
1408 2968 1599 3042 septenarium
1634 2984 1777 3028 numerum
1809 2987 1865 3028 non

1065 3056 1214 3115 excedunt.

249 2725 323 2781 Luna
342 2742 359 2782 a
378 2729 436 2786 soie
456 2733 591 2790 recedens
605 2744 668 2806 post
683 2738 779 2812 viginti
799 2756 898 2798 norem
914 2742 1015 2801 disset

212 2812 296 2870 horas
309 2814 454 2875 duodecim
470 2835 532 2876 eurn
545 2821 643 2880 iterum
659 2828 836 2900 consequitur
852 2845 858 2885 :
875 2831 924 2888 sed
945 2833 1013 2888 hora

212 2901 376 2960 duodecima
396 2907 516 2964 nondum
534 2920 666 2982 peracta,
691 2931 707 2970 a
731 2917 789 2973 soie
812 2920 1012 2978 reaccenditur.

211 2988 324 3047 Restant
338 2993 411 3048 enim
426 3010 459 3051 ex
472 2997 542 3054 hora
555 3015 605 3072 per
619 3001 744 3076 singulos
758 3021 868 3063 menses
891 3017 1011 3081 quatuor

210 3089 358 3149 momenta,
375 3091 401 3139 et
416 3085 497 3142 unica
509 3088 591 3144 unius
605 3092 749 3161 momenti,
763 3101 790 3150 et
804 3111 875 3152 unus
888 3105 1007 3156 atomus.
1024 3097 1049 3161 C

210 3167 274 3224 llaec
288 3185 337 3240 per
351 3171 475 3246 singulos
494 3189 582 3240 annos
605 3189 796 3253 augmentata,
819 3194 883 3256 post
902 3202 1009 3245 nuren—
1098 3208 1166 3266 gffi
1183 3209 1337 3265 Lxxxlx,
1352 3239 1388 3252 ..
1401 3210 1443 3264 be
1456 3210 1636 3282 regularibus
1657 3216 1687 3268 ct
1707 3212 1826 3285 epactis.

209 3255 298 3314 decim
314 3273 400 3316 annos
415 3261 552 3336 integrum
568 3267 639 3341 diem
655 3269 874 3342 pertimescitur
888 3275 948 3332 dies
962 3293 1010 3332 uu-

208 3355 286 3397 ffl0i⁰
300 3343 372 3400 lunae
387 3346 641 3418 subrubicundum
656 3355 745 3426 prims
756 3371 806 3429 pro
815 3359 927 3432 triginta
937 3377 1009 3418 corn
1097 3348 1250 3424 Regulares
1264 3357 1291 3406 et
1305 3358 1408 3422 epactae
1420 3366 1437 3405 a
1451 3350 1605 3422 Septembri
1619 3359 1731 3407 sumunt
1744 3351 1861 3419 initium,
1968 3372 1969 3419 p

207 3436 330 3500 putatur.
346 3432 426 3506 isque
440 3436 523 3494 saltus
534 3438 606 3498 lunae
617 3445 784 3502 nominatur.
796 3448 861 3505 ideo
876 3457 968 3507 autem
979 3452 1009 3508 iu
1062 3454 1143 3512 (luem
1167 3438 1285 3512 AEgyptii
1308 3447 1413 3510 l>0¹¹¹¹⁰²
1435 3439 1499 3494 ³⁰⁰5
1521 3439 1696 3512 lifi¹¹⁰5iii¹¹ffl·
1725 3441 1771 3496 Ab
1795 3441 1864 3514 ii)sis
1938 3478 1942 3485 ’

208 3518 314 3576 decimo
329 3537 401 3578 nono
416 3539 499 3594 enno,
514 3537 541 3584 et
555 3529 581 3584 in
595 3530 666 3588 lulio
682 3549 775 3591 mense
791 3535 821 3592 srt
834 3537 907 3595 lunae
921 3541 1007 3596 soltus
1061 3528 1134 3584 essim
1149 3534 1213 3582 ⁵¹¹¹st
1225 3527 1338 3584 issl'essfi·
1354 3528 1389 3584 Hi
1403 3525 1549 3604 “dulim
1563 3529 1652 3585 Simile
1668 3529 1769 3586 hssbffli
1783 3545 1863 3588 ⁰¹⁰*

199 3606 271 3690 *quia
286 3617 313 3664 et
326 3609 378 3667 hoc
393 3610 457 3669 iecit
471 3624 559 3672 mater
572 3622 757 3690 astronomis,
772 3627 913 3700 AEgyptus.
1060 3615 1146 3685 diuma
1162 3623 1191 3671 Ui
1204 3615 1379 3689 ἓῑψθΐῖῡΐθὸἱ
1395 3624 1422 3672 θῑ
1436 3616 1500 3673 idei>
1514 3617 1675 3692 S‘Poeffibef
1689 3617 1772 3673 habet
1782 3615 1860 3694 ΨΜ·
1968 3646 1969 3693 3

217 3849 221 3859 ‚
358 3751 424 3809 0⁸⁹·
441 3754 590 3815 LXXXVL
606 3791 641 3806 ·”
655 3759 701 3818 0⁶
714 3765 847 3822 ''imi'‘-
1060 3721 1126 3849 qulen
1140 3793 1407 3867 reliquismensibns
1421 3795 1461 3853 sic
1477 3797 1655 3853 inveniuntur
1665 3773 1863 3868 :precedentis

243 3858 312 3930 Quia
335 3862 380 3924 bie
398 3869 498 3941 sapius
520 3875 639 3932 minutiae
653 3887 797 3949 ponuntur,
816 3898 877 3954 qum
889 3882 1006 3943 forsitan
1059 3882 1162 3938 mensis
1193 3883 1254 3940 dies
1284 3901 1347 3940 cum
1379 3885 1500 3959 regulari
1524 3901 1619 3952 sume;
1647 3885 1671 3940 δί
1692 3884 1861 3956 trigesimam

206 3951 375 4027 spissisque
396 3958 487 4015 minus
508 3963 641 4032 sciuntur,
658 3967 799 4025 sciendum
823 3972 896 4043 quod
922 3976 1005 4034 uncia
1057 3973 1259 4043 lunambebet,
1276 3975 1509 4048 vigintiquinque
1533 3974 1617 4044 tolle,
1640 3973 1713 4048 quod
1735 3981 1862 4031 remanet

206 4047 249 4094 est
261 4041 424 4102 duodecima
436 4064 499 4119 pars
513 4052 646 4126 cujusque
660 4055 700 4110 rei
713 4056 741 4112 in
755 4057 809 4115 duo
823 4059 934 4120 divisae:
945 4064 1005 4121 bis·
1057 4061 1145 4117 iribtw
1160 4062 1285 4133 sequessii
1300 4078 1352 4134 Pii>
1365 4062 1500 4136 ‘edildri-

204 4142 243 4182 sas
257 4128 419 4203 duaepartes
432 4134 547 4206 alicuius
563 4141 604 4196 rei
620 4141 648 4198 in
668 4143 721 4200 tria
743 4146 849 4217 pertitas
860 4150 939 4207 tertia
954 4169 1003 4210 su·
1093 4152 1194 4208 litter.
1210 4185 1244 4192 -
1260 4151 1360 4222 erarta
1376 4153 1442 4209 luni
1454 4154 1482 4208 1¹¹
1496 4153 1587 4225 l)iimo
1605 4167 1677 4210 ⁸⁰⁰⁰
1691 4153 1719 4208 5¹¹
1734 4153 1855 4210 mend·

204 4215 289 4272 blata.
302 4217 439 4288 Quaelibet
450 4233 542 4282 eutem
555 4243 620 4298 pars
633 4229 740 4287 illamm
754 4233 853 4292 dicitnr
867 4237 954 4296 triens
962 4243 1003 4298 rei
1055 4237 1115 4295 suit.
1136 4241 1271 4298 Undeoim
1293 4241 1424 4309 sublatis,
1448 4247 1514 4314 quot
1538 4247 1696 4308 remanent,
1717 4248 1757 4298 ‘⁰²
1780 4248 1861 4298 “¹¹⁰2

204 4303 233 4358 in
245 4314 360 4376 quatuor
373 4319 465 4380 partes
479 4313 585 4372 divise.
611 4315 714 4385 Quarta
728 4337 795 4392 pars
809 4324 917 4394 dieitur,
933 4345 1002 4401 qun.
1055 4327 1195 4400 regulares
1207 4329 1280 4385 lune
1297 4349 1304 4385 :
1320 4330 1401 4386 Verbi
1415 4331 1502 4402 gratia
1518 4347 1525 4386 τ
1540 4331 1569 4386 iu
1581 4330 1854 4402 Kalendscptemh.

203 4386 286 4444 draus
294 4405 301 4458 ;
317 4391 429 4466 reliquae
443 4402 508 4466 tres,
524 4399 655 4458 dodrans.
1014 4455 1042 4515 D
1056 4415 1123 4472 lnua
1136 4417 1187 4474 erit
1201 4418 1309 4476 decima
1326 4427 1417 4488 sexta,
1431 4419 1558 4476 undecim
1572 4418 1638 4476 tolle
1662 4428 1691 4476 et
1712 4426 1858 4476 remanent

238 4529 304 4589 Cae.
319 4531 486 4598 Lxxxvn.
503 4573 538 4582 -
553 4543 590 4600 lie
607 4547 784 4618 regularibus
799 4555 950 4624 seriorum.
1056 4521 1201 4662 qufflgoer
1212 4509 1857 4650 egggffluggeglptpaffilssrglzcuiltniiriosaeiiardset

238 4647 388 4722 Regulares
408 4653 537 4714 feriarum
552 4667 579 4716 et
593 4674 799 4734 concurrentes,
816 4671 943 4728 allartio
959 4689 1000 4729 su·
1055 4679 1115 4736 dies
1127 4689 1267 4738 trecentos
1287 4682 1430 4757 sexaginta
1444 4683 1580 4756 quinque.
1597 4682 1698 4740 1⁰³³?ss
1712 4698 1778 4740 V0l⁰
1800 4687 1856 4739 ire·

202 4746 279 4793 munt
294 4737 415 4808 initium,
432 4759 449 4799 a
464 4761 521 4818 quo
539 4747 605 4806 olim
624 4751 741 4810 Romani
762 4755 915 4816 babuerunt
935 4763 1001 4817 anni
1054 4773 1159 4834 centos,
1174 4766 1373 4840 qninquaginta
1382 4775 1499 4840 quatuor
1517 4783 1523 4824 :
1542 4768 1590 4840 qni
1610 4783 1739 4824 numerus
1753 4767 1787 4822 ab
1799 4766 1855 4824 alio

200 4825 374 4898 principium.
400 4833 569 4892 Aliomanis
583 4838 657 4894 enim
677 4851 740 4898 sunt
761 4844 888 4904 invente.
903 4849 999 4923 Regu·
1054 4862 1198 4924 superatur
1220 4855 1345 4913 undecim
1364 4855 1476 4912 diebus.
1504 4855 1538 4912 lli
1554 4856 1681 4912 undecim
1695 4865 1808 4928 epactas,
1824 4856 1855 4912 id

200 4912 274 4970 lares
288 4915 352 4974 inde
366 4919 503 4992 dicuntur,
519 4927 593 4998 qnod
607 4929 787 4988 calculatores
801 4944 911 5008 regant.
924 4937 1000 4996 Con·
1054 4950 1096 4998 est
1127 4942 1295 5011 adiectiones
1325 4945 1512 5013 nominantur,
1533 4945 1601 5016 quie
1622 4945 1740 5018 singuiis
1771 4945 1853 5001 annis

200 5013 343 5062 currentes
357 5025 422 5067 raro
437 5011 510 5080 inde,
527 5015 600 5086 qnod
614 5017 792 5090 regularibus
817 5036 994 5083 concurrant.
1052 5030 1227 5103 regularibus
1246 5035 1382 5089 mensium
1403 5033 1651 5090 adinveniendum
1670 5033 1762 5090 lunam
1783 5034 1853 5103 adji-

199 5090 349 5164 liegulares
364 5097 464 5156 babent
477 5103 530 5159 tale
545 5105 693 5162 exordium.
719 5107 823 5166 Solaria
838 5127 925 5169 annus
940 5123 1000 5172 tre-
1053 5119 1174 5175 ciuntur.
1184 5121 1307 5194 Singulis
1317 5137 1383 5194 ergo
1395 5122 1476 5178 annis
1485 5123 1574 5192 odrice
1584 5123 1722 5180 undecim.
1736 5123 1764 5181 Si
1778 5123 1852 5180 inira

198 5181 284 5236 cerus
293 5186 439 5256 sexaginta
449 5189 569 5262 quinque
578 5193 675 5250 diebus
686 5197 834 5268 peragitur.
851 5201 897 5256 Sol
907 5211 999 5260 autem
1052 5208 1167 5281 triginta
1180 5209 1263 5266 inerit
1276 5225 1418 5278 numerus,
1433 5211 1501 5282 ipsas
1516 5220 1596 5268 erunt
1610 5221 1712 5284 epactae
1734 5228 1853 5284 presen-

197 5282 248 5338 per
263 5269 372 5344 singula
387 5274 533 5334 duodecim
548 5280 628 5353 signa
648 5283 759 5354 triginta
780 5287 877 5344 diebus
897 5291 998 5348 immo·
1052 5296 1087 5352 tis
1100 5303 1175 5354 anni.
1193 5298 1222 5355 Si
1236 5298 1318 5365 nitra,
1336 5299 1401 5356 tolie
1415 5300 1537 5373 triginta,
1549 5309 1613 5373 quot
1627 5312 1779 5369 remanent,
1795 5311 1851 5359 tota

198 5363 283 5412 ratur.
299 5360 454 5420 Duodecies
464 5365 546 5436 igitur
561 5369 670 5439 triginta
682 5374 724 5427 rel
735 5374 828 5432 tricies
841 5377 997 5450 duodecim,
1052 5387 1105 5442 crit
1126 5387 1203 5444 luna.
1237 5387 1317 5444 Nono
1344 5388 1452 5446 decimo
1473 5405 1546 5446 anno
1567 5389 1673 5447 scilicet
1696 5392 1850 5449 octodecim

198 5453 259 5499 sunt
276 5454 397 5506 trecenta
411 5455 564 5527 sexaginta.
588 5455 741 5516 Remanent
754 5462 846 5536 itaque
860 5466 993 5542 quinque.
1052 5484 1167 5548 epacta.
1195 5477 1243 5532 llis
1257 5477 1384 5534 undecim
1397 5478 1457 5534 dics
1472 5477 1560 5534 saltus
1574 5478 1647 5535 lours
1660 5480 1805 5546 addantur,
1821 5491 1851 5538 et

197 5531 231 5586 Hi
245 5542 308 5588 sunt
329 5537 471 5610 regulares
493 5543 593 5600 Martii.
622 5547 651 5602 lu
676 5550 781 5606 caeteris
802 5555 942 5611 mensibus
957 5558 999 5616 sio
1051 5569 1130 5616 erunt
1143 5561 1251 5636 triginta
1265 5570 1369 5634 epactas
1391 5563 1479 5635 primo
1498 5577 1578 5619 anno.
1604 5562 1711 5619 Primus
1725 5580 1792 5637 ergo
1807 5581 1852 5620 an·

197 5619 334 5678 oriuntur.
352 5626 536 5687 Praeoedentis
550 5634 653 5694 mansis
668 5635 727 5694 dies
743 5653 805 5696 enm
819 5643 997 5717 regularibus
1049 5665 1104 5705 nus
1124 5648 1375 5707 decennovennalis
1397 5650 1481 5708 habet
1506 5651 1619 5725 triginta
1642 5662 1764 5725 epactas.
1793 5655 1852 5711 Sed

196 5708 224 5764 in
238 5719 343 5782 septem
357 5723 451 5786 partes
465 5733 557 5790 equas
570 5723 686 5794 partire,
709 5727 783 5800 quod
807 5741 932 5794 remanet
953 5753 996 5795 se-
1049 5739 1114 5796 ideo
1135 5737 1247 5810 dimon
1267 5739 1342 5812 quod
1360 5739 1450 5797 nullas
1472 5739 1571 5798 babeat
1594 5741 1658 5814 quia
1677 5742 1706 5798 in
1729 5742 1851 5816 singuiis
