<?xml version="1.0" encoding="UTF-8"?>
<!DOCTYPE html PUBLIC "-//W3C//DTD XHTML 1.0 Transitional//EN"
    "http://www.w3.org/TR/xhtml1/DTD/xhtml1-transitional.dtd">
<html xmlns="http://www.w3.org/1999/xhtml" xml:lang="en" lang="en">
 <head>
  <title>
</title>
<meta http-equiv="Content-Type" content="text/html;charset=utf-8" />
  <meta name='ocr-system' content='tesseract 3.04.00' />
  <meta name='ocr-capabilities' content='ocr_page ocr_carea ocr_par ocr_line ocrx_word'/>
</head>
<body>
  <div class='ocr_page' id='page_1' title='image "./patrologiaecurs120unkngoog_0523.png"; bbox 0 0 3942 6067; ppageno 0'>
   <div class='ocr_carea' id='block_1_1' title="bbox 91 320 1741 397">
    <p class='ocr_par' dir='ltr' id='par_1_1' title="bbox 91 320 1741 397">
     <span class='ocr_line' id='line_1_1' title="bbox 91 320 1741 397; baseline 0.007 -13"><span class='ocrx_word' id='word_1_1' title='bbox 91 327 154 385; x_wconf 76' lang='lat' dir='ltr'><strong>tuat</strong></span> <span class='ocrx_word' id='word_1_2' title='bbox 409 321 591 387; x_wconf 79' lang='lat' dir='ltr'><strong>saccutum</strong></span> <span class='ocrx_word' id='word_1_3' title='bbox 610 323 801 387; x_wconf 82' lang='lat' dir='ltr'><strong>accussts.</strong></span> <span class='ocrx_word' id='word_1_4' title='bbox 824 360 859 371; x_wconf 90' lang='lat'><em>-</em></span> <span class='ocrx_word' id='word_1_5' title='bbox 878 328 967 388; x_wconf 88' lang='lat' dir='ltr'><strong>nou.</strong></span> <span class='ocrx_word' id='word_1_6' title='bbox 992 333 1003 385; x_wconf 90' lang='lat'><em>1</em></span> <span class='ocrx_word' id='word_1_7' title='bbox 1024 320 1112 389; x_wconf 84' lang='lat' dir='ltr'><strong>rcsr</strong></span> <span class='ocrx_word' id='word_1_8' title='bbox 1132 324 1398 392; x_wconf 81' lang='lat' dir='ltr'><strong>reuranosrnu.</strong></span> <span class='ocrx_word' id='word_1_9' title='bbox 1672 322 1741 397; x_wconf 80' lang='lat' dir='ltr'><strong>roas</strong></span> 
     </span>
    </p>
   </div>
   <div class='ocr_carea' id='block_1_2' title="bbox 88 451 1745 967">
    <p class='ocr_par' dir='ltr' id='par_1_2' title="bbox 88 451 1745 885">
     <span class='ocr_line' id='line_1_2' title="bbox 89 451 1740 531; baseline 0.007 -22"><span class='ocrx_word' id='word_1_10' title='bbox 89 454 138 510; x_wconf 80' lang='lat' dir='ltr'><strong>tta</strong></span> <span class='ocrx_word' id='word_1_11' title='bbox 151 454 192 524; x_wconf 63' lang='grc' dir='ltr'><strong>ιο)</strong></span> <span class='ocrx_word' id='word_1_12' title='bbox 205 451 346 510; x_wconf 75' lang='lat' dir='ltr'>miraculis</span> <span class='ocrx_word' id='word_1_13' title='bbox 371 460 413 508; x_wconf 86' lang='lat' dir='ltr'><strong>est</strong></span> <span class='ocrx_word' id='word_1_14' title='bbox 433 452 628 525; x_wconf 73' lang='lat' dir='ltr'><strong>glorificatum.</strong></span> <span class='ocrx_word' id='word_1_15' title='bbox 659 454 785 527; x_wconf 87' lang='lat' dir='ltr'><strong>Denique</strong></span> <span class='ocrx_word' id='word_1_16' title='bbox 811 453 881 512; x_wconf 86' lang='lat' dir='ltr'><strong>inira</strong></span> <span class='ocrx_word' id='word_1_17' title='bbox 895 458 923 519; x_wconf 81' lang='grc' dir='ltr'><strong>Α</strong></span> <span class='ocrx_word' id='word_1_18' title='bbox 937 456 991 517; x_wconf 85' lang='lat' dir='ltr'><strong>bus</strong></span> <span class='ocrx_word' id='word_1_19' title='bbox 1004 457 1172 525; x_wconf 86' lang='lat' dir='ltr'><strong>invocamus,</strong></span> <span class='ocrx_word' id='word_1_20' title='bbox 1188 458 1260 515; x_wconf 90' lang='lat' dir='ltr'><strong>hunc</strong></span> <span class='ocrx_word' id='word_1_21' title='bbox 1282 459 1407 530; x_wconf 90' lang='lat' dir='ltr'><strong>precibus</strong></span> <span class='ocrx_word' id='word_1_22' title='bbox 1431 459 1641 531; x_wconf 65' lang='lat' dir='ltr'><strong>putamusne</strong></span> <span class='ocrx_word' id='word_1_23' title='bbox 1665 466 1740 523; x_wconf 86' lang='lat' dir='ltr'><strong>Deus</strong></span> 
     </span>
     <span class='ocr_line' id='line_1_3' title="bbox 89 542 1738 619; baseline 0.008 -22"><span class='ocrx_word' id='word_1_24' title='bbox 89 558 166 597; x_wconf 88' lang='lat' dir='ltr'><strong>unam</strong></span> <span class='ocrx_word' id='word_1_25' title='bbox 175 543 357 613; x_wconf 87' lang='lat' dir='ltr'><strong>septimanam</strong></span> <span class='ocrx_word' id='word_1_26' title='bbox 372 542 448 609; x_wconf 80' lang='lat' dir='ltr'><strong>caeci,</strong></span> <span class='ocrx_word' id='word_1_27' title='bbox 462 543 552 613; x_wconf 92' lang='lat' dir='ltr'><strong>surdi,</strong></span> <span class='ocrx_word' id='word_1_28' title='bbox 568 545 646 609; x_wconf 82' lang='lat' dir='ltr'><strong>muti,</strong></span> <span class='ocrx_word' id='word_1_29' title='bbox 670 544 771 611; x_wconf 83' lang='lat' dir='ltr'><strong>claudi,</strong></span> <span class='ocrx_word' id='word_1_30' title='bbox 801 544 881 610; x_wconf 86' lang='lat' dir='ltr'><strong>aridi,</strong></span> <span class='ocrx_word' id='word_1_31' title='bbox 937 545 1106 617; x_wconf 79' lang='lat' dir='ltr'><strong>cumimpiis</strong></span> <span class='ocrx_word' id='word_1_32' title='bbox 1126 546 1243 603; x_wconf 90' lang='lat' dir='ltr'><strong>animam</strong></span> <span class='ocrx_word' id='word_1_33' title='bbox 1265 556 1389 604; x_wconf 88' lang='lat' dir='ltr'><strong>nostram</strong></span> <span class='ocrx_word' id='word_1_34' title='bbox 1410 548 1508 619; x_wconf 86' lang='lat' dir='ltr'><strong>perdat</strong></span> <span class='ocrx_word' id='word_1_35' title='bbox 1531 558 1558 607; x_wconf 82' lang='lat' dir='ltr'><strong>ct</strong></span> <span class='ocrx_word' id='word_1_36' title='bbox 1581 566 1643 607; x_wconf 90' lang='lat' dir='ltr'><strong>cum</strong></span> <span class='ocrx_word' id='word_1_37' title='bbox 1672 554 1738 610; x_wconf 78' lang='lat' dir='ltr'><strong>airis</strong></span> 
     </span>
     <span class='ocr_line' id='line_1_4' title="bbox 90 630 1738 707; baseline 0.005 -20"><span class='ocrx_word' id='word_1_38' title='bbox 90 631 246 687; x_wconf 81' lang='lat' dir='ltr'><strong>demoniaci</strong></span> <span class='ocrx_word' id='word_1_39' title='bbox 274 638 301 686; x_wconf 86' lang='lat' dir='ltr'><strong>et</strong></span> <span class='ocrx_word' id='word_1_40' title='bbox 332 630 390 686; x_wconf 85' lang='lat' dir='ltr'><strong>aliis</strong></span> <span class='ocrx_word' id='word_1_41' title='bbox 418 631 599 704; x_wconf 73' lang='lat' dir='ltr'><strong>languoribus</strong></span> <span class='ocrx_word' id='word_1_42' title='bbox 621 633 727 705; x_wconf 79' lang='lat' dir='ltr'><strong>fatigati</strong></span> <span class='ocrx_word' id='word_1_43' title='bbox 755 633 791 687; x_wconf 91' lang='lat' dir='ltr'><strong>ad</strong></span> <span class='ocrx_word' id='word_1_44' title='bbox 818 648 884 690; x_wconf 87' lang='lat' dir='ltr'><strong>cen·</strong></span> <span class='ocrx_word' id='word_1_45' title='bbox 937 635 1101 707; x_wconf 78' lang='lat' dir='ltr'><strong>sanguinum</strong></span> <span class='ocrx_word' id='word_1_46' title='bbox 1122 636 1204 693; x_wconf 86' lang='lat' dir='ltr'><strong>vitam</strong></span> <span class='ocrx_word' id='word_1_47' title='bbox 1231 644 1363 703; x_wconf 86' lang='lat' dir='ltr'><strong>nostram,</strong></span> <span class='ocrx_word' id='word_1_48' title='bbox 1392 636 1441 694; x_wconf 84' lang='lat' dir='ltr'><strong>sed</strong></span> <span class='ocrx_word' id='word_1_49' title='bbox 1468 646 1497 695; x_wconf 91' lang='lat' dir='ltr'><strong>ut</strong></span> <span class='ocrx_word' id='word_1_50' title='bbox 1525 654 1619 697; x_wconf 88' lang='lat' dir='ltr'><strong>vocem</strong></span> <span class='ocrx_word' id='word_1_51' title='bbox 1648 640 1738 697; x_wconf 91' lang='lat' dir='ltr'><strong>laudis</strong></span> 
     </span>
     <span class='ocr_line' id='line_1_5' title="bbox 89 719 1745 793; baseline 0.007 -18"><span class='ocrx_word' id='word_1_52' title='bbox 89 728 183 777; x_wconf 87' lang='lat' dir='ltr'><strong>tumet</strong></span> <span class='ocrx_word' id='word_1_53' title='bbox 205 720 244 777; x_wconf 89' lang='lat' dir='ltr'><strong>xt</strong></span> <span class='ocrx_word' id='word_1_54' title='bbox 268 719 394 777; x_wconf 89' lang='lat' dir='ltr'><strong>homines</strong></span> <span class='ocrx_word' id='word_1_55' title='bbox 416 728 478 777; x_wconf 91' lang='lat' dir='ltr'><strong>sunt</strong></span> <span class='ocrx_word' id='word_1_56' title='bbox 499 721 598 777; x_wconf 79' lang='lat' dir='ltr'><strong>redditi</strong></span> <span class='ocrx_word' id='word_1_57' title='bbox 623 722 682 793; x_wconf 86' lang='lat' dir='ltr'><strong>ejus</strong></span> <span class='ocrx_word' id='word_1_58' title='bbox 705 721 811 779; x_wconf 88' lang='lat' dir='ltr'><strong>meritis</strong></span> <span class='ocrx_word' id='word_1_59' title='bbox 840 737 883 779; x_wconf 85' lang='lat' dir='ltr'><strong>so·</strong></span> <span class='ocrx_word' id='word_1_60' title='bbox 937 738 999 780; x_wconf 94' lang='lat' dir='ltr'><strong>cum</strong></span> <span class='ocrx_word' id='word_1_61' title='bbox 1016 724 1117 781; x_wconf 88' lang='lat' dir='ltr'><strong>sanctis</strong></span> <span class='ocrx_word' id='word_1_62' title='bbox 1131 724 1283 791; x_wconf 87' lang='lat' dir='ltr'><strong>audiamus,</strong></span> <span class='ocrx_word' id='word_1_63' title='bbox 1304 734 1330 783; x_wconf 85' lang='lat' dir='ltr'><strong>et</strong></span> <span class='ocrx_word' id='word_1_64' title='bbox 1351 727 1444 783; x_wconf 83' lang='lat' dir='ltr'><strong>curnis</strong></span> <span class='ocrx_word' id='word_1_65' title='bbox 1468 728 1606 785; x_wconf 90' lang='lat' dir='ltr'><strong>mirabilia</strong></span> <span class='ocrx_word' id='word_1_66' title='bbox 1630 730 1745 787; x_wconf 82' lang='lat' dir='ltr'><strong>Domini</strong></span> 
     </span>
     <span class='ocr_line' id='line_1_6' title="bbox 88 808 1467 885; baseline 0.004 -19"><span class='ocrx_word' id='word_1_67' title='bbox 88 808 188 880; x_wconf 86' lang='lat' dir='ltr'><strong>spitsti.</strong></span> <span class='ocrx_word' id='word_1_68' title='bbox 209 808 298 879; x_wconf 87' lang='lat' dir='ltr'><strong>Quem</strong></span> <span class='ocrx_word' id='word_1_69' title='bbox 313 810 388 866; x_wconf 91' lang='lat' dir='ltr'><strong>Deus</strong></span> <span class='ocrx_word' id='word_1_70' title='bbox 402 810 445 865; x_wconf 88' lang='lat' dir='ltr'><strong>sic</strong></span> <span class='ocrx_word' id='word_1_71' title='bbox 457 809 528 866; x_wconf 91' lang='lat' dir='ltr'><strong>inter</strong></span> <span class='ocrx_word' id='word_1_72' title='bbox 549 809 674 867; x_wconf 88' lang='lat' dir='ltr'><strong>homines</strong></span> <span class='ocrx_word' id='word_1_73' title='bbox 697 810 884 885; x_wconf 70' lang='lat' dir='ltr'><strong>magnificavit</strong></span> <span class='ocrx_word' id='word_1_74' title='bbox 939 828 1069 871; x_wconf 88' lang='lat' dir='ltr'><strong>enarrare</strong></span> <span class='ocrx_word' id='word_1_75' title='bbox 1084 812 1235 871; x_wconf 86' lang='lat' dir='ltr'><strong>valeamus.</strong></span> <span class='ocrx_word' id='word_1_76' title='bbox 1256 816 1344 883; x_wconf 77' lang='lat' dir='ltr'><strong>Quam</strong></span> <span class='ocrx_word' id='word_1_77' title='bbox 1360 816 1467 873; x_wconf 89' lang='lat' dir='ltr'><strong>oculus.</strong></span> 
     </span>
    </p>

    <p class='ocr_par' dir='ltr' id='par_1_3' title="bbox 88 896 883 967">
     <span class='ocr_line' id='line_1_7' title="bbox 88 896 883 967; baseline 0.003 -14"><span class='ocrx_word' id='word_1_78' title='bbox 88 897 195 955; x_wconf 87' lang='lat' dir='ltr'><strong>etinter</strong></span> <span class='ocrx_word' id='word_1_79' title='bbox 209 905 321 955; x_wconf 88' lang='lat' dir='ltr'><strong>sanctos</strong></span> <span class='ocrx_word' id='word_1_80' title='bbox 343 896 482 965; x_wconf 66' lang='lat' dir='ltr'><strong>eadunt,</strong></span> <span class='ocrx_word' id='word_1_81' title='bbox 512 898 585 957; x_wconf 91' lang='lat' dir='ltr'><strong>huno</strong></span> <span class='ocrx_word' id='word_1_82' title='bbox 614 900 761 967; x_wconf 73' lang='lat' dir='ltr'><strong>karissimi,</strong></span> <span class='ocrx_word' id='word_1_83' title='bbox 790 898 883 957; x_wconf 86' lang='lat' dir='ltr'><strong>laudi-</strong></span> 
     </span>
    </p>
   </div>
   <div class='ocr_carea' id='block_1_3' title="bbox 493 1210 1335 1291">
    <p class='ocr_par' dir='ltr' id='par_1_4' title="bbox 493 1210 1335 1291">
     <span class='ocr_line' id='line_1_8' title="bbox 493 1210 1335 1291; baseline 0.006 -4"><span class='ocrx_word' id='word_1_84' title='bbox 493 1210 583 1287; x_wconf 87' lang='lat' dir='ltr'><strong>DIE</strong></span> <span class='ocrx_word' id='word_1_85' title='bbox 611 1210 889 1287; x_wconf 87' lang='lat' dir='ltr'><strong>DOMINICA.</strong></span> <span class='ocrx_word' id='word_1_86' title='bbox 923 1212 1136 1289; x_wconf 88' lang='lat' dir='ltr'><strong>SANCTA</strong></span> <span class='ocrx_word' id='word_1_87' title='bbox 1163 1214 1335 1291; x_wconf 90' lang='lat' dir='ltr'><strong>LUCIA.</strong></span> 
     </span>
    </p>
   </div>
   <div class='ocr_carea' id='block_1_4' title="bbox 86 1415 1745 2822">
    <p class='ocr_par' dir='ltr' id='par_1_5' title="bbox 86 1415 1745 2822">
     <span class='ocr_line' id='line_1_9' title="bbox 124 1415 1740 1497; baseline 0.007 -23"><span class='ocrx_word' id='word_1_88' title='bbox 124 1416 556 1489; x_wconf 78' lang='lat' dir='ltr'><strong>Fallacestprcttcpriucipum</strong></span> <span class='ocrx_word' id='word_1_89' title='bbox 567 1416 889 1490; x_wconf 75' lang='lat' dir='ltr'><strong>artauuoastputeurt-</strong></span> <span class='ocrx_word' id='word_1_90' title='bbox 942 1415 1070 1487; x_wconf 87' lang='lat' dir='ltr'><strong>inductis,</strong></span> <span class='ocrx_word' id='word_1_91' title='bbox 1088 1418 1220 1475; x_wconf 85' lang='lat' dir='ltr'><strong>etmultis</strong></span> <span class='ocrx_word' id='word_1_92' title='bbox 1236 1420 1316 1475; x_wconf 91' lang='lat' dir='ltr'><strong>houm</strong></span> <span class='ocrx_word' id='word_1_93' title='bbox 1339 1420 1449 1492; x_wconf 90' lang='lat' dir='ltr'><strong>paribus</strong></span> <span class='ocrx_word' id='word_1_94' title='bbox 1476 1423 1623 1497; x_wconf 83' lang='lat' dir='ltr'><strong>adjunctis,</strong></span> <span class='ocrx_word' id='word_1_95' title='bbox 1651 1427 1740 1485; x_wconf 86' lang='lat' dir='ltr'><strong>trehi-</strong></span> 
     </span>
     <span class='ocr_line' id='line_1_10' title="bbox 89 1504 1742 1581; baseline 0.007 -19"><span class='ocrx_word' id='word_1_96' title='bbox 89 1505 527 1577; x_wconf 80' lang='lat' dir='ltr'><strong>tudcmutlerrtm(Prou.xxxr).</strong></span> <span class='ocrx_word' id='word_1_97' title='bbox 547 1506 645 1561; x_wconf 89' lang='lat' dir='ltr'><strong>Sancta</strong></span> <span class='ocrx_word' id='word_1_98' title='bbox 664 1504 745 1561; x_wconf 90' lang='lat' dir='ltr'><strong>Lucia</strong></span> <span class='ocrx_word' id='word_1_99' title='bbox 760 1504 888 1561; x_wconf 74' lang='lat' dir='ltr'><strong>fallacem</strong></span> <span class='ocrx_word' id='word_1_100' title='bbox 942 1512 995 1575; x_wconf 95' lang='lat' dir='ltr'><strong>tur,</strong></span> <span class='ocrx_word' id='word_1_101' title='bbox 1012 1506 1167 1578; x_wconf 80' lang='lat' dir='ltr'><strong>impellitur,</strong></span> <span class='ocrx_word' id='word_1_102' title='bbox 1185 1508 1233 1564; x_wconf 86' lang='lat' dir='ltr'><strong>sod</strong></span> <span class='ocrx_word' id='word_1_103' title='bbox 1258 1509 1380 1579; x_wconf 89' lang='lat' dir='ltr'><strong>pondere</strong></span> <span class='ocrx_word' id='word_1_104' title='bbox 1396 1510 1511 1581; x_wconf 75' lang='lat' dir='ltr'><strong>Spiritus</strong></span> <span class='ocrx_word' id='word_1_105' title='bbox 1540 1515 1627 1571; x_wconf 89' lang='lat' dir='ltr'><strong>sancti</strong></span> <span class='ocrx_word' id='word_1_106' title='bbox 1652 1516 1680 1571; x_wconf 88' lang='lat' dir='ltr'><strong>in</strong></span> <span class='ocrx_word' id='word_1_107' title='bbox 1710 1534 1742 1573; x_wconf 88' lang='lat' dir='ltr'><strong>ea</strong></span> 
     </span>
     <span class='ocr_line' id='line_1_11' title="bbox 88 1590 1743 1669; baseline 0.005 -20"><span class='ocrx_word' id='word_1_108' title='bbox 88 1594 201 1668; x_wconf 76' lang='lat' dir='ltr'><strong>gratiam</strong></span> <span class='ocrx_word' id='word_1_109' title='bbox 217 1593 358 1649; x_wconf 88' lang='lat' dir='ltr'><strong>hominum</strong></span> <span class='ocrx_word' id='word_1_110' title='bbox 371 1595 475 1665; x_wconf 85' lang='lat' dir='ltr'><strong>spreuit</strong></span> <span class='ocrx_word' id='word_1_111' title='bbox 489 1603 517 1650; x_wconf 89' lang='lat' dir='ltr'><strong>at</strong></span> <span class='ocrx_word' id='word_1_112' title='bbox 538 1610 636 1650; x_wconf 86' lang='lat' dir='ltr'><strong>vanarn</strong></span> <span class='ocrx_word' id='word_1_113' title='bbox 658 1593 886 1665; x_wconf 88' lang='lat' dir='ltr'><strong>pulchritudinem</strong></span> <span class='ocrx_word' id='word_1_114' title='bbox 942 1590 1077 1646; x_wconf 86' lang='lat' dir='ltr'><strong>manentis</strong></span> <span class='ocrx_word' id='word_1_115' title='bbox 1093 1598 1123 1647; x_wconf 93' lang='lat' dir='ltr'><strong>ut</strong></span> <span class='ocrx_word' id='word_1_116' title='bbox 1136 1608 1214 1647; x_wconf 90' lang='lat' dir='ltr'><strong>mous</strong></span> <span class='ocrx_word' id='word_1_117' title='bbox 1228 1592 1376 1651; x_wconf 88' lang='lat' dir='ltr'><strong>immobilis</strong></span> <span class='ocrx_word' id='word_1_118' title='bbox 1400 1594 1505 1669; x_wconf 69' lang='lat' dir='ltr'><strong>figitur.</strong></span> <span class='ocrx_word' id='word_1_119' title='bbox 1533 1598 1638 1657; x_wconf 78' lang='lat' dir='ltr'><strong>Deinde</strong></span> <span class='ocrx_word' id='word_1_120' title='bbox 1660 1602 1743 1657; x_wconf 90' lang='lat' dir='ltr'><strong>llam-</strong></span> 
     </span>
     <span class='ocr_line' id='line_1_12' title="bbox 88 1678 1741 1762; baseline 0.002 -22"><span class='ocrx_word' id='word_1_121' title='bbox 88 1700 179 1740; x_wconf 90' lang='lat' dir='ltr'><strong>rarum</strong></span> <span class='ocrx_word' id='word_1_122' title='bbox 192 1683 366 1755; x_wconf 83' lang='lat' dir='ltr'><strong>ecritempsit,</strong></span> <span class='ocrx_word' id='word_1_123' title='bbox 383 1684 447 1739; x_wconf 89' lang='lat' dir='ltr'><strong>ideo</strong></span> <span class='ocrx_word' id='word_1_124' title='bbox 461 1698 556 1739; x_wconf 90' lang='lat' dir='ltr'><strong>reram</strong></span> <span class='ocrx_word' id='word_1_125' title='bbox 571 1683 688 1756; x_wconf 78' lang='lat' dir='ltr'><strong>gratiam</strong></span> <span class='ocrx_word' id='word_1_126' title='bbox 701 1692 727 1739; x_wconf 89' lang='lat' dir='ltr'><strong>et</strong></span> <span class='ocrx_word' id='word_1_127' title='bbox 749 1690 883 1739; x_wconf 85' lang='lat' dir='ltr'><strong>aeternam</strong></span> <span class='ocrx_word' id='word_1_128' title='bbox 939 1679 992 1734; x_wconf 90' lang='lat' dir='ltr'><strong>mis</strong></span> <span class='ocrx_word' id='word_1_129' title='bbox 1007 1678 1173 1736; x_wconf 86' lang='lat' dir='ltr'><strong>circumdata</strong></span> <span class='ocrx_word' id='word_1_130' title='bbox 1189 1696 1242 1737; x_wconf 89' lang='lat' dir='ltr'><strong>non</strong></span> <span class='ocrx_word' id='word_1_131' title='bbox 1258 1681 1382 1746; x_wconf 63' lang='lat' dir='ltr'><strong>luditum</strong></span> <span class='ocrx_word' id='word_1_132' title='bbox 1397 1685 1508 1741; x_wconf 88' lang='lat' dir='ltr'><strong>demum</strong></span> <span class='ocrx_word' id='word_1_133' title='bbox 1524 1702 1619 1745; x_wconf 86' lang='lat' dir='ltr'><strong>mucro</strong></span> <span class='ocrx_word' id='word_1_134' title='bbox 1638 1687 1741 1762; x_wconf 76' lang='lat' dir='ltr'><strong>gutturi</strong></span> 
     </span>
     <span class='ocr_line' id='line_1_13' title="bbox 89 1768 1742 1849; baseline 0.003 -22"><span class='ocrx_word' id='word_1_135' title='bbox 89 1772 314 1843; x_wconf 87' lang='lat' dir='ltr'><strong>pulchritudinem</strong></span> <span class='ocrx_word' id='word_1_136' title='bbox 333 1772 472 1827; x_wconf 72' lang='lat' dir='ltr'><strong>Christum</strong></span> <span class='ocrx_word' id='word_1_137' title='bbox 494 1772 597 1829; x_wconf 89' lang='lat' dir='ltr'><strong>habere</strong></span> <span class='ocrx_word' id='word_1_138' title='bbox 618 1771 734 1838; x_wconf 63' lang='lat' dir='ltr'><strong>marein</strong></span> <span class='ocrx_word' id='word_1_139' title='bbox 764 1777 791 1827; x_wconf 91' lang='lat' dir='ltr'><strong>et</strong></span> <span class='ocrx_word' id='word_1_140' title='bbox 818 1770 884 1843; x_wconf 86' lang='lat' dir='ltr'><strong>quia</strong></span> <span class='ocrx_word' id='word_1_141' title='bbox 940 1768 999 1838; x_wconf 84' lang='lat' dir='ltr'><strong>ejus</strong></span> <span class='ocrx_word' id='word_1_142' title='bbox 1013 1768 1205 1840; x_wconf 61' lang='lat' dir='ltr'><strong>immet-eitum</strong></span> <span class='ocrx_word' id='word_1_143' title='bbox 1222 1778 1248 1825; x_wconf 89' lang='lat' dir='ltr'><strong>et</strong></span> <span class='ocrx_word' id='word_1_144' title='bbox 1264 1771 1395 1841; x_wconf 76' lang='lat' dir='ltr'><strong>quinium</strong></span> <span class='ocrx_word' id='word_1_145' title='bbox 1418 1790 1508 1830; x_wconf 88' lang='lat' dir='ltr'><strong>reram</strong></span> <span class='ocrx_word' id='word_1_146' title='bbox 1533 1792 1627 1847; x_wconf 89' lang='lat' dir='ltr'><strong>pacem</strong></span> <span class='ocrx_word' id='word_1_147' title='bbox 1657 1792 1742 1849; x_wconf 89' lang='lat' dir='ltr'><strong>aspe-</strong></span> 
     </span>
     <span class='ocr_line' id='line_1_14' title="bbox 89 1857 1743 1938; baseline 0.005 -23"><span class='ocrx_word' id='word_1_148' title='bbox 89 1862 173 1917; x_wconf 88' lang='lat' dir='ltr'><strong>Deum</strong></span> <span class='ocrx_word' id='word_1_149' title='bbox 188 1860 284 1929; x_wconf 85' lang='lat' dir='ltr'><strong>timuit,</strong></span> <span class='ocrx_word' id='word_1_150' title='bbox 301 1862 336 1917; x_wconf 88' lang='lat' dir='ltr'><strong>ab</strong></span> <span class='ocrx_word' id='word_1_151' title='bbox 350 1862 459 1935; x_wconf 79' lang='lat' dir='ltr'><strong>angelis</strong></span> <span class='ocrx_word' id='word_1_152' title='bbox 472 1870 500 1918; x_wconf 88' lang='lat' dir='ltr'><strong>et</strong></span> <span class='ocrx_word' id='word_1_153' title='bbox 514 1861 617 1919; x_wconf 85' lang='lat' dir='ltr'><strong>sanctis</strong></span> <span class='ocrx_word' id='word_1_154' title='bbox 628 1861 786 1917; x_wconf 77' lang='lat' dir='ltr'><strong>laudabitur</strong></span> <span class='ocrx_word' id='word_1_155' title='bbox 804 1869 885 1935; x_wconf 86' lang='lat' dir='ltr'><strong>atquc</strong></span> <span class='ocrx_word' id='word_1_156' title='bbox 939 1857 987 1924; x_wconf 78' lang='lat' dir='ltr'><strong>ait,</strong></span> <span class='ocrx_word' id='word_1_157' title='bbox 1004 1872 1099 1928; x_wconf 88' lang='lat' dir='ltr'><strong>pacem</strong></span> <span class='ocrx_word' id='word_1_158' title='bbox 1115 1858 1247 1915; x_wconf 76' lang='lat' dir='ltr'><strong>Ecclesia</strong></span> <span class='ocrx_word' id='word_1_159' title='bbox 1269 1861 1394 1931; x_wconf 78' lang='lat' dir='ltr'><strong>predixit</strong></span> <span class='ocrx_word' id='word_1_160' title='bbox 1416 1862 1587 1921; x_wconf 89' lang='lat' dir='ltr'><strong>Diocletiano</strong></span> <span class='ocrx_word' id='word_1_161' title='bbox 1608 1882 1743 1938; x_wconf 88' lang='lat' dir='ltr'><strong>persecu·</strong></span> 
     </span>
     <span class='ocr_line' id='line_1_15' title="bbox 87 1946 1742 2025; baseline 0.004 -20"><span class='ocrx_word' id='word_1_162' title='bbox 87 1950 121 2007; x_wconf 88' lang='lat' dir='ltr'><strong>de</strong></span> <span class='ocrx_word' id='word_1_163' title='bbox 134 1950 224 2007; x_wconf 80' lang='lat' dir='ltr'><strong>fructu</strong></span> <span class='ocrx_word' id='word_1_164' title='bbox 238 1966 368 2006; x_wconf 89' lang='lat' dir='ltr'><strong>manuum</strong></span> <span class='ocrx_word' id='word_1_165' title='bbox 382 1966 493 2007; x_wconf 88' lang='lat' dir='ltr'><strong>suarum</strong></span> <span class='ocrx_word' id='word_1_166' title='bbox 506 1950 535 2005; x_wconf 93' lang='lat' dir='ltr'><strong>in</strong></span> <span class='ocrx_word' id='word_1_167' title='bbox 548 1950 635 2021; x_wconf 85' lang='lat' dir='ltr'><strong>portis</strong></span> <span class='ocrx_word' id='word_1_168' title='bbox 649 1950 713 2006; x_wconf 74' lang='lat' dir='ltr'><strong>ritas</strong></span> <span class='ocrx_word' id='word_1_169' title='bbox 735 1949 880 2006; x_wconf 87' lang='lat' dir='ltr'><strong>ditabitur.</strong></span> <span class='ocrx_word' id='word_1_170' title='bbox 939 1953 999 2002; x_wconf 90' lang='lat' dir='ltr'><strong>tore</strong></span> <span class='ocrx_word' id='word_1_171' title='bbox 1014 1946 1049 2003; x_wconf 89' lang='lat' dir='ltr'><strong>de</strong></span> <span class='ocrx_word' id='word_1_172' title='bbox 1064 1961 1150 2019; x_wconf 76' lang='lat' dir='ltr'><strong>regno</strong></span> <span class='ocrx_word' id='word_1_173' title='bbox 1177 1947 1273 2016; x_wconf 87' lang='lat' dir='ltr'><strong>ejecto,</strong></span> <span class='ocrx_word' id='word_1_174' title='bbox 1298 1950 1465 2009; x_wconf 74' lang='lat' dir='ltr'><strong>Maximiano</strong></span> <span class='ocrx_word' id='word_1_175' title='bbox 1487 1960 1604 2025; x_wconf 81' lang='lat' dir='ltr'><strong>tyranno</strong></span> <span class='ocrx_word' id='word_1_176' title='bbox 1627 1953 1742 2011; x_wconf 84' lang='lat' dir='ltr'><strong>interle-</strong></span> 
     </span>
     <span class='ocr_line' id='line_1_16' title="bbox 88 2035 1744 2111; baseline 0.004 -17"><span class='ocrx_word' id='word_1_177' title='bbox 88 2039 171 2108; x_wconf 83' lang='lat' dir='ltr'><strong>Hujus</strong></span> <span class='ocrx_word' id='word_1_178' title='bbox 184 2047 272 2095; x_wconf 87' lang='lat' dir='ltr'><strong>mater</strong></span> <span class='ocrx_word' id='word_1_179' title='bbox 285 2039 525 2095; x_wconf 83' lang='lat' dir='ltr'><strong>irremediabiliter</strong></span> <span class='ocrx_word' id='word_1_180' title='bbox 538 2039 693 2111; x_wconf 88' lang='lat' dir='ltr'><strong>patiebatur</strong></span> <span class='ocrx_word' id='word_1_181' title='bbox 707 2036 809 2094; x_wconf 83' lang='lat' dir='ltr'><strong>anum</strong></span> <span class='ocrx_word' id='word_1_182' title='bbox 822 2054 886 2093; x_wconf 90' lang='lat' dir='ltr'><strong>san·</strong></span> <span class='ocrx_word' id='word_1_183' title='bbox 940 2044 998 2091; x_wconf 88' lang='lat' dir='ltr'><strong>cto.</strong></span> <span class='ocrx_word' id='word_1_184' title='bbox 1018 2035 1124 2092; x_wconf 83' lang='lat' dir='ltr'><strong>luteres</strong></span> <span class='ocrx_word' id='word_1_185' title='bbox 1139 2037 1304 2093; x_wconf 77' lang='lat' dir='ltr'><strong>Paschasius</strong></span> <span class='ocrx_word' id='word_1_186' title='bbox 1328 2048 1391 2095; x_wconf 87' lang='lat' dir='ltr'><strong>aute</strong></span> <span class='ocrx_word' id='word_1_187' title='bbox 1420 2041 1514 2098; x_wconf 87' lang='lat' dir='ltr'><strong>oculos</strong></span> <span class='ocrx_word' id='word_1_188' title='bbox 1529 2042 1589 2111; x_wconf 84' lang='lat' dir='ltr'><strong>ejus</strong></span> <span class='ocrx_word' id='word_1_189' title='bbox 1604 2050 1744 2101; x_wconf 83' lang='lat' dir='ltr'><strong>catenatus</strong></span> 
     </span>
     <span class='ocr_line' id='line_1_17' title="bbox 89 2124 1738 2202; baseline 0.002 -18"><span class='ocrx_word' id='word_1_190' title='bbox 89 2128 178 2201; x_wconf 71' lang='lat' dir='ltr'><strong>guinis</strong></span> <span class='ocrx_word' id='word_1_191' title='bbox 192 2136 217 2183; x_wconf 90' lang='lat' dir='ltr'><strong>et</strong></span> <span class='ocrx_word' id='word_1_192' title='bbox 232 2128 295 2184; x_wconf 89' lang='lat' dir='ltr'><strong>idco</strong></span> <span class='ocrx_word' id='word_1_193' title='bbox 308 2144 369 2185; x_wconf 82' lang='lat' dir='ltr'><strong>carm</strong></span> <span class='ocrx_word' id='word_1_194' title='bbox 387 2126 442 2184; x_wconf 90' lang='lat' dir='ltr'><strong>lilia</strong></span> <span class='ocrx_word' id='word_1_195' title='bbox 455 2128 575 2199; x_wconf 80' lang='lat' dir='ltr'><strong>perrexit</strong></span> <span class='ocrx_word' id='word_1_196' title='bbox 588 2128 622 2183; x_wconf 91' lang='lat' dir='ltr'><strong>ad</strong></span> <span class='ocrx_word' id='word_1_197' title='bbox 637 2126 814 2198; x_wconf 88' lang='lat' dir='ltr'><strong>sepulchrum</strong></span> <span class='ocrx_word' id='word_1_198' title='bbox 822 2141 887 2181; x_wconf 91' lang='lat' dir='ltr'><strong>san·</strong></span> <span class='ocrx_word' id='word_1_199' title='bbox 941 2124 1056 2179; x_wconf 81' lang='lat' dir='ltr'><strong>Romam</strong></span> <span class='ocrx_word' id='word_1_200' title='bbox 1068 2124 1185 2193; x_wconf 86' lang='lat' dir='ltr'><strong>ducitur,</strong></span> <span class='ocrx_word' id='word_1_201' title='bbox 1198 2134 1309 2183; x_wconf 87' lang='lat' dir='ltr'><strong>senatus</strong></span> <span class='ocrx_word' id='word_1_202' title='bbox 1327 2129 1460 2185; x_wconf 86' lang='lat' dir='ltr'><strong>sententia</strong></span> <span class='ocrx_word' id='word_1_203' title='bbox 1481 2130 1572 2200; x_wconf 90' lang='lat' dir='ltr'><strong>capita</strong></span> <span class='ocrx_word' id='word_1_204' title='bbox 1598 2131 1738 2202; x_wconf 86' lang='lat' dir='ltr'><strong>plectitur.</strong></span> 
     </span>
     <span class='ocr_line' id='line_1_18' title="bbox 89 2211 1741 2292; baseline 0.002 -20"><span class='ocrx_word' id='word_1_205' title='bbox 89 2226 137 2273; x_wconf 83' lang='lat' dir='ltr'><strong>ctae</strong></span> <span class='ocrx_word' id='word_1_206' title='bbox 163 2218 277 2289; x_wconf 75' lang='lat' dir='ltr'><strong>Agatha</strong></span> <span class='ocrx_word' id='word_1_207' title='bbox 303 2217 441 2289; x_wconf 78' lang='lat' dir='ltr'><strong>martyris.</strong></span> <span class='ocrx_word' id='word_1_208' title='bbox 469 2216 559 2273; x_wconf 76' lang='lat' dir='ltr'><strong>luciae</strong></span> <span class='ocrx_word' id='word_1_209' title='bbox 586 2224 677 2271; x_wconf 88' lang='lat' dir='ltr'><strong>autern</strong></span> <span class='ocrx_word' id='word_1_210' title='bbox 704 2216 732 2271; x_wconf 90' lang='lat' dir='ltr'><strong>in</strong></span> <span class='ocrx_word' id='word_1_211' title='bbox 758 2213 887 2286; x_wconf 84' lang='lat' dir='ltr'><strong>precihus</strong></span> <span class='ocrx_word' id='word_1_212' title='bbox 941 2211 1049 2281; x_wconf 87' lang='lat' dir='ltr'><strong>Sponsa</strong></span> <span class='ocrx_word' id='word_1_213' title='bbox 1080 2222 1171 2269; x_wconf 87' lang='lat' dir='ltr'><strong>autem</strong></span> <span class='ocrx_word' id='word_1_214' title='bbox 1200 2215 1299 2271; x_wconf 88' lang='lat' dir='ltr'><strong>Christi</strong></span> <span class='ocrx_word' id='word_1_215' title='bbox 1339 2216 1438 2274; x_wconf 86' lang='lat' dir='ltr'><strong>balnea</strong></span> <span class='ocrx_word' id='word_1_216' title='bbox 1472 2219 1615 2292; x_wconf 84' lang='lat' dir='ltr'><strong>sanguinis</strong></span> <span class='ocrx_word' id='word_1_217' title='bbox 1650 2220 1741 2277; x_wconf 90' lang='lat' dir='ltr'><strong>abluta</strong></span> 
     </span>
     <span class='ocr_line' id='line_1_19' title="bbox 91 2295 1742 2377; baseline 0.005 -27"><span class='ocrx_word' id='word_1_218' title='bbox 91 2305 273 2361; x_wconf 68' lang='lat' dir='ltr'><strong>obdormienti</strong></span> <span class='ocrx_word' id='word_1_219' title='bbox 288 2306 416 2377; x_wconf 54' lang='lat' dir='ltr'><strong>apparuit</strong></span> <span class='ocrx_word' id='word_1_220' title='bbox 430 2315 521 2361; x_wconf 55' lang='lat' dir='ltr'><strong>aanor„</strong></span> <span class='ocrx_word' id='word_1_221' title='bbox 544 2304 656 2375; x_wconf 57' lang='lat' dir='ltr'><strong>Ageana</strong></span> <span class='ocrx_word' id='word_1_222' title='bbox 679 2305 707 2359; x_wconf 77' lang='lat' dir='ltr'><strong>in</strong></span> <span class='ocrx_word' id='word_1_223' title='bbox 733 2310 808 2359; x_wconf 68' lang='lat' dir='ltr'><strong>veste</strong></span> <span class='ocrx_word' id='word_1_224' title='bbox 830 2302 886 2358; x_wconf 80' lang='lat' dir='ltr'><strong>fut-</strong></span> <span class='ocrx_word' id='word_1_225' title='bbox 941 2295 1095 2366; x_wconf 88' lang='lat' dir='ltr'><strong>splendidis</strong></span> <span class='ocrx_word' id='word_1_226' title='bbox 1122 2298 1270 2355; x_wconf 87' lang='lat' dir='ltr'><strong>esscciatur</strong></span> <span class='ocrx_word' id='word_1_227' title='bbox 1295 2299 1446 2374; x_wconf 80' lang='lat' dir='ltr'><strong>virginibus</strong></span> <span class='ocrx_word' id='word_1_228' title='bbox 1483 2304 1552 2359; x_wconf 86' lang='lat' dir='ltr'><strong>stota</strong></span> <span class='ocrx_word' id='word_1_229' title='bbox 1579 2304 1669 2377; x_wconf 75' lang='lat' dir='ltr'><strong>gloria</strong></span> <span class='ocrx_word' id='word_1_230' title='bbox 1696 2304 1742 2359; x_wconf 89' lang='lat' dir='ltr'><strong>iu-</strong></span> 
     </span>
     <span class='ocr_line' id='line_1_20' title="bbox 90 2386 1020 2466; baseline -0.002 -17"><span class='ocrx_word' id='word_1_231' title='bbox 90 2393 174 2465; x_wconf 76' lang='lat' dir='ltr'><strong>genti,</strong></span> <span class='ocrx_word' id='word_1_232' title='bbox 190 2409 316 2450; x_wconf 86' lang='lat' dir='ltr'><strong>somrem</strong></span> <span class='ocrx_word' id='word_1_233' title='bbox 329 2394 488 2466; x_wconf 87' lang='lat' dir='ltr'><strong>appellarit,</strong></span> <span class='ocrx_word' id='word_1_234' title='bbox 503 2408 553 2450; x_wconf 91' lang='lat' dir='ltr'><strong>cnr</strong></span> <span class='ocrx_word' id='word_1_235' title='bbox 574 2394 609 2447; x_wconf 92' lang='lat' dir='ltr'><strong>ab</strong></span> <span class='ocrx_word' id='word_1_236' title='bbox 630 2408 663 2448; x_wconf 92' lang='lat' dir='ltr'><strong>ea</strong></span> <span class='ocrx_word' id='word_1_237' title='bbox 686 2399 801 2464; x_wconf 86' lang='lat' dir='ltr'><strong>peteret,</strong></span> <span class='ocrx_word' id='word_1_238' title='bbox 826 2407 888 2465; x_wconf 81' lang='lat' dir='ltr'><strong>quae</strong></span> <span class='ocrx_word' id='word_1_239' title='bbox 941 2386 1020 2441; x_wconf 74' lang='lat' dir='ltr'><strong>dulu-</strong></span> 
     </span>
     <span class='ocr_line' id='line_1_21' title="bbox 89 2475 1742 2555; baseline 0.002 -18"><span class='ocrx_word' id='word_1_240' title='bbox 89 2483 146 2554; x_wconf 87' lang='lat' dir='ltr'><strong>ipsa</strong></span> <span class='ocrx_word' id='word_1_241' title='bbox 161 2498 224 2539; x_wconf 84' lang='lat' dir='ltr'><strong>mcx</strong></span> <span class='ocrx_word' id='word_1_242' title='bbox 249 2491 371 2554; x_wconf 84' lang='lat' dir='ltr'><strong>prestare</strong></span> <span class='ocrx_word' id='word_1_243' title='bbox 398 2491 492 2553; x_wconf 90' lang='lat' dir='ltr'><strong>posset</strong></span> <span class='ocrx_word' id='word_1_244' title='bbox 515 2482 704 2555; x_wconf 65' lang='lat' dir='ltr'><strong>interrogarit,</strong></span> <span class='ocrx_word' id='word_1_245' title='bbox 734 2479 887 2553; x_wconf 80' lang='lat' dir='ltr'><strong>praesertim</strong></span> <span class='ocrx_word' id='word_1_246' title='bbox 977 2475 1045 2531; x_wconf 80' lang='lat' dir='ltr'><strong>Cum</strong></span> <span class='ocrx_word' id='word_1_247' title='bbox 1057 2475 1108 2532; x_wconf 78' lang='lat' dir='ltr'><strong>hcc</strong></span> <span class='ocrx_word' id='word_1_248' title='bbox 1122 2476 1203 2532; x_wconf 83' lang='lat' dir='ltr'><strong>hodie</strong></span> <span class='ocrx_word' id='word_1_249' title='bbox 1219 2486 1327 2534; x_wconf 81' lang='lat' dir='ltr'><strong>resonat</strong></span> <span class='ocrx_word' id='word_1_250' title='bbox 1341 2480 1446 2537; x_wconf 86' lang='lat' dir='ltr'><strong>cantica</strong></span> <span class='ocrx_word' id='word_1_251' title='bbox 1461 2480 1533 2553; x_wconf 69' lang='lat' dir='ltr'><strong>ugni</strong></span> <span class='ocrx_word' id='word_1_252' title='bbox 1544 2481 1622 2537; x_wconf 85' lang='lat' dir='ltr'><strong>beata</strong></span> <span class='ocrx_word' id='word_1_253' title='bbox 1634 2481 1667 2543; x_wconf 68' lang='grc' dir='ltr'><strong>(Ρ</strong></span> <span class='ocrx_word' id='word_1_254' title='bbox 1677 2484 1742 2555; x_wconf 74' lang='lat'>2⁸0)</span> 
     </span>
     <span class='ocr_line' id='line_1_22' title="bbox 89 2563 1745 2644; baseline 0.003 -17"><span class='ocrx_word' id='word_1_255' title='bbox 89 2588 148 2627; x_wconf 84' lang='lat' dir='ltr'><strong>cunr</strong></span> <span class='ocrx_word' id='word_1_256' title='bbox 162 2572 276 2643; x_wconf 70' lang='lat' dir='ltr'><strong>dignum</strong></span> <span class='ocrx_word' id='word_1_257' title='bbox 291 2572 472 2627; x_wconf 88' lang='lat' dir='ltr'><strong>habitaculum</strong></span> <span class='ocrx_word' id='word_1_258' title='bbox 487 2572 597 2627; x_wconf 86' lang='lat' dir='ltr'><strong>Christo</strong></span> <span class='ocrx_word' id='word_1_259' title='bbox 612 2572 639 2625; x_wconf 93' lang='lat' dir='ltr'><strong>in</strong></span> <span class='ocrx_word' id='word_1_260' title='bbox 656 2586 707 2627; x_wconf 87' lang='lat' dir='ltr'><strong>sue</strong></span> <span class='ocrx_word' id='word_1_261' title='bbox 726 2568 887 2644; x_wconf 76' lang='lat' dir='ltr'><strong>virginitate</strong></span> <span class='ocrx_word' id='word_1_262' title='bbox 941 2564 1021 2638; x_wconf 75' lang='lat' dir='ltr'><strong>virgo</strong></span> <span class='ocrx_word' id='word_1_263' title='bbox 1038 2563 1137 2620; x_wconf 69' lang='lat' dir='ltr'><strong>Odilit·</strong></span> <span class='ocrx_word' id='word_1_264' title='bbox 1154 2566 1228 2632; x_wconf 60' lang='lat'><strong>11²⁰.</strong></span> <span class='ocrx_word' id='word_1_265' title='bbox 1246 2583 1319 2623; x_wconf 81' lang='lat' dir='ltr'><strong>caeca</strong></span> <span class='ocrx_word' id='word_1_266' title='bbox 1329 2575 1405 2639; x_wconf 64' lang='lat' dir='ltr'><strong>nula,</strong></span> <span class='ocrx_word' id='word_1_267' title='bbox 1420 2584 1435 2625; x_wconf 73' lang='lat'>⁸</span> <span class='ocrx_word' id='word_1_268' title='bbox 1451 2578 1530 2639; x_wconf 71' lang='lat' dir='ltr'><strong>pulte</strong></span> <span class='ocrx_word' id='word_1_269' title='bbox 1541 2570 1621 2627; x_wconf 72' lang='lat' dir='ltr'><strong>exilio</strong></span> <span class='ocrx_word' id='word_1_270' title='bbox 1631 2572 1745 2627; x_wconf 74' lang='lat' dir='ltr'><strong>dumnu-</strong></span> 
     </span>
     <span class='ocr_line' id='line_1_23' title="bbox 86 2653 1745 2733; baseline 0 -18"><span class='ocrx_word' id='word_1_271' title='bbox 86 2668 302 2733; x_wconf 81' lang='lat' dir='ltr'><strong>praeparauerat.</strong></span> <span class='ocrx_word' id='word_1_272' title='bbox 319 2664 354 2715; x_wconf 77' lang='lat' dir='ltr'><strong>at</strong></span> <span class='ocrx_word' id='word_1_273' title='bbox 366 2660 414 2716; x_wconf 87' lang='lat' dir='ltr'><strong>illa</strong></span> <span class='ocrx_word' id='word_1_274' title='bbox 428 2660 564 2732; x_wconf 71' lang='lat' dir='ltr'><strong>evigilans</strong></span> <span class='ocrx_word' id='word_1_275' title='bbox 577 2669 691 2716; x_wconf 83' lang='lat' dir='ltr'><strong>matrem</strong></span> <span class='ocrx_word' id='word_1_276' title='bbox 705 2675 801 2715; x_wconf 87' lang='lat' dir='ltr'><strong>sanam</strong></span> <span class='ocrx_word' id='word_1_277' title='bbox 819 2674 887 2730; x_wconf 86' lang='lat' dir='ltr'><strong>rep·</strong></span> <span class='ocrx_word' id='word_1_278' title='bbox 942 2662 995 2721; x_wconf 90' lang='lat' dir='ltr'><strong>tur,</strong></span> <span class='ocrx_word' id='word_1_279' title='bbox 1011 2653 1061 2710; x_wconf 88' lang='lat' dir='ltr'><strong>aed</strong></span> <span class='ocrx_word' id='word_1_280' title='bbox 1076 2654 1254 2727; x_wconf 87' lang='lat' dir='ltr'><strong>abepiscopo</strong></span> <span class='ocrx_word' id='word_1_281' title='bbox 1272 2656 1463 2728; x_wconf 83' lang='lat' dir='ltr'><strong>Ratisponensi</strong></span> <span class='ocrx_word' id='word_1_282' title='bbox 1473 2658 1598 2717; x_wconf 75' lang='lat' dir='ltr'><strong>lithardo</strong></span> <span class='ocrx_word' id='word_1_283' title='bbox 1609 2660 1745 2731; x_wconf 86' lang='lat' dir='ltr'><strong>baptizata</strong></span> 
     </span>
     <span class='ocr_line' id='line_1_24' title="bbox 88 2742 1743 2822; baseline 0.001 -18"><span class='ocrx_word' id='word_1_284' title='bbox 88 2748 164 2821; x_wconf 89' lang='lat' dir='ltr'><strong>perit,</strong></span> <span class='ocrx_word' id='word_1_285' title='bbox 180 2765 196 2804; x_wconf 91' lang='lat' dir='ltr'><strong>a</strong></span> <span class='ocrx_word' id='word_1_286' title='bbox 211 2764 316 2822; x_wconf 90' lang='lat' dir='ltr'><strong>quane</strong></span> <span class='ocrx_word' id='word_1_287' title='bbox 338 2763 469 2821; x_wconf 90' lang='lat' dir='ltr'><strong>umquam</strong></span> <span class='ocrx_word' id='word_1_288' title='bbox 490 2749 516 2805; x_wconf 88' lang='lat' dir='ltr'><strong>ei</strong></span> <span class='ocrx_word' id='word_1_289' title='bbox 540 2749 628 2804; x_wconf 87' lang='lat' dir='ltr'><strong>virum</strong></span> <span class='ocrx_word' id='word_1_290' title='bbox 650 2749 773 2805; x_wconf 88' lang='lat' dir='ltr'><strong>nominet</strong></span> <span class='ocrx_word' id='word_1_291' title='bbox 800 2748 886 2819; x_wconf 86' lang='lat' dir='ltr'><strong>petit,</strong></span> <span class='ocrx_word' id='word_1_292' title='bbox 941 2742 1118 2799; x_wconf 89' lang='lat' dir='ltr'><strong>illuminatur.</strong></span> <span class='ocrx_word' id='word_1_293' title='bbox 1142 2742 1230 2799; x_wconf 86' lang='lat' dir='ltr'><strong>llultis</strong></span> <span class='ocrx_word' id='word_1_294' title='bbox 1259 2745 1403 2801; x_wconf 86' lang='lat' dir='ltr'><strong>virtutibus</strong></span> <span class='ocrx_word' id='word_1_295' title='bbox 1432 2746 1564 2819; x_wconf 79' lang='lat' dir='ltr'><strong>praeclara</strong></span> <span class='ocrx_word' id='word_1_296' title='bbox 1591 2747 1743 2821; x_wconf 78' lang='lat' dir='ltr'><strong>virginibus</strong></span> 
     </span>
    </p>
   </div>
   <div class='ocr_carea' id='block_1_5' title="bbox 87 2828 1855 2911">
    <p class='ocr_par' dir='ltr' id='par_1_6' title="bbox 87 2828 1855 2911">
     <span class='ocr_line' id='line_1_25' title="bbox 87 2828 1855 2911; baseline -0.001 -18"><span class='ocrx_word' id='word_1_297' title='bbox 87 2838 252 2911; x_wconf 88' lang='lat' dir='ltr'><strong>domumque</strong></span> <span class='ocrx_word' id='word_1_298' title='bbox 268 2854 379 2894; x_wconf 85' lang='lat' dir='ltr'><strong>reversa</strong></span> <span class='ocrx_word' id='word_1_299' title='bbox 397 2853 505 2895; x_wconf 89' lang='lat' dir='ltr'><strong>omnem</strong></span> <span class='ocrx_word' id='word_1_300' title='bbox 531 2837 686 2893; x_wconf 82' lang='lat' dir='ltr'><strong>facultatem</strong></span> <span class='ocrx_word' id='word_1_301' title='bbox 710 2837 807 2910; x_wconf 76' lang='lat' dir='ltr'><strong>egenis</strong></span> <span class='ocrx_word' id='word_1_302' title='bbox 829 2852 888 2892; x_wconf 85' lang='lat' dir='ltr'><strong>ern-</strong></span> <span class='ocrx_word' id='word_1_303' title='bbox 941 2828 1002 2901; x_wconf 88' lang='lat' dir='ltr'><strong>ipsa</strong></span> <span class='ocrx_word' id='word_1_304' title='bbox 1018 2830 1097 2903; x_wconf 80' lang='lat' dir='ltr'><strong>virgo</strong></span> <span class='ocrx_word' id='word_1_305' title='bbox 1111 2839 1152 2885; x_wconf 64' lang='lat' dir='ltr'><strong>est</strong></span> <span class='ocrx_word' id='word_1_306' title='bbox 1171 2829 1293 2901; x_wconf 77' lang='lat' dir='ltr'><strong>prelata.</strong></span> <span class='ocrx_word' id='word_1_307' title='bbox 1312 2832 1436 2891; x_wconf 81' lang='lat' dir='ltr'><strong>Plurimis</strong></span> <span class='ocrx_word' id='word_1_308' title='bbox 1449 2834 1537 2909; x_wconf 76' lang='lat' dir='ltr'><strong>siguis</strong></span> <span class='ocrx_word' id='word_1_309' title='bbox 1552 2835 1681 2893; x_wconf 87' lang='lat' dir='ltr'><strong>divinitus</strong></span> <span class='ocrx_word' id='word_1_310' title='bbox 1696 2836 1745 2893; x_wconf 87' lang='lat' dir='ltr'><strong>da·</strong></span> <span class='ocrx_word' id='word_1_311' title='bbox 1853 2856 1855 2863; x_wconf 68' lang='grc'>’</span> 
     </span>
    </p>
   </div>
   <div class='ocr_carea' id='block_1_6' title="bbox 85 2918 1793 3354">
    <p class='ocr_par' dir='ltr' id='par_1_7' title="bbox 85 2918 1793 3354">
     <span class='ocr_line' id='line_1_26' title="bbox 86 2918 1745 2999; baseline -0.001 -16"><span class='ocrx_word' id='word_1_312' title='bbox 86 2943 154 2999; x_wconf 75' lang='lat' dir='ltr'><strong>gare</strong></span> <span class='ocrx_word' id='word_1_313' title='bbox 168 2927 260 2998; x_wconf 86' lang='lat' dir='ltr'><strong>coepit.</strong></span> <span class='ocrx_word' id='word_1_314' title='bbox 276 2926 354 2984; x_wconf 88' lang='lat' dir='ltr'><strong>Unde</strong></span> <span class='ocrx_word' id='word_1_315' title='bbox 367 2942 383 2981; x_wconf 90' lang='lat' dir='ltr'><strong>a</strong></span> <span class='ocrx_word' id='word_1_316' title='bbox 396 2941 498 2998; x_wconf 90' lang='lat' dir='ltr'><strong>sponso</strong></span> <span class='ocrx_word' id='word_1_317' title='bbox 512 2942 563 2983; x_wconf 88' lang='lat' dir='ltr'><strong>suo</strong></span> <span class='ocrx_word' id='word_1_318' title='bbox 584 2928 803 2998; x_wconf 81' lang='lat' dir='ltr'><strong>comprehensa,</strong></span> <span class='ocrx_word' id='word_1_319' title='bbox 829 2926 886 2981; x_wconf 87' lang='lat' dir='ltr'><strong>Pa·</strong></span> <span class='ocrx_word' id='word_1_320' title='bbox 942 2926 1045 2984; x_wconf 84' lang='lat' dir='ltr'><strong>corate,</strong></span> <span class='ocrx_word' id='word_1_321' title='bbox 1063 2918 1184 2993; x_wconf 82' lang='lat' dir='ltr'><strong>glorioso</strong></span> <span class='ocrx_word' id='word_1_322' title='bbox 1200 2919 1253 2976; x_wconf 87' lang='lat' dir='ltr'><strong>line</strong></span> <span class='ocrx_word' id='word_1_323' title='bbox 1270 2922 1352 2979; x_wconf 89' lang='lat' dir='ltr'><strong>castis</strong></span> <span class='ocrx_word' id='word_1_324' title='bbox 1367 2923 1447 2980; x_wconf 90' lang='lat' dir='ltr'><strong>hodie</strong></span> <span class='ocrx_word' id='word_1_325' title='bbox 1464 2924 1491 2980; x_wconf 90' lang='lat' dir='ltr'><strong>in</strong></span> <span class='ocrx_word' id='word_1_326' title='bbox 1507 2924 1589 2981; x_wconf 89' lang='lat' dir='ltr'><strong>astris</strong></span> <span class='ocrx_word' id='word_1_327' title='bbox 1604 2940 1745 2999; x_wconf 74' lang='lat' dir='ltr'><strong>aggrega-</strong></span> 
     </span>
     <span class='ocr_line' id='line_1_27' title="bbox 86 3002 1747 3087; baseline 0.002 -26"><span class='ocrx_word' id='word_1_328' title='bbox 86 3016 194 3073; x_wconf 68' lang='lat' dir='ltr'><strong>sctmsjo</strong></span> <span class='ocrx_word' id='word_1_329' title='bbox 202 3014 296 3085; x_wconf 60' lang='lat' dir='ltr'><strong>justice</strong></span> <span class='ocrx_word' id='word_1_330' title='bbox 310 3023 501 3087; x_wconf 55' lang='lat' dir='ltr'><strong>mergamur,</strong></span> <span class='ocrx_word' id='word_1_331' title='bbox 517 3031 532 3069; x_wconf 65' lang='lat' dir='ltr'><strong>a</strong></span> <span class='ocrx_word' id='word_1_332' title='bbox 547 3031 603 3087; x_wconf 73' lang='lat' dir='ltr'><strong>quo</strong></span> <span class='ocrx_word' id='word_1_333' title='bbox 617 3017 645 3070; x_wconf 69' lang='lat' dir='ltr'><strong>in</strong></span> <span class='ocrx_word' id='word_1_334' title='bbox 667 3008 782 3087; x_wconf 55' lang='lat' dir='ltr'><strong>lupanas</strong></span> <span class='ocrx_word' id='word_1_335' title='bbox 806 3014 887 3069; x_wconf 63' lang='lat' dir='ltr'><strong>dam.</strong></span> <span class='ocrx_word' id='word_1_336' title='bbox 943 3009 998 3058; x_wconf 89' lang='lat' dir='ltr'><strong>tur.</strong></span> <span class='ocrx_word' id='word_1_337' title='bbox 1018 3003 1081 3071; x_wconf 86' lang='lat' dir='ltr'><strong>llas,</strong></span> <span class='ocrx_word' id='word_1_338' title='bbox 1102 3002 1249 3071; x_wconf 75' lang='lat' dir='ltr'><strong>karimimi,</strong></span> <span class='ocrx_word' id='word_1_339' title='bbox 1267 3005 1300 3061; x_wconf 90' lang='lat' dir='ltr'><strong>ad</strong></span> <span class='ocrx_word' id='word_1_340' title='bbox 1312 3008 1590 3065; x_wconf 85' lang='lat' dir='ltr'><strong>auctoremcastitatis</strong></span> <span class='ocrx_word' id='word_1_341' title='bbox 1604 3008 1701 3067; x_wconf 90' lang='lat' dir='ltr'><strong>mittite</strong></span> <span class='ocrx_word' id='word_1_342' title='bbox 1716 3016 1747 3065; x_wconf 89' lang='lat' dir='ltr'><strong>ut</strong></span> 
     </span>
     <span class='ocr_line' id='line_1_28' title="bbox 85 3095 1747 3177; baseline 0.003 -17"><span class='ocrx_word' id='word_1_343' title='bbox 85 3113 175 3160; x_wconf 89' lang='lat' dir='ltr'><strong>natur.</strong></span> <span class='ocrx_word' id='word_1_344' title='bbox 190 3105 276 3176; x_wconf 72' lang='lat' dir='ltr'><strong>lgitur</strong></span> <span class='ocrx_word' id='word_1_345' title='bbox 288 3120 304 3158; x_wconf 89' lang='lat' dir='ltr'><strong>a</strong></span> <span class='ocrx_word' id='word_1_346' title='bbox 318 3104 463 3161; x_wconf 87' lang='lat' dir='ltr'><strong>lenonibus</strong></span> <span class='ocrx_word' id='word_1_347' title='bbox 477 3112 561 3160; x_wconf 88' lang='lat' dir='ltr'><strong>tracta</strong></span> <span class='ocrx_word' id='word_1_348' title='bbox 574 3105 677 3160; x_wconf 87' lang='lat' dir='ltr'><strong>morari</strong></span> <span class='ocrx_word' id='word_1_349' title='bbox 704 3120 759 3161; x_wconf 90' lang='lat' dir='ltr'><strong>nou</strong></span> <span class='ocrx_word' id='word_1_350' title='bbox 778 3103 885 3175; x_wconf 83' lang='lat' dir='ltr'><strong>potuit;</strong></span> <span class='ocrx_word' id='word_1_351' title='bbox 901 3095 927 3159; x_wconf 86' lang='lat' dir='ltr'><strong>G</strong></span> <span class='ocrx_word' id='word_1_352' title='bbox 942 3099 1005 3155; x_wconf 90' lang='lat' dir='ltr'><strong>labe</strong></span> <span class='ocrx_word' id='word_1_353' title='bbox 1020 3100 1162 3157; x_wconf 91' lang='lat' dir='ltr'><strong>sordidum</strong></span> <span class='ocrx_word' id='word_1_354' title='bbox 1178 3101 1322 3177; x_wconf 73' lang='lat' dir='ltr'><strong>{sordium}</strong></span> <span class='ocrx_word' id='word_1_355' title='bbox 1338 3106 1415 3161; x_wconf 82' lang='lat' dir='ltr'><strong>exuti</strong></span> <span class='ocrx_word' id='word_1_356' title='bbox 1428 3106 1590 3163; x_wconf 86' lang='lat' dir='ltr'><strong>mereamini</strong></span> <span class='ocrx_word' id='word_1_357' title='bbox 1602 3106 1630 3163; x_wconf 88' lang='lat' dir='ltr'><strong>in</strong></span> <span class='ocrx_word' id='word_1_358' title='bbox 1640 3115 1747 3165; x_wconf 82' lang='lat' dir='ltr'><strong>aterna</strong></span> 
     </span>
     <span class='ocr_line' id='line_1_29' title="bbox 85 3188 1793 3268; baseline 0.003 -21"><span class='ocrx_word' id='word_1_359' title='bbox 85 3192 245 3248; x_wconf 87' lang='lat' dir='ltr'><strong>amilitibus</strong></span> <span class='ocrx_word' id='word_1_360' title='bbox 258 3192 385 3264; x_wconf 85' lang='lat' dir='ltr'><strong>impulsa,</strong></span> <span class='ocrx_word' id='word_1_361' title='bbox 402 3200 431 3247; x_wconf 93' lang='lat' dir='ltr'><strong>ut</strong></span> <span class='ocrx_word' id='word_1_362' title='bbox 445 3191 570 3248; x_wconf 89' lang='lat' dir='ltr'><strong>columna</strong></span> <span class='ocrx_word' id='word_1_363' title='bbox 584 3192 725 3249; x_wconf 89' lang='lat' dir='ltr'><strong>inmobilis</strong></span> <span class='ocrx_word' id='word_1_364' title='bbox 749 3191 879 3263; x_wconf 84' lang='lat' dir='ltr'><strong>perstitit.</strong></span> <span class='ocrx_word' id='word_1_365' title='bbox 940 3188 1115 3245; x_wconf 78' lang='lat' dir='ltr'><strong>latiniacum</strong></span> <span class='ocrx_word' id='word_1_366' title='bbox 1132 3188 1305 3250; x_wconf 88' lang='lat' dir='ltr'><strong>illisrivere.</strong></span> <span class='ocrx_word' id='word_1_367' title='bbox 1322 3190 1409 3263; x_wconf 84' lang='lat' dir='ltr'><strong>Quam</strong></span> <span class='ocrx_word' id='word_1_368' title='bbox 1435 3195 1530 3253; x_wconf 89' lang='lat' dir='ltr'><strong>oculus</strong></span> <span class='ocrx_word' id='word_1_369' title='bbox 1553 3211 1609 3253; x_wconf 90' lang='lat' dir='ltr'><strong>nou</strong></span> <span class='ocrx_word' id='word_1_370' title='bbox 1634 3196 1704 3255; x_wconf 87' lang='lat' dir='ltr'><strong>uidit</strong></span> <span class='ocrx_word' id='word_1_371' title='bbox 1724 3197 1750 3268; x_wconf 90' lang='lat' dir='ltr'><strong>(l</strong></span> <span class='ocrx_word' id='word_1_372' title='bbox 1789 3258 1793 3263; x_wconf 60' lang='grc'>,</span> 
     </span>
     <span class='ocr_line' id='line_1_30' title="bbox 86 3278 1060 3354; baseline -0.006 -17"><span class='ocrx_word' id='word_1_373' title='bbox 86 3282 207 3337; x_wconf 84' lang='lat' dir='ltr'><strong>Facibus</strong></span> <span class='ocrx_word' id='word_1_374' title='bbox 229 3288 320 3337; x_wconf 87' lang='lat' dir='ltr'><strong>autem</strong></span> <span class='ocrx_word' id='word_1_375' title='bbox 343 3281 460 3352; x_wconf 90' lang='lat' dir='ltr'><strong>pedibus</strong></span> <span class='ocrx_word' id='word_1_376' title='bbox 477 3281 520 3338; x_wconf 86' lang='lat' dir='ltr'><strong>rel</strong></span> <span class='ocrx_word' id='word_1_377' title='bbox 546 3280 609 3354; x_wconf 88' lang='lat' dir='ltr'><strong>[pro</strong></span> <span class='ocrx_word' id='word_1_378' title='bbox 624 3280 660 3354; x_wconf 84' lang='lat' dir='ltr'><strong>et]</strong></span> <span class='ocrx_word' id='word_1_379' title='bbox 674 3281 799 3337; x_wconf 88' lang='lat' dir='ltr'><strong>manibus</strong></span> <span class='ocrx_word' id='word_1_380' title='bbox 824 3280 885 3350; x_wconf 76' lang='lat' dir='ltr'><strong>ejus</strong></span> <span class='ocrx_word' id='word_1_381' title='bbox 942 3278 1004 3335; x_wconf 80' lang='lat' dir='ltr'><strong>Cor.</strong></span> <span class='ocrx_word' id='word_1_382' title='bbox 1020 3279 1060 3341; x_wconf 82' lang='lat' dir='ltr'><strong>ul.</strong></span> 
     </span>
    </p>
   </div>
   <div class='ocr_carea' id='block_1_7' title="bbox 129 3433 877 3499">
    <p class='ocr_par' dir='ltr' id='par_1_8' title="bbox 129 3433 877 3499">
     <span class='ocr_line' id='line_1_31' title="bbox 129 3433 877 3499; baseline -0.008 -2"><span class='ocrx_word' id='word_1_383' title='bbox 129 3435 207 3497; x_wconf 78' lang='lat' dir='ltr'><strong>llaec</strong></span> <span class='ocrx_word' id='word_1_384' title='bbox 221 3435 252 3496; x_wconf 92' lang='lat' dir='ltr'><strong>iu</strong></span> <span class='ocrx_word' id='word_1_385' title='bbox 267 3434 433 3498; x_wconf 90' lang='lat' dir='ltr'><strong>Dominica</strong></span> <span class='ocrx_word' id='word_1_386' title='bbox 447 3435 538 3498; x_wconf 88' lang='lat' dir='ltr'><strong>adice</strong></span> <span class='ocrx_word' id='word_1_387' title='bbox 551 3435 592 3499; x_wconf 84' lang='lat' dir='ltr'><strong>do</strong></span> <span class='ocrx_word' id='word_1_388' title='bbox 606 3440 717 3497; x_wconf 87' lang='lat' dir='ltr'><strong>sancto</strong></span> <span class='ocrx_word' id='word_1_389' title='bbox 733 3433 853 3495; x_wconf 87' lang='lat' dir='ltr'><strong>Thema</strong></span> <span class='ocrx_word' id='word_1_390' title='bbox 871 3452 877 3492; x_wconf 78' lang='grc' dir='ltr'>ε</span> 
     </span>
    </p>
   </div>
   <div class='ocr_carea' id='block_1_8' title="bbox 85 3588 1792 4549">
    <p class='ocr_par' dir='ltr' id='par_1_9' title="bbox 85 3588 1792 4549">
     <span class='ocr_line' id='line_1_32' title="bbox 125 3588 1748 3667; baseline 0.001 -16"><span class='ocrx_word' id='word_1_391' title='bbox 125 3594 179 3666; x_wconf 84' lang='lat' dir='ltr'><strong>Qui</strong></span> <span class='ocrx_word' id='word_1_392' title='bbox 193 3594 300 3651; x_wconf 87' lang='lat' dir='ltr'><strong>anobis</strong></span> <span class='ocrx_word' id='word_1_393' title='bbox 316 3594 518 3667; x_wconf 82' lang='lat' dir='ltr'><strong>appropinquat</strong></span> <span class='ocrx_word' id='word_1_394' title='bbox 529 3594 633 3650; x_wconf 88' lang='lat' dir='ltr'><strong>Natalis</strong></span> <span class='ocrx_word' id='word_1_395' title='bbox 648 3591 765 3657; x_wconf 88' lang='lat' dir='ltr'><strong>Domini,</strong></span> <span class='ocrx_word' id='word_1_396' title='bbox 791 3590 893 3663; x_wconf 91' lang='lat' dir='ltr'><strong>implo-</strong></span> <span class='ocrx_word' id='word_1_397' title='bbox 947 3588 996 3645; x_wconf 90' lang='lat' dir='ltr'><strong>sed</strong></span> <span class='ocrx_word' id='word_1_398' title='bbox 1013 3588 1120 3645; x_wconf 89' lang='lat' dir='ltr'><strong>interim</strong></span> <span class='ocrx_word' id='word_1_399' title='bbox 1137 3588 1310 3661; x_wconf 74' lang='lat' dir='ltr'><strong>[interregis</strong></span> <span class='ocrx_word' id='word_1_400' title='bbox 1326 3588 1378 3645; x_wconf 88' lang='lat' dir='ltr'><strong>vita</strong></span> <span class='ocrx_word' id='word_1_401' title='bbox 1392 3590 1516 3665; x_wconf 79' lang='lat' dir='ltr'><strong>eruitur3</strong></span> <span class='ocrx_word' id='word_1_402' title='bbox 1539 3592 1586 3667; x_wconf 91' lang='lat' dir='ltr'><strong>qui</strong></span> <span class='ocrx_word' id='word_1_403' title='bbox 1608 3595 1665 3651; x_wconf 88' lang='lat' dir='ltr'><strong>Dec</strong></span> <span class='ocrx_word' id='word_1_404' title='bbox 1688 3596 1748 3653; x_wconf 88' lang='lat' dir='ltr'><strong>dis·</strong></span> 
     </span>
     <span class='ocr_line' id='line_1_33' title="bbox 88 3675 1748 3756; baseline -0.001 -15"><span class='ocrx_word' id='word_1_405' title='bbox 88 3686 279 3743; x_wconf 85' lang='lat' dir='ltr'><strong>remushodie</strong></span> <span class='ocrx_word' id='word_1_406' title='bbox 298 3684 428 3740; x_wconf 80' lang='lat' dir='ltr'><strong>currilium</strong></span> <span class='ocrx_word' id='word_1_407' title='bbox 452 3684 538 3739; x_wconf 89' lang='lat' dir='ltr'><strong>saneti</strong></span> <span class='ocrx_word' id='word_1_408' title='bbox 564 3684 675 3738; x_wconf 83' lang='lat' dir='ltr'><strong>Thomae</strong></span> <span class='ocrx_word' id='word_1_409' title='bbox 701 3679 829 3753; x_wconf 88' lang='lat' dir='ltr'><strong>apostoli,</strong></span> <span class='ocrx_word' id='word_1_410' title='bbox 859 3684 890 3733; x_wconf 89' lang='lat' dir='ltr'><strong>ut</strong></span> <span class='ocrx_word' id='word_1_411' title='bbox 947 3684 1066 3749; x_wconf 82' lang='lat' dir='ltr'><strong>ponerrte</strong></span> <span class='ocrx_word' id='word_1_412' title='bbox 1081 3675 1115 3732; x_wconf 87' lang='lat' dir='ltr'><strong>ad</strong></span> <span class='ocrx_word' id='word_1_413' title='bbox 1133 3677 1213 3731; x_wconf 81' lang='lat' dir='ltr'><strong>uitam</strong></span> <span class='ocrx_word' id='word_1_414' title='bbox 1236 3678 1327 3745; x_wconf 80' lang='lat' dir='ltr'><strong>rediit,</strong></span> <span class='ocrx_word' id='word_1_415' title='bbox 1353 3676 1431 3734; x_wconf 79' lang='lat' dir='ltr'><strong>fratri</strong></span> <span class='ocrx_word' id='word_1_416' title='bbox 1455 3680 1645 3739; x_wconf 68' lang='lat' dir='ltr'><strong>inaestimabile</strong></span> <span class='ocrx_word' id='word_1_417' title='bbox 1671 3685 1748 3756; x_wconf 91' lang='lat' dir='ltr'><strong>pala·</strong></span> 
     </span>
     <span class='ocr_line' id='line_1_34' title="bbox 90 3766 1792 3845; baseline 0.001 -17"><span class='ocrx_word' id='word_1_418' title='bbox 90 3775 131 3831; x_wconf 92' lang='lat' dir='ltr'><strong>sie</strong></span> <span class='ocrx_word' id='word_1_419' title='bbox 146 3775 283 3832; x_wconf 88' lang='lat' dir='ltr'><strong>Christum</strong></span> <span class='ocrx_word' id='word_1_420' title='bbox 298 3774 466 3845; x_wconf 87' lang='lat' dir='ltr'><strong>excipiamus</strong></span> <span class='ocrx_word' id='word_1_421' title='bbox 481 3774 507 3827; x_wconf 91' lang='lat' dir='ltr'><strong>iu</strong></span> <span class='ocrx_word' id='word_1_422' title='bbox 535 3772 695 3843; x_wconf 87' lang='lat' dir='ltr'><strong>peccatricis</strong></span> <span class='ocrx_word' id='word_1_423' title='bbox 721 3768 811 3825; x_wconf 88' lang='lat' dir='ltr'><strong>cordis</strong></span> <span class='ocrx_word' id='word_1_424' title='bbox 838 3783 890 3823; x_wconf 90' lang='lat' dir='ltr'><strong>no·</strong></span> <span class='ocrx_word' id='word_1_425' title='bbox 945 3766 1162 3822; x_wconf 88' lang='lat' dir='ltr'><strong>ciumaThcma</strong></span> <span class='ocrx_word' id='word_1_426' title='bbox 1181 3774 1369 3822; x_wconf 88' lang='lat' dir='ltr'><strong>constructum</strong></span> <span class='ocrx_word' id='word_1_427' title='bbox 1393 3767 1420 3821; x_wconf 91' lang='lat' dir='ltr'><strong>in</strong></span> <span class='ocrx_word' id='word_1_428' title='bbox 1448 3767 1525 3825; x_wconf 85' lang='lat' dir='ltr'><strong>coelis</strong></span> <span class='ocrx_word' id='word_1_429' title='bbox 1554 3770 1657 3827; x_wconf 90' lang='lat' dir='ltr'><strong>retulit.</strong></span> <span class='ocrx_word' id='word_1_430' title='bbox 1691 3774 1748 3830; x_wconf 81' lang='lat' dir='ltr'><strong>Rex</strong></span> <span class='ocrx_word' id='word_1_431' title='bbox 1787 3828 1792 3844; x_wconf 82' lang='grc'><em>,</em></span> 
     </span>
     <span class='ocr_line' id='line_1_35' title="bbox 92 3852 1744 3931; baseline 0.003 -19"><span class='ocrx_word' id='word_1_432' title='bbox 92 3859 141 3912; x_wconf 87' lang='lat' dir='ltr'><strong>stri</strong></span> <span class='ocrx_word' id='word_1_433' title='bbox 169 3858 334 3924; x_wconf 88' lang='lat' dir='ltr'><strong>habitacula,</strong></span> <span class='ocrx_word' id='word_1_434' title='bbox 360 3865 495 3927; x_wconf 79' lang='lat' dir='ltr'><strong>quatenus</strong></span> <span class='ocrx_word' id='word_1_435' title='bbox 523 3854 575 3926; x_wconf 83' lang='lat' dir='ltr'><strong>ipsi</strong></span> <span class='ocrx_word' id='word_1_436' title='bbox 603 3855 767 3927; x_wconf 87' lang='lat' dir='ltr'><strong>quaudoque</strong></span> <span class='ocrx_word' id='word_1_437' title='bbox 794 3853 829 3908; x_wconf 90' lang='lat' dir='ltr'><strong>ab</strong></span> <span class='ocrx_word' id='word_1_438' title='bbox 857 3868 891 3907; x_wconf 90' lang='lat' dir='ltr'><strong>eo</strong></span> <span class='ocrx_word' id='word_1_439' title='bbox 946 3852 1499 3927; x_wconf 88' lang='lat' dir='ltr'><strong>autemcumfratrecmuiquepopulca</strong></span> <span class='ocrx_word' id='word_1_440' title='bbox 1522 3858 1626 3914; x_wconf 84' lang='lat' dir='ltr'><strong>Thomu</strong></span> <span class='ocrx_word' id='word_1_441' title='bbox 1656 3860 1744 3931; x_wconf 87' lang='lat' dir='ltr'><strong>bapti-</strong></span> 
     </span>
     <span class='ocr_line' id='line_1_36' title="bbox 87 3941 1745 4019; baseline 0.002 -18"><span class='ocrx_word' id='word_1_442' title='bbox 87 3945 253 4018; x_wconf 86' lang='lat' dir='ltr'><strong>excipiamur</strong></span> <span class='ocrx_word' id='word_1_443' title='bbox 270 3946 412 4001; x_wconf 82' lang='lat' dir='ltr'><strong>iuaeterua</strong></span> <span class='ocrx_word' id='word_1_444' title='bbox 432 3942 624 3998; x_wconf 88' lang='lat' dir='ltr'><strong>tabernacula.</strong></span> <span class='ocrx_word' id='word_1_445' title='bbox 653 3942 705 3997; x_wconf 87' lang='lat' dir='ltr'><strong>Hic</strong></span> <span class='ocrx_word' id='word_1_446' title='bbox 733 3941 803 3995; x_wconf 90' lang='lat' dir='ltr'><strong>latus</strong></span> <span class='ocrx_word' id='word_1_447' title='bbox 832 3942 892 3995; x_wconf 92' lang='lat' dir='ltr'><strong>Do-</strong></span> <span class='ocrx_word' id='word_1_448' title='bbox 946 3949 1039 4009; x_wconf 86' lang='lat' dir='ltr'><strong>zatur;</strong></span> <span class='ocrx_word' id='word_1_449' title='bbox 1056 3941 1115 4013; x_wconf 89' lang='lat' dir='ltr'><strong>ipse</strong></span> <span class='ocrx_word' id='word_1_450' title='bbox 1143 3957 1209 3997; x_wconf 84' lang='lat' dir='ltr'><strong>vero</strong></span> <span class='ocrx_word' id='word_1_451' title='bbox 1233 3943 1373 4013; x_wconf 89' lang='lat' dir='ltr'><strong>apostolus</strong></span> <span class='ocrx_word' id='word_1_452' title='bbox 1393 3944 1530 4001; x_wconf 86' lang='lat' dir='ltr'><strong>Christum</strong></span> <span class='ocrx_word' id='word_1_453' title='bbox 1554 3947 1745 4019; x_wconf 86' lang='lat' dir='ltr'><strong>praedicausa</strong></span> 
     </span>
     <span class='ocr_line' id='line_1_37' title="bbox 87 4029 1746 4109; baseline 0.002 -20"><span class='ocrx_word' id='word_1_454' title='bbox 87 4035 157 4089; x_wconf 89' lang='lat' dir='ltr'><strong>ruini</strong></span> <span class='ocrx_word' id='word_1_455' title='bbox 171 4033 343 4106; x_wconf 75' lang='lat' dir='ltr'><strong>resurgentis</strong></span> <span class='ocrx_word' id='word_1_456' title='bbox 356 4032 478 4105; x_wconf 90' lang='lat' dir='ltr'><strong>palpavit</strong></span> <span class='ocrx_word' id='word_1_457' title='bbox 491 4040 520 4087; x_wconf 89' lang='lat' dir='ltr'><strong>et</strong></span> <span class='ocrx_word' id='word_1_458' title='bbox 533 4048 595 4087; x_wconf 89' lang='lat' dir='ltr'><strong>eum</strong></span> <span class='ocrx_word' id='word_1_459' title='bbox 614 4030 694 4086; x_wconf 89' lang='lat' dir='ltr'><strong>uobis</strong></span> <span class='ocrx_word' id='word_1_460' title='bbox 709 4030 736 4085; x_wconf 92' lang='lat' dir='ltr'><strong>in</strong></span> <span class='ocrx_word' id='word_1_461' title='bbox 751 4046 816 4086; x_wconf 86' lang='lat' dir='ltr'><strong>vera</strong></span> <span class='ocrx_word' id='word_1_462' title='bbox 835 4029 890 4085; x_wconf 81' lang='lat' dir='ltr'><strong>lide</strong></span> <span class='ocrx_word' id='word_1_463' title='bbox 946 4030 1337 4101; x_wconf 88' lang='lat' dir='ltr'><strong>pontiliooidclorumlaucea</strong></span> <span class='ocrx_word' id='word_1_464' title='bbox 1360 4032 1527 4103; x_wconf 80' lang='lat' dir='ltr'><strong>perforatur,</strong></span> <span class='ocrx_word' id='word_1_465' title='bbox 1558 4035 1653 4109; x_wconf 84' lang='lat' dir='ltr'><strong>sicque</strong></span> <span class='ocrx_word' id='word_1_466' title='bbox 1682 4036 1746 4093; x_wconf 77' lang='lat' dir='ltr'><strong>ritae</strong></span> 
     </span>
     <span class='ocr_line' id='line_1_38' title="bbox 87 4118 1745 4197; baseline 0.003 -20"><span class='ocrx_word' id='word_1_467' title='bbox 87 4122 272 4179; x_wconf 76' lang='lat' dir='ltr'><strong>resurrexisse</strong></span> <span class='ocrx_word' id='word_1_468' title='bbox 287 4121 454 4178; x_wconf 88' lang='lat' dir='ltr'><strong>testillcarit.</strong></span> <span class='ocrx_word' id='word_1_469' title='bbox 474 4121 504 4175; x_wconf 92' lang='lat' dir='ltr'><strong>ln</strong></span> <span class='ocrx_word' id='word_1_470' title='bbox 520 4121 597 4175; x_wconf 89' lang='lat' dir='ltr'><strong>ludia</strong></span> <span class='ocrx_word' id='word_1_471' title='bbox 619 4120 732 4174; x_wconf 90' lang='lat' dir='ltr'><strong>verbum</strong></span> <span class='ocrx_word' id='word_1_472' title='bbox 756 4119 805 4173; x_wconf 88' lang='lat' dir='ltr'><strong>Dei</strong></span> <span class='ocrx_word' id='word_1_473' title='bbox 831 4119 891 4174; x_wconf 88' lang='lat' dir='ltr'><strong>dis·</strong></span> <span class='ocrx_word' id='word_1_474' title='bbox 947 4118 1053 4175; x_wconf 89' lang='lat' dir='ltr'><strong>senatui</strong></span> <span class='ocrx_word' id='word_1_475' title='bbox 1068 4118 1208 4175; x_wconf 86' lang='lat' dir='ltr'><strong>laureatus</strong></span> <span class='ocrx_word' id='word_1_476' title='bbox 1228 4120 1385 4191; x_wconf 86' lang='lat' dir='ltr'><strong>copulatur.</strong></span> <span class='ocrx_word' id='word_1_477' title='bbox 1409 4122 1487 4178; x_wconf 90' lang='lat' dir='ltr'><strong>Hunc</strong></span> <span class='ocrx_word' id='word_1_478' title='bbox 1512 4122 1588 4179; x_wconf 88' lang='lat' dir='ltr'><strong>orbis</strong></span> <span class='ocrx_word' id='word_1_479' title='bbox 1613 4124 1745 4197; x_wconf 83' lang='lat' dir='ltr'><strong>judicem,</strong></span> 
     </span>
     <span class='ocr_line' id='line_1_39' title="bbox 89 4206 1746 4284; baseline 0.001 -15"><span class='ocrx_word' id='word_1_480' title='bbox 89 4212 245 4277; x_wconf 88' lang='lat' dir='ltr'><strong>seminarit,</strong></span> <span class='ocrx_word' id='word_1_481' title='bbox 262 4210 348 4283; x_wconf 78' lang='lat' dir='ltr'><strong>signis</strong></span> <span class='ocrx_word' id='word_1_482' title='bbox 363 4218 390 4265; x_wconf 90' lang='lat' dir='ltr'><strong>et</strong></span> <span class='ocrx_word' id='word_1_483' title='bbox 408 4208 547 4265; x_wconf 90' lang='lat' dir='ltr'><strong>miraculis</strong></span> <span class='ocrx_word' id='word_1_484' title='bbox 570 4208 701 4281; x_wconf 90' lang='lat' dir='ltr'><strong>populum</strong></span> <span class='ocrx_word' id='word_1_485' title='bbox 728 4224 815 4281; x_wconf 78' lang='lat' dir='ltr'><strong>ragno</strong></span> <span class='ocrx_word' id='word_1_486' title='bbox 841 4208 891 4264; x_wconf 81' lang='lat' dir='ltr'><strong>Dei</strong></span> <span class='ocrx_word' id='word_1_487' title='bbox 944 4206 1093 4275; x_wconf 73' lang='lat' dir='ltr'><strong>karissimi,</strong></span> <span class='ocrx_word' id='word_1_488' title='bbox 1109 4208 1289 4279; x_wconf 75' lang='lat' dir='ltr'><strong>deprecemur</strong></span> <span class='ocrx_word' id='word_1_489' title='bbox 1303 4220 1329 4265; x_wconf 86' lang='lat' dir='ltr'><strong>ut</strong></span> <span class='ocrx_word' id='word_1_490' title='bbox 1353 4210 1380 4265; x_wconf 92' lang='lat' dir='ltr'><strong>iu</strong></span> <span class='ocrx_word' id='word_1_491' title='bbox 1405 4211 1522 4267; x_wconf 87' lang='lat' dir='ltr'><strong>adventu</strong></span> <span class='ocrx_word' id='word_1_492' title='bbox 1550 4214 1644 4269; x_wconf 75' lang='lat' dir='ltr'><strong>aeterni</strong></span> <span class='ocrx_word' id='word_1_493' title='bbox 1669 4214 1746 4284; x_wconf 83' lang='lat' dir='ltr'><strong>judi-</strong></span> 
     </span>
     <span class='ocr_line' id='line_1_40' title="bbox 88 4297 1747 4375; baseline 0.002 -18"><span class='ocrx_word' id='word_1_494' title='bbox 88 4301 254 4375; x_wconf 78' lang='lat' dir='ltr'><strong>assignavit.</strong></span> <span class='ocrx_word' id='word_1_495' title='bbox 269 4299 570 4370; x_wconf 77' lang='lat' dir='ltr'><strong>Quiarcgeacceptam</strong></span> <span class='ocrx_word' id='word_1_496' title='bbox 580 4297 712 4353; x_wconf 83' lang='lat' dir='ltr'><strong>inlinitum</strong></span> <span class='ocrx_word' id='word_1_497' title='bbox 730 4297 891 4369; x_wconf 84' lang='lat' dir='ltr'><strong>peccuniam</strong></span> <span class='ocrx_word' id='word_1_498' title='bbox 944 4299 985 4355; x_wconf 90' lang='lat' dir='ltr'><strong>cis</strong></span> <span class='ocrx_word' id='word_1_499' title='bbox 1001 4298 1137 4353; x_wconf 83' lang='lat' dir='ltr'><strong>salvemur</strong></span> <span class='ocrx_word' id='word_1_500' title='bbox 1151 4305 1283 4370; x_wconf 90' lang='lat' dir='ltr'><strong>quatenus</strong></span> <span class='ocrx_word' id='word_1_501' title='bbox 1299 4300 1344 4371; x_wconf 85' lang='lat' dir='ltr'><strong>qui</strong></span> <span class='ocrx_word' id='word_1_502' title='bbox 1359 4300 1494 4356; x_wconf 82' lang='lat' dir='ltr'><strong>credimus</strong></span> <span class='ocrx_word' id='word_1_503' title='bbox 1510 4318 1570 4373; x_wconf 85' lang='lat' dir='ltr'><strong>quae</strong></span> <span class='ocrx_word' id='word_1_504' title='bbox 1595 4319 1649 4359; x_wconf 91' lang='lat' dir='ltr'><strong>nou</strong></span> <span class='ocrx_word' id='word_1_505' title='bbox 1679 4304 1747 4361; x_wconf 87' lang='lat' dir='ltr'><strong>vidi·</strong></span> 
     </span>
     <span class='ocr_line' id='line_1_41' title="bbox 87 4386 1745 4461; baseline 0.002 -14"><span class='ocrx_word' id='word_1_506' title='bbox 87 4392 124 4447; x_wconf 90' lang='lat' dir='ltr'><strong>ad</strong></span> <span class='ocrx_word' id='word_1_507' title='bbox 140 4389 353 4447; x_wconf 86' lang='lat' dir='ltr'><strong>construendum</strong></span> <span class='ocrx_word' id='word_1_508' title='bbox 367 4386 501 4460; x_wconf 85' lang='lat' dir='ltr'><strong>palacium</strong></span> <span class='ocrx_word' id='word_1_509' title='bbox 522 4386 661 4442; x_wconf 82' lang='lat' dir='ltr'><strong>distribuit</strong></span> <span class='ocrx_word' id='word_1_510' title='bbox 685 4387 772 4443; x_wconf 85' lang='lat' dir='ltr'><strong>turbis</strong></span> <span class='ocrx_word' id='word_1_511' title='bbox 802 4404 891 4460; x_wconf 76' lang='lat' dir='ltr'><strong>egen·</strong></span> <span class='ocrx_word' id='word_1_512' title='bbox 943 4404 1013 4453; x_wconf 88' lang='lat' dir='ltr'><strong>mus,</strong></span> <span class='ocrx_word' id='word_1_513' title='bbox 1031 4403 1080 4459; x_wconf 89' lang='lat' dir='ltr'><strong>per</strong></span> <span class='ocrx_word' id='word_1_514' title='bbox 1094 4388 1152 4457; x_wconf 83' lang='lat' dir='ltr'><strong>ejus</strong></span> <span class='ocrx_word' id='word_1_515' title='bbox 1165 4388 1258 4443; x_wconf 86' lang='lat' dir='ltr'><strong>merita</strong></span> <span class='ocrx_word' id='word_1_516' title='bbox 1273 4388 1300 4443; x_wconf 92' lang='lat' dir='ltr'><strong>iu</strong></span> <span class='ocrx_word' id='word_1_517' title='bbox 1319 4389 1424 4445; x_wconf 64' lang='lat' dir='ltr'><strong>curlesti</strong></span> <span class='ocrx_word' id='word_1_518' title='bbox 1448 4390 1553 4461; x_wconf 90' lang='lat' dir='ltr'><strong>palaeio</strong></span> <span class='ocrx_word' id='word_1_519' title='bbox 1580 4392 1654 4450; x_wconf 86' lang='lat' dir='ltr'><strong>beati</strong></span> <span class='ocrx_word' id='word_1_520' title='bbox 1681 4410 1745 4453; x_wconf 83' lang='lat' dir='ltr'><strong>esse</strong></span> 
     </span>
     <span class='ocr_line' id='line_1_42' title="bbox 85 4474 1276 4549; baseline -0.001 -16"><span class='ocrx_word' id='word_1_521' title='bbox 85 4479 165 4534; x_wconf 89' lang='lat' dir='ltr'><strong>tium.</strong></span> <span class='ocrx_word' id='word_1_522' title='bbox 184 4477 262 4535; x_wconf 87' lang='lat' dir='ltr'><strong>Dnde</strong></span> <span class='ocrx_word' id='word_1_523' title='bbox 276 4492 292 4532; x_wconf 90' lang='lat' dir='ltr'><strong>a</strong></span> <span class='ocrx_word' id='word_1_524' title='bbox 306 4492 373 4549; x_wconf 73' lang='lat' dir='ltr'><strong>rege</strong></span> <span class='ocrx_word' id='word_1_525' title='bbox 387 4476 601 4548; x_wconf 88' lang='lat' dir='ltr'><strong>comprehensus</strong></span> <span class='ocrx_word' id='word_1_526' title='bbox 614 4474 719 4533; x_wconf 89' lang='lat' dir='ltr'><strong>carceri</strong></span> <span class='ocrx_word' id='word_1_527' title='bbox 730 4475 891 4545; x_wconf 88' lang='lat' dir='ltr'><strong>includitur,</strong></span> <span class='ocrx_word' id='word_1_528' title='bbox 943 4476 1091 4549; x_wconf 90' lang='lat' dir='ltr'><strong>possimus,</strong></span> <span class='ocrx_word' id='word_1_529' title='bbox 1109 4476 1154 4532; x_wconf 90' lang='lat' dir='ltr'><strong>ubi</strong></span> <span class='ocrx_word' id='word_1_530' title='bbox 1170 4476 1276 4532; x_wconf 90' lang='lat' dir='ltr'><strong>oculus.</strong></span> 
     </span>
    </p>
   </div>
   <div class='ocr_carea' id='block_1_9' title="bbox 454 4764 1455 4867">
    <p class='ocr_par' dir='ltr' id='par_1_10' title="bbox 454 4764 1455 4867">
     <span class='ocr_line' id='line_1_43' title="bbox 454 4764 1455 4867; baseline 0.007 -6"><span class='ocrx_word' id='word_1_531' title='bbox 454 4782 717 4861; x_wconf 72' lang='lat' dir='ltr'><strong>nouimus</strong></span> <span class='ocrx_word' id='word_1_532' title='bbox 744 4785 759 4857; x_wconf 90' lang='lat'><em>1</em></span> <span class='ocrx_word' id='word_1_533' title='bbox 789 4784 928 4863; x_wconf 82' lang='lat' dir='ltr'><strong>rosr</strong></span> <span class='ocrx_word' id='word_1_534' title='bbox 955 4788 1371 4867; x_wconf 78' lang='lat' dir='ltr'><strong>reurecosrau.</strong></span> <span class='ocrx_word' id='word_1_535' title='bbox 1454 4764 1455 4767; x_wconf 62' lang='lat'>‘</span> 
     </span>
    </p>
   </div>
   <div class='ocr_carea' id='block_1_10' title="bbox 87 4968 1746 5855">
    <p class='ocr_par' dir='ltr' id='par_1_11' title="bbox 87 4968 1746 5855">
     <span class='ocr_line' id='line_1_44' title="bbox 127 4968 1745 5041; baseline 0.002 -11"><span class='ocrx_word' id='word_1_536' title='bbox 127 4973 211 5031; x_wconf 78' lang='lat' dir='ltr'><strong>nettt</strong></span> <span class='ocrx_word' id='word_1_537' title='bbox 225 4972 344 5029; x_wconf 83' lang='lat' dir='ltr'><strong>dicunt:</strong></span> <span class='ocrx_word' id='word_1_538' title='bbox 360 4970 427 5040; x_wconf 81' lang='lat' dir='ltr'><strong>Quis</strong></span> <span class='ocrx_word' id='word_1_539' title='bbox 442 4968 567 5025; x_wconf 77' lang='lat' dir='ltr'><strong>ostendit</strong></span> <span class='ocrx_word' id='word_1_540' title='bbox 586 4968 664 5025; x_wconf 71' lang='lat' dir='ltr'><strong>nobb</strong></span> <span class='ocrx_word' id='word_1_541' title='bbox 681 4968 775 5024; x_wconf 82' lang='lat' dir='ltr'><strong>lonc?</strong></span> <span class='ocrx_word' id='word_1_542' title='bbox 793 4968 886 5035; x_wconf 80' lang='lat' dir='ltr'><strong>(Ptol.</strong></span> <span class='ocrx_word' id='word_1_543' title='bbox 905 4970 932 5031; x_wconf 89' lang='lat' dir='ltr'><strong>D</strong></span> <span class='ocrx_word' id='word_1_544' title='bbox 947 4975 1045 5039; x_wconf 72' lang='lat' dir='ltr'><strong>gregat</strong></span> <span class='ocrx_word' id='word_1_545' title='bbox 1057 4982 1064 5039; x_wconf 89' lang='lat'>;</span> <span class='ocrx_word' id='word_1_546' title='bbox 1078 4974 1104 5025; x_wconf 87' lang='lat' dir='ltr'><strong>et</strong></span> <span class='ocrx_word' id='word_1_547' title='bbox 1118 4984 1177 5024; x_wconf 89' lang='lat' dir='ltr'><strong>cum</strong></span> <span class='ocrx_word' id='word_1_548' title='bbox 1193 4982 1209 5023; x_wconf 90' lang='lat' dir='ltr'><strong>a</strong></span> <span class='ocrx_word' id='word_1_549' title='bbox 1223 4984 1309 5041; x_wconf 79' lang='lat' dir='ltr'><strong>regno</strong></span> <span class='ocrx_word' id='word_1_550' title='bbox 1334 4970 1383 5027; x_wconf 92' lang='lat' dir='ltr'><strong>Dei</strong></span> <span class='ocrx_word' id='word_1_551' title='bbox 1412 4970 1601 5039; x_wconf 85' lang='lat' dir='ltr'><strong>excludantur,</strong></span> <span class='ocrx_word' id='word_1_552' title='bbox 1631 4990 1745 5033; x_wconf 89' lang='lat' dir='ltr'><strong>necesse</strong></span> 
     </span>
     <span class='ocr_line' id='line_1_45' title="bbox 87 5054 1744 5134; baseline 0.001 -13"><span class='ocrx_word' id='word_1_553' title='bbox 87 5064 144 5134; x_wconf 85' lang='grc' dir='ltr'>ιν.)</span> <span class='ocrx_word' id='word_1_554' title='bbox 160 5062 275 5126; x_wconf 78' lang='lat' dir='ltr'><strong>herere,</strong></span> <span class='ocrx_word' id='word_1_555' title='bbox 291 5057 440 5125; x_wconf 83' lang='lat' dir='ltr'><strong>karissimi,</strong></span> <span class='ocrx_word' id='word_1_556' title='bbox 455 5056 533 5113; x_wconf 76' lang='lat' dir='ltr'><strong>mariti</strong></span> <span class='ocrx_word' id='word_1_557' title='bbox 548 5056 631 5113; x_wconf 91' lang='lat' dir='ltr'><strong>verba</strong></span> <span class='ocrx_word' id='word_1_558' title='bbox 654 5056 704 5112; x_wconf 88' lang='lat' dir='ltr'><strong>Dei</strong></span> <span class='ocrx_word' id='word_1_559' title='bbox 725 5054 820 5113; x_wconf 87' lang='lat' dir='ltr'><strong>audire</strong></span> <span class='ocrx_word' id='word_1_560' title='bbox 840 5071 891 5113; x_wconf 90' lang='lat' dir='ltr'><strong>cu·</strong></span> <span class='ocrx_word' id='word_1_561' title='bbox 946 5062 988 5111; x_wconf 88' lang='lat' dir='ltr'><strong>est</strong></span> <span class='ocrx_word' id='word_1_562' title='bbox 1002 5072 1053 5127; x_wconf 86' lang='lat' dir='ltr'><strong>per</strong></span> <span class='ocrx_word' id='word_1_563' title='bbox 1066 5057 1157 5112; x_wconf 88' lang='lat' dir='ltr'><strong>omnia</strong></span> <span class='ocrx_word' id='word_1_564' title='bbox 1170 5064 1197 5111; x_wconf 91' lang='lat' dir='ltr'><strong>ut</strong></span> <span class='ocrx_word' id='word_1_565' title='bbox 1213 5064 1329 5113; x_wconf 85' lang='lat' dir='ltr'><strong>tartareo</strong></span> <span class='ocrx_word' id='word_1_566' title='bbox 1344 5060 1447 5117; x_wconf 83' lang='lat' dir='ltr'><strong>carceri</strong></span> <span class='ocrx_word' id='word_1_567' title='bbox 1468 5076 1529 5117; x_wconf 81' lang='lat' dir='ltr'><strong>ctum</strong></span> <span class='ocrx_word' id='word_1_568' title='bbox 1557 5062 1667 5121; x_wconf 89' lang='lat' dir='ltr'><strong>diabolo</strong></span> <span class='ocrx_word' id='word_1_569' title='bbox 1691 5080 1744 5122; x_wconf 86' lang='lat' dir='ltr'><strong>au-</strong></span> 
     </span>
     <span class='ocr_line' id='line_1_46' title="bbox 89 5143 1746 5226; baseline 0.001 -18"><span class='ocrx_word' id='word_1_570' title='bbox 89 5156 181 5226; x_wconf 91' lang='lat' dir='ltr'><strong>piuut,</strong></span> <span class='ocrx_word' id='word_1_571' title='bbox 210 5150 260 5207; x_wconf 87' lang='lat' dir='ltr'><strong>sed</strong></span> <span class='ocrx_word' id='word_1_572' title='bbox 288 5150 357 5206; x_wconf 84' lang='lat' dir='ltr'><strong>haul</strong></span> <span class='ocrx_word' id='word_1_573' title='bbox 384 5146 431 5221; x_wconf 87' lang='lat' dir='ltr'><strong>qui</strong></span> <span class='ocrx_word' id='word_1_574' title='bbox 457 5146 549 5203; x_wconf 89' lang='lat' dir='ltr'><strong>dicant</strong></span> <span class='ocrx_word' id='word_1_575' title='bbox 576 5144 658 5217; x_wconf 89' lang='lat' dir='ltr'><strong>pauci</strong></span> <span class='ocrx_word' id='word_1_576' title='bbox 685 5152 766 5209; x_wconf 88' lang='lat' dir='ltr'><strong>sunt;</strong></span> <span class='ocrx_word' id='word_1_577' title='bbox 795 5144 890 5213; x_wconf 91' lang='lat' dir='ltr'><strong>immo,</strong></span> <span class='ocrx_word' id='word_1_578' title='bbox 946 5152 1022 5201; x_wconf 88' lang='lat' dir='ltr'><strong>ctore</strong></span> <span class='ocrx_word' id='word_1_579' title='bbox 1038 5143 1070 5212; x_wconf 75' lang='lat' dir='ltr'><strong>(D</strong></span> <span class='ocrx_word' id='word_1_580' title='bbox 1085 5147 1136 5202; x_wconf 77' lang='lat' dir='ltr'><strong>tac</strong></span> <span class='ocrx_word' id='word_1_581' title='bbox 1152 5145 1192 5217; x_wconf 58' lang='grc' dir='ltr'><strong>ιθ)</strong></span> <span class='ocrx_word' id='word_1_582' title='bbox 1206 5145 1344 5203; x_wconf 82' lang='lat' dir='ltr'><strong>indiridiae</strong></span> <span class='ocrx_word' id='word_1_583' title='bbox 1358 5146 1409 5219; x_wconf 89' lang='lat' dir='ltr'><strong>ipsi</strong></span> <span class='ocrx_word' id='word_1_584' title='bbox 1420 5148 1505 5205; x_wconf 88' lang='lat' dir='ltr'><strong>invidi</strong></span> <span class='ocrx_word' id='word_1_585' title='bbox 1516 5148 1700 5210; x_wconf 86' lang='lat' dir='ltr'><strong>includantur.</strong></span> <span class='ocrx_word' id='word_1_586' title='bbox 1716 5154 1746 5211; x_wconf 90' lang='lat' dir='ltr'><strong>Si</strong></span> 
     </span>
     <span class='ocr_line' id='line_1_47' title="bbox 90 5232 1745 5315; baseline 0.001 -19"><span class='ocrx_word' id='word_1_587' title='bbox 90 5242 168 5315; x_wconf 78' lang='lat' dir='ltr'><strong>qtuod</strong></span> <span class='ocrx_word' id='word_1_588' title='bbox 182 5240 295 5313; x_wconf 75' lang='lat' dir='ltr'><strong>grarim</strong></span> <span class='ocrx_word' id='word_1_589' title='bbox 310 5245 361 5306; x_wconf 86' lang='lat' dir='ltr'><strong>est,</strong></span> <span class='ocrx_word' id='word_1_590' title='bbox 378 5235 501 5308; x_wconf 82' lang='lat' dir='ltr'><strong>plerique</strong></span> <span class='ocrx_word' id='word_1_591' title='bbox 517 5233 562 5306; x_wconf 89' lang='lat' dir='ltr'><strong>qui</strong></span> <span class='ocrx_word' id='word_1_592' title='bbox 577 5234 642 5307; x_wconf 85' lang='lat' dir='ltr'><strong>[dcl.</strong></span> <span class='ocrx_word' id='word_1_593' title='bbox 659 5232 715 5306; x_wconf 85' lang='lat' dir='ltr'><strong>qui]</strong></span> <span class='ocrx_word' id='word_1_594' title='bbox 739 5234 804 5288; x_wconf 90' lang='lat' dir='ltr'><strong>dum</strong></span> <span class='ocrx_word' id='word_1_595' title='bbox 827 5251 892 5291; x_wconf 86' lang='lat' dir='ltr'><strong>rer·</strong></span> <span class='ocrx_word' id='word_1_596' title='bbox 947 5233 1025 5289; x_wconf 88' lang='lat' dir='ltr'><strong>nulla</strong></span> <span class='ocrx_word' id='word_1_597' title='bbox 1054 5232 1194 5306; x_wconf 89' lang='lat' dir='ltr'><strong>Scriptura</strong></span> <span class='ocrx_word' id='word_1_598' title='bbox 1222 5241 1294 5291; x_wconf 80' lang='lat' dir='ltr'><strong>esset</strong></span> <span class='ocrx_word' id='word_1_599' title='bbox 1310 5235 1362 5289; x_wconf 90' lang='lat' dir='ltr'><strong>uisi</strong></span> <span class='ocrx_word' id='word_1_600' title='bbox 1387 5236 1548 5293; x_wconf 87' lang='lat' dir='ltr'><strong>hodiernum</strong></span> <span class='ocrx_word' id='word_1_601' title='bbox 1563 5240 1745 5315; x_wconf 77' lang='lat' dir='ltr'><strong>evangelium,</strong></span> 
     </span>
     <span class='ocr_line' id='line_1_48' title="bbox 91 5320 1745 5400; baseline -0.001 -14"><span class='ocrx_word' id='word_1_602' title='bbox 91 5332 161 5386; x_wconf 91' lang='lat' dir='ltr'><strong>bum</strong></span> <span class='ocrx_word' id='word_1_603' title='bbox 175 5330 237 5387; x_wconf 84' lang='lat' dir='ltr'><strong>ritae</strong></span> <span class='ocrx_word' id='word_1_604' title='bbox 251 5328 376 5400; x_wconf 88' lang='lat' dir='ltr'><strong>prolerre</strong></span> <span class='ocrx_word' id='word_1_605' title='bbox 396 5323 490 5381; x_wconf 90' lang='lat' dir='ltr'><strong>nolunt</strong></span> <span class='ocrx_word' id='word_1_606' title='bbox 514 5331 560 5378; x_wconf 90' lang='lat' dir='ltr'><strong>aut</strong></span> <span class='ocrx_word' id='word_1_607' title='bbox 586 5322 720 5385; x_wconf 89' lang='lat' dir='ltr'><strong>nesciunt,</strong></span> <span class='ocrx_word' id='word_1_608' title='bbox 746 5323 819 5378; x_wconf 87' lang='lat' dir='ltr'><strong>odiis</strong></span> <span class='ocrx_word' id='word_1_609' title='bbox 845 5340 893 5380; x_wconf 92' lang='lat' dir='ltr'><strong>eos</strong></span> <span class='ocrx_word' id='word_1_610' title='bbox 947 5320 1085 5379; x_wconf 79' lang='lat' dir='ltr'><strong>sufficeret</strong></span> <span class='ocrx_word' id='word_1_611' title='bbox 1100 5320 1225 5378; x_wconf 86' lang='lat' dir='ltr'><strong>fidelibus</strong></span> <span class='ocrx_word' id='word_1_612' title='bbox 1241 5322 1276 5379; x_wconf 91' lang='lat' dir='ltr'><strong>ad</strong></span> <span class='ocrx_word' id='word_1_613' title='bbox 1291 5320 1351 5379; x_wconf 87' lang='lat' dir='ltr'><strong>vitae</strong></span> <span class='ocrx_word' id='word_1_614' title='bbox 1366 5324 1537 5397; x_wconf 87' lang='lat' dir='ltr'><strong>exemplum.</strong></span> <span class='ocrx_word' id='word_1_615' title='bbox 1555 5327 1649 5384; x_wconf 78' lang='lat' dir='ltr'><strong>Refert</strong></span> <span class='ocrx_word' id='word_1_616' title='bbox 1665 5344 1745 5385; x_wconf 87' lang='lat' dir='ltr'><strong>naur-</strong></span> 
     </span>
     <span class='ocr_line' id='line_1_49' title="bbox 91 5411 1744 5493; baseline 0.001 -18"><span class='ocrx_word' id='word_1_617' title='bbox 91 5427 273 5493; x_wconf 86' lang='lat' dir='ltr'><strong>pcrsecuntur</strong></span> <span class='ocrx_word' id='word_1_618' title='bbox 295 5415 342 5489; x_wconf 91' lang='lat' dir='ltr'><strong>qui</strong></span> <span class='ocrx_word' id='word_1_619' title='bbox 366 5416 441 5470; x_wconf 90' lang='lat' dir='ltr'><strong>baua</strong></span> <span class='ocrx_word' id='word_1_620' title='bbox 463 5413 557 5470; x_wconf 88' lang='lat' dir='ltr'><strong>dicunt</strong></span> <span class='ocrx_word' id='word_1_621' title='bbox 584 5412 627 5468; x_wconf 87' lang='lat' dir='ltr'><strong>rel</strong></span> <span class='ocrx_word' id='word_1_622' title='bbox 654 5411 764 5468; x_wconf 82' lang='lat' dir='ltr'><strong>iaciunt.</strong></span> <span class='ocrx_word' id='word_1_623' title='bbox 794 5411 842 5466; x_wconf 89' lang='lat' dir='ltr'><strong>Hii</strong></span> <span class='ocrx_word' id='word_1_624' title='bbox 866 5412 894 5466; x_wconf 91' lang='lat' dir='ltr'><strong>in</strong></span> <span class='ocrx_word' id='word_1_625' title='bbox 948 5427 1001 5483; x_wconf 88' lang='lat' dir='ltr'><strong>que</strong></span> <span class='ocrx_word' id='word_1_626' title='bbox 1017 5412 1151 5467; x_wconf 84' lang='lat' dir='ltr'><strong>Dominus</strong></span> <span class='ocrx_word' id='word_1_627' title='bbox 1168 5412 1241 5484; x_wconf 87' lang='lat' dir='ltr'><strong>quod</strong></span> <span class='ocrx_word' id='word_1_628' title='bbox 1256 5411 1369 5483; x_wconf 76' lang='lat' dir='ltr'><strong>urticam</strong></span> <span class='ocrx_word' id='word_1_629' title='bbox 1393 5414 1479 5470; x_wconf 90' lang='lat' dir='ltr'><strong>homo</strong></span> <span class='ocrx_word' id='word_1_630' title='bbox 1507 5417 1617 5491; x_wconf 79' lang='lat' dir='ltr'><strong>maguis</strong></span> <span class='ocrx_word' id='word_1_631' title='bbox 1638 5417 1744 5476; x_wconf 86' lang='lat' dir='ltr'><strong>diviciis</strong></span> 
     </span>
     <span class='ocr_line' id='line_1_50' title="bbox 91 5498 1746 5582; baseline 0 -17"><span class='ocrx_word' id='word_1_632' title='bbox 91 5517 201 5565; x_wconf 89' lang='lat' dir='ltr'><strong>tantum</strong></span> <span class='ocrx_word' id='word_1_633' title='bbox 214 5507 357 5563; x_wconf 88' lang='lat' dir='ltr'><strong>raritatem</strong></span> <span class='ocrx_word' id='word_1_634' title='bbox 373 5502 473 5559; x_wconf 90' lang='lat' dir='ltr'><strong>Christi</strong></span> <span class='ocrx_word' id='word_1_635' title='bbox 488 5501 697 5557; x_wconf 84' lang='lat' dir='ltr'><strong>abhominantur</strong></span> <span class='ocrx_word' id='word_1_636' title='bbox 720 5500 793 5574; x_wconf 89' lang='lat' dir='ltr'><strong>quod</strong></span> <span class='ocrx_word' id='word_1_637' title='bbox 812 5500 895 5557; x_wconf 88' lang='lat' dir='ltr'><strong>etiam</strong></span> <span class='ocrx_word' id='word_1_638' title='bbox 948 5498 1091 5564; x_wconf 82' lang='lat' dir='ltr'><strong>affluxerit,</strong></span> <span class='ocrx_word' id='word_1_639' title='bbox 1105 5498 1216 5556; x_wconf 86' lang='lat' dir='ltr'><strong>cottidie</strong></span> <span class='ocrx_word' id='word_1_640' title='bbox 1232 5500 1380 5556; x_wconf 89' lang='lat' dir='ltr'><strong>sollemnes</strong></span> <span class='ocrx_word' id='word_1_641' title='bbox 1395 5502 1490 5573; x_wconf 87' lang='lat' dir='ltr'><strong>epulas</strong></span> <span class='ocrx_word' id='word_1_642' title='bbox 1504 5504 1623 5574; x_wconf 88' lang='lat' dir='ltr'><strong>duxerit,</strong></span> <span class='ocrx_word' id='word_1_643' title='bbox 1634 5510 1746 5582; x_wconf 90' lang='lat' dir='ltr'><strong>pauperi</strong></span> 
     </span>
     <span class='ocr_line' id='line_1_51' title="bbox 92 5588 1746 5669; baseline 0 -14"><span class='ocrx_word' id='word_1_644' title='bbox 92 5598 131 5655; x_wconf 89' lang='lat' dir='ltr'><strong>de</strong></span> <span class='ocrx_word' id='word_1_645' title='bbox 146 5614 180 5655; x_wconf 90' lang='lat' dir='ltr'><strong>ec</strong></span> <span class='ocrx_word' id='word_1_646' title='bbox 193 5596 269 5669; x_wconf 89' lang='lat' dir='ltr'><strong>loqui</strong></span> <span class='ocrx_word' id='word_1_647' title='bbox 282 5592 375 5651; x_wconf 87' lang='lat' dir='ltr'><strong>audire</strong></span> <span class='ocrx_word' id='word_1_648' title='bbox 390 5590 592 5663; x_wconf 76' lang='lat' dir='ltr'><strong>dedignantur3</strong></span> <span class='ocrx_word' id='word_1_649' title='bbox 616 5598 643 5646; x_wconf 88' lang='lat' dir='ltr'><strong>et</strong></span> <span class='ocrx_word' id='word_1_650' title='bbox 670 5588 734 5663; x_wconf 87' lang='lat' dir='ltr'><strong>quia</strong></span> <span class='ocrx_word' id='word_1_651' title='bbox 760 5604 807 5646; x_wconf 87' lang='lat' dir='ltr'><strong>eos</strong></span> <span class='ocrx_word' id='word_1_652' title='bbox 833 5589 896 5646; x_wconf 84' lang='lat' dir='ltr'><strong>rilae</strong></span> <span class='ocrx_word' id='word_1_653' title='bbox 949 5588 1052 5645; x_wconf 82' lang='lat' dir='ltr'><strong>lazaro</strong></span> <span class='ocrx_word' id='word_1_654' title='bbox 1067 5588 1180 5660; x_wconf 88' lang='lat' dir='ltr'><strong>insuper</strong></span> <span class='ocrx_word' id='word_1_655' title='bbox 1193 5588 1321 5645; x_wconf 90' lang='lat' dir='ltr'><strong>ulceroso</strong></span> <span class='ocrx_word' id='word_1_656' title='bbox 1337 5588 1424 5646; x_wconf 90' lang='lat' dir='ltr'><strong>micas</strong></span> <span class='ocrx_word' id='word_1_657' title='bbox 1437 5590 1471 5647; x_wconf 91' lang='lat' dir='ltr'><strong>de</strong></span> <span class='ocrx_word' id='word_1_658' title='bbox 1493 5608 1586 5649; x_wconf 88' lang='lat' dir='ltr'><strong>mensa</strong></span> <span class='ocrx_word' id='word_1_659' title='bbox 1614 5598 1746 5655; x_wconf 88' lang='lat' dir='ltr'><strong>cadentes</strong></span> 
     </span>
     <span class='ocr_line' id='line_1_52' title="bbox 92 5675 1746 5757; baseline 0.002 -14"><span class='ocrx_word' id='word_1_660' title='bbox 92 5687 214 5743; x_wconf 87' lang='lat' dir='ltr'><strong>verbum</strong></span> <span class='ocrx_word' id='word_1_661' title='bbox 227 5684 340 5751; x_wconf 89' lang='lat' dir='ltr'><strong>cruciat,</strong></span> <span class='ocrx_word' id='word_1_662' title='bbox 355 5682 448 5753; x_wconf 85' lang='lat' dir='ltr'><strong>utique</strong></span> <span class='ocrx_word' id='word_1_663' title='bbox 470 5679 594 5737; x_wconf 78' lang='lat' dir='ltr'><strong>Verbum</strong></span> <span class='ocrx_word' id='word_1_664' title='bbox 621 5678 673 5734; x_wconf 88' lang='lat' dir='ltr'><strong>Dei</strong></span> <span class='ocrx_word' id='word_1_665' title='bbox 696 5679 820 5735; x_wconf 85' lang='lat' dir='ltr'><strong>Christus</strong></span> <span class='ocrx_word' id='word_1_666' title='bbox 847 5694 896 5734; x_wconf 88' lang='lat' dir='ltr'><strong>ecs</strong></span> <span class='ocrx_word' id='word_1_667' title='bbox 949 5675 1138 5751; x_wconf 75' lang='lat' dir='ltr'><strong>denegaverit.</strong></span> <span class='ocrx_word' id='word_1_668' title='bbox 1157 5676 1208 5747; x_wconf 88' lang='lat' dir='ltr'><strong>Qui</strong></span> <span class='ocrx_word' id='word_1_669' title='bbox 1224 5684 1346 5733; x_wconf 88' lang='lat' dir='ltr'><strong>mortuus</strong></span> <span class='ocrx_word' id='word_1_670' title='bbox 1359 5678 1467 5738; x_wconf 80' lang='lat' dir='ltr'><strong>inferno</strong></span> <span class='ocrx_word' id='word_1_671' title='bbox 1481 5682 1664 5757; x_wconf 87' lang='lat' dir='ltr'><strong>mancipatur.</strong></span> <span class='ocrx_word' id='word_1_672' title='bbox 1692 5688 1746 5747; x_wconf 86' lang='lat' dir='ltr'><strong>lu·</strong></span> 
     </span>
     <span class='ocr_line' id='line_1_53' title="bbox 92 5766 1746 5855; baseline 0.003 -23"><span class='ocrx_word' id='word_1_673' title='bbox 92 5784 231 5832; x_wconf 86' lang='lat' dir='ltr'><strong>tantuma</strong></span> <span class='ocrx_word' id='word_1_674' title='bbox 248 5787 333 5844; x_wconf 74' lang='lat' dir='ltr'><strong>regno</strong></span> <span class='ocrx_word' id='word_1_675' title='bbox 348 5784 398 5828; x_wconf 89' lang='lat' dir='ltr'><strong>suc</strong></span> <span class='ocrx_word' id='word_1_676' title='bbox 412 5774 542 5845; x_wconf 85' lang='lat' dir='ltr'><strong>qnantum</strong></span> <span class='ocrx_word' id='word_1_677' title='bbox 561 5768 689 5826; x_wconf 87' lang='lat' dir='ltr'><strong>tenebras</strong></span> <span class='ocrx_word' id='word_1_678' title='bbox 709 5784 726 5824; x_wconf 87' lang='lat' dir='ltr'><strong>a</strong></span> <span class='ocrx_word' id='word_1_679' title='bbox 751 5768 814 5827; x_wconf 85' lang='lat' dir='ltr'><strong>luce</strong></span> <span class='ocrx_word' id='word_1_680' title='bbox 839 5767 898 5825; x_wconf 90' lang='lat' dir='ltr'><strong>dis·</strong></span> <span class='ocrx_word' id='word_1_681' title='bbox 949 5782 1029 5823; x_wconf 77' lang='lat' dir='ltr'><strong>sarus</strong></span> <span class='ocrx_word' id='word_1_682' title='bbox 1043 5782 1110 5825; x_wconf 85' lang='lat' dir='ltr'><strong>raro</strong></span> <span class='ocrx_word' id='word_1_683' title='bbox 1123 5766 1151 5823; x_wconf 91' lang='lat' dir='ltr'><strong>in</strong></span> <span class='ocrx_word' id='word_1_684' title='bbox 1165 5766 1225 5822; x_wconf 75' lang='lat' dir='ltr'><strong>unu</strong></span> <span class='ocrx_word' id='word_1_685' title='bbox 1239 5768 1358 5827; x_wconf 77' lang='lat' dir='ltr'><strong>sumta</strong></span> <span class='ocrx_word' id='word_1_686' title='bbox 1379 5771 1539 5833; x_wconf 89' lang='lat' dir='ltr'><strong>collocatur.</strong></span> <span class='ocrx_word' id='word_1_687' title='bbox 1566 5775 1651 5837; x_wconf 81' lang='lat' dir='ltr'><strong>Diras</strong></span> <span class='ocrx_word' id='word_1_688' title='bbox 1678 5792 1746 5855; x_wconf 72' lang='lat' dir='ltr'><strong>crgo</strong></span> 
     </span>
    </p>
   </div>
   <div class='ocr_carea' id='block_1_11' title="bbox 0 0 1976 6067">
    <p class='ocr_par' dir='ltr' id='par_1_12' title="bbox 0 0 1976 6067">
     <span class='ocr_line' id='line_1_54' title="bbox 0 0 1976 6067; baseline 0 0"><span class='ocrx_word' id='word_1_689' title='bbox 0 0 1976 6067; x_wconf 95' lang='lat' dir='ltr'><strong> </strong></span> 
     </span>
    </p>
   </div>
  </div>
 </body>
</html>
