3942 6067
250 266 284 319 n
511 265 662 325 nononn
680 266 935 346 nocusronon.
960 266 1037 324 oar.
1058 219 1153 325 raas
1171 269 1192 323 r.
1213 298 1247 309 -
1266 268 1407 327 ornnsc.
1432 268 1478 325 ar
1496 268 1638 345 prsron.
1757 254 1784 270 ·“
1866 272 1900 327 ii

250 384 385 461 Apollinis
399 389 557 463 quesitum,
573 393 694 449 omnium
710 402 846 452 conventu
860 395 972 454 deornm
993 408 1046 463 ap·
1060 393 1307 463 Ap1·ehendimus;
1337 394 1489 464 actionibus
1516 395 1575 463 eius
1608 392 1768 450 enarrandis
1787 393 1901 451 iatimtae

249 480 411 550 probatum,
426 478 547 537 soluere.
576 482 605 537 ld
619 483 703 537 etiam
726 492 768 539 cst
791 483 912 556 gladium
936 498 1046 554 semper
1099 480 1200 553 lingue
1217 498 1273 538 non
1294 481 1439 540 sufficiunt.
1462 481 1535 552 Quid
1556 481 1584 537 in
1603 482 1694 553 ipsum
1714 490 1822 556 agatem
1843 500 1901 539 aon

249 582 364 636 acuere,
388 568 437 624 sed
456 586 593 642 uunquam
611 570 639 625 in
658 571 750 643 praelio
765 581 921 645 percutere.
947 571 1046 627 hlultos
1099 571 1220 642 potentia
1234 572 1353 645 agentis,
1365 572 1414 628 sed
1428 570 1576 643 permissio
1587 579 1630 628 est
1644 571 1772 627 volentis.
1784 572 1837 628 Ubi
1852 573 1899 639 sit,

248 665 341 713 tamen
355 673 455 714 nomen
469 658 594 731 magistri
618 660 670 715 sthi
689 670 869 734 usurpantes,
885 678 941 719 oon
955 660 1045 717 solum
1099 676 1184 731 supra
1196 660 1297 728 omnia,
1313 660 1384 716 intra
1397 662 1490 717 omnia
1504 669 1531 717 to
1544 677 1576 716 us
1590 668 1617 717 et
1630 660 1757 732 integer?
1770 660 1900 731 Quahter

246 747 299 803 hoc
313 762 407 818 agere,
424 746 566 803 sedetiam
581 748 1045 825 aliissicesseagendumJ'urantes
1097 748 1126 804 in
1149 749 1210 806 loco
1224 750 1273 817 sit,
1284 750 1336 823 qui
1353 750 1451 807 localis
1470 766 1526 807 non
1549 758 1604 807 est.
1629 751 1670 806 De
1694 760 1816 821 tempore
1831 765 1899 808 vero

247 836 453 908 cognoscimus;
471 836 537 892 nihil
552 838 653 909 quippe
668 838 702 896 de
723 840 894 913 philosophia
913 843 1041 912 scientes,
1096 837 1184 907 illius,
1200 838 1322 911 quiante
1335 855 1418 895 omne
1431 847 1540 911 tempus
1561 847 1616 895 est.
1642 838 1713 908 Quid
1735 839 1834 905 habet,
1851 840 1899 912 qui

246 924 349 997 aliquid
362 941 392 981 se
406 925 513 981 nescire
528 926 650 983 confiteri
664 928 871 999 erubescentes,
887 948 944 989 suae
958 933 1044 999 impe-
1097 928 1187 983 omnia
1205 929 1296 1001 palmo
1316 929 1455 995 continet,
1489 928 1581 984 nullus
1607 928 1731 1001 perfecte
1759 928 1899 1001 explicare

243 1014 312 1070 sitite
331 1012 456 1071 solatium
471 1023 633 1087 querentes,
650 1032 683 1073 aa
697 1035 758 1091 quar
781 1020 920 1087 nesciunt,
941 1022 1042 1079 nullius
1094 1026 1195 1088 potest.
1228 1019 1286 1076 Nec
1300 1033 1368 1092 ergo
1388 1018 1464 1075 illum
1482 1017 1594 1075 omnino
1614 1017 1791 1093 ignoramus,
1813 1034 1897 1091 quem

242 1102 367 1159 utilitatis
389 1103 480 1160 minus
495 1106 581 1162 cautis
597 1106 759 1178 praedicant.
779 1108 848 1177 Sed,
866 1110 944 1185 quia,
961 1120 989 1169 ut
1004 1112 1042 1167 ait
1095 1123 1157 1163 esse
1177 1108 1279 1165 scimus
1296 1126 1303 1165 :
1320 1124 1371 1164 nec
1389 1106 1512 1180 perlecta
1544 1106 1754 1181 cognoscimus,
1781 1108 1818 1164 de
1841 1124 1897 1180 quo

243 1192 385 1248 Terentius
402 1210 408 1247 z
425 1194 485 1249 Non
495 1198 538 1250 cst
552 1196 660 1251 mirum
670 1197 694 1253 si
701 1200 843 1255 narratrix
856 1198 1041 1273 impudenter

241 1280 303 1352 cpit
312 1280 380 1353 (at),
392 1280 557 1353 impudentia
571 1282 680 1339 illorum
695 1286 856 1359 postposite,
869 1288 904 1345 de
918 1290 1040 1361 philoso-

241 1365 307 1437 phia
329 1365 432 1437 aliquid
454 1366 546 1423 dicere
577 1369 783 1440 proposuimus,
808 1379 837 1427 ut
860 1372 1039 1445 diligentibus

240 1454 328 1526 ipsam
344 1470 394 1527 pro
408 1470 490 1526 posse
505 1464 599 1513 nostro
613 1457 804 1529 proficiamus;
820 1476 875 1517 non
890 1463 1040 1537 diligentes

235 1559 305 1611 uero
320 1542 356 1599 ad
370 1543 544 1616 diligentiam
564 1547 723 1606 excitemus.
745 1550 908 1622 incipientes
923 1552 1007 1626 igitur
1022 1570 1039 1611 a

242 1653 253 1685 ι
269 1631 359 1703 prima
373 1650 455 1689 causa
468 1650 561 1691 rerum
571 1637 640 1704 Deo,
653 1660 664 1687 s
676 1653 762 1713 usque
776 1640 811 1695 ad
823 1640 959 1697 hominem
971 1660 1036 1700 con·

238 1722 404 1778 tinnabimus
419 1730 569 1793 tractatum,
586 1724 621 1781 dc
636 1724 696 1797 ipso
711 1727 822 1785 homine
838 1730 923 1787 multa
937 1732 1038 1789 dicen·
1053 1746 1075 1803 Β

236 1817 288 1879 tes,
305 1812 372 1867 illud
386 1819 477 1867 autem
491 1813 653 1885 principium
670 1815 796 1873 dictionis
810 1828 958 1891 ponentes,
968 1832 997 1878 ut
1011 1826 1038 1881 si
1107 1868 1113 1881 .

236 1899 339 1973 aliquid
354 1900 382 1956 in
396 1900 448 1959 hoc
463 1918 546 1973 opere
560 1902 749 1975 imperfectum
764 1907 900 1979 rideatur,
910 1910 1037 1971 humanae

236 1988 436 2061 imperfectioni
455 1990 613 2064 deputetur;
629 2008 680 2050 nec
695 1994 772 2063 ideo,
788 1998 862 2069 quod
877 1997 905 2053 in
922 2015 954 2056 co
969 2002 1036 2059 utile

236 2080 297 2149 erit,
314 2079 494 2151 vituperetur.
518 2081 615 2153 Neque
636 2083 708 2139 enim
728 2094 842 2157 propter
863 2104 947 2144 unum
962 2091 1035 2148 male

235 2167 352 2235 dictum,
374 2170 447 2225 hona
467 2170 661 2241 vituperanda,
677 2172 748 2229 sicut
765 2190 816 2230 nec
835 2184 949 2248 propter
963 2179 1034 2237 bene

234 2256 352 2327 dictum,
376 2258 453 2313 mala
472 2257 619 2315 laudanda.
646 2259 817 2337 Quandoque
842 2264 914 2321 enim
937 2267 1034 2341 vigilat

233 2346 374 2403 Thersites
388 2356 415 2404 et
429 2346 527 2403 dormit
541 2349 665 2421 Ulyssos.

251 2452 340 2523 Atque
354 2452 431 2522 opert
444 2450 523 2523 tcnpo
537 2454 582 2521 sos
597 2456 640 2508 est
654 2454 784 2527 obrepere
793 2472 925 2515 somnum
941 2459 1012 2530 (62).

267 2548 309 2605 De
323 2546 497 2619 philosophia
510 2547 594 2619 igitur
607 2557 726 2609 tractare
740 2552 903 2627 incipientes
918 2556 983 2629 quid
994 2558 1031 2616 sit

230 2635 403 2711 philosophia
418 2637 550 2693 dicamus.

385 2726 451 2783 Car.
467 2726 489 2782 l.
504 2757 539 2768 -
556 2724 629 2796 Quid
643 2726 681 2781 sit
694 2724 887 2799 philosophie.

266 2815 442 2887 Philosophia
466 2822 507 2870 est
524 2830 618 2871 eorum
633 2828 693 2885 quae
707 2823 769 2869 sunt
790 2822 817 2871 et
832 2830 887 2871 non
906 2816 1031 2876 videntur

231 2913 259 2963 et
272 2920 368 2962 eorum
380 2918 440 2976 quae
455 2911 520 2959 sunt
534 2909 562 2959 et
575 2902 699 2957 ridentur
719 2918 786 2959 nera
807 2906 1027 2976 comprehensio.

253 3004 259 3013 '
320 3009 389 3064 Car.
409 3006 446 3062 ll.
465 3036 500 3047 —
514 3006 579 3075 anc
592 3009 661 3061 sunt
675 3009 703 3061 et
718 3022 776 3063 non
790 3005 938 3065 videnter.

1094 1196 1224 1268 predicta
1238 1196 1408 1271 ignoramus.

1094 1314 1160 1371 Gne.
1171 1315 1204 1370 V.
1212 1346 1247 1357 -
1258 1311 1363 1384 Quibus
1370 1314 1529 1372 rationibus
1536 1313 1827 1387 prohetnrqucdlieus
1837 1316 1889 1371 rit.

1128 1425 1163 1480 Et
1175 1424 1304 1498 quoniam
1318 1426 1437 1481 diximus
1451 1424 1478 1480 in
1491 1423 1543 1482 hac
1558 1424 1614 1480 vita
1628 1424 1692 1481 sciri
1707 1426 1796 1481 Deum
1811 1440 1893 1492 esse:

1091 1514 1213 1570 rationes
1227 1515 1327 1587 quibus
1336 1514 1420 1571 etiam
1433 1513 1583 1571 incredulis
1598 1515 1649 1570 hoc
1663 1514 1750 1585 possit
1760 1514 1887 1585 probari,

1090 1603 1265 1674 aperiamus:
1280 1604 1384 1661 scilicet
1398 1620 1449 1675 per
1462 1602 1557 1659 mundi
1569 1602 1745 1669 creationem,
1761 1610 1789 1658 et
1801 1602 1892 1675 quoti-

1091 1691 1199 1747 dianam
1217 1692 1436 1763 dispositionem.
1457 1691 1525 1747 Cum
1545 1690 1618 1747 euim
1640 1691 1758 1747 mundus
1774 1706 1808 1747 er
1821 1705 1892 1746 con-

1092 1781 1184 1836 trariis
1203 1779 1238 1836 sit
1261 1781 1404 1838 elementis
1423 1780 1518 1836 calidis
1535 1787 1563 1835 et
1581 1779 1707 1852 frigidis,
1724 1778 1844 1835 humidis
1865 1787 1894 1834 et

1091 1869 1189 1942 succis,
1205 1870 1249 1927 vel
1260 1878 1357 1926 natura
1371 1878 1511 1943 operante,
1527 1868 1571 1925 vel
1585 1885 1659 1937 casn
1676 1868 1719 1925 vel
1734 1868 1827 1941 aliquo
1841 1884 1890 1923 ar-

1091 1958 1176 2025 tifice,
1197 1958 1225 2013 in
1246 1959 1444 2030 compositione
1470 1958 1564 2013 mundi
1582 1958 1630 2014 ilia
1653 1959 1796 2029 conjuncta
1816 1966 1890 2025 sunt,

1090 2048 1142 2104 sed
1156 2047 1296 2120 proprium
1310 2057 1351 2104 est
1365 2054 1467 2104 naturae
1480 2063 1592 2118 semper
1600 2046 1764 2103 contrarium
1779 2044 1890 2119 fugere,

1088 2144 1116 2193 et
1129 2136 1218 2192 simile
1233 2144 1364 2209 appetere
1380 2154 1386 2193 :
1402 2152 1458 2193 non
1472 2152 1541 2209 ergo
1561 2143 1658 2191 natura
1678 2135 1815 2192 contraria
1828 2135 1890 2190 eie-

1087 2235 1180 2281 meuta
1192 2225 1345 2296 conjunxit.
1362 2226 1434 2283 Casu
1448 2241 1515 2282 sero
1529 2226 1675 2295 conjuncta
1690 2240 1746 2281 noo
1761 2230 1823 2279 sunt
1840 2240 1847 2277 ι
1863 2224 1890 2279 si

1087 2314 1161 2372 enim
1175 2330 1257 2372 casus
1275 2314 1407 2371 mundum
1423 2323 1552 2386 operatua
1568 2321 1656 2383 esset,
1671 2329 1755 2387 quare
1774 2313 1889 2368 domum

1086 2404 1132 2461 vel
1146 2404 1248 2477 aliquid
1263 2403 1328 2471 tale,
1340 2403 1412 2477 quod
1426 2403 1516 2461 lenius
1530 2410 1572 2459 est
1585 2419 1641 2459 aon
1650 2403 1775 2459 laceret?
1783 2402 1888 2457 lterum

1086 2494 1110 2549 si
1128 2510 1208 2550 casus
1227 2493 1358 2549 mundum
1377 2500 1506 2564 operatus
1528 2490 1644 2561 luisset,
1670 2490 1768 2564 aliquae
1794 2504 1888 2547 causae

1085 2582 1294 2656 precessissent
1313 2582 1460 2650 mundum,
1483 2596 1599 2653 quarum
1614 2595 1766 2638 concursus
1784 2595 1886 2651 opera·

1084 2681 1161 2729 retur
1174 2672 1264 2728 illum.
1282 2672 1332 2727 Est
1342 2670 1415 2727 enim
1429 2686 1522 2739 casus,
1536 2667 1692 2742 inopinatus
1703 2669 1742 2726 rai
1756 2676 1884 2737 eventus,

1083 2778 1117 2819 cx
1132 2762 1222 2819 causis
1237 2760 1446 2818 confluentibus.
1477 2760 1545 2815 Cum
1569 2775 1635 2830 ergo
1659 2759 1727 2815 nihll
1741 2765 1886 2830 praecesst

1083 2852 1215 2907 mnndum
1236 2858 1335 2921 praeter
1358 2848 1534 2918 Creatorem,
1559 2864 1626 2905 casn
1648 2864 1701 2905 non
1730 2854 1773 2904 est
1793 2846 1884 2903 tactus

1082 2940 1214 3004 mundus,
1244 2940 1327 3014 igitur
1350 2937 1441 3011 aliquo
1465 2936 1577 2995 artifice.
1604 2936 1709 2993 artilex
1732 2952 1799 2994 aero
1834 2937 1884 2995 ille

1084 3031 1167 3086 homo
1182 3044 1236 3088 nou
1252 3027 1311 3085 luit.
1327 3031 1397 3085 Ante
1413 3025 1487 3085 enim
1502 3028 1622 3083 mundus
1640 3036 1683 3083 est
1699 3025 1785 3085 lactus
1799 3042 1883 3100 qnam

266 3098 334 3157 Sunt
348 3103 375 3153 et
388 3110 445 3153 non
458 3094 584 3152 videntur
605 3095 788 3168 incorporalia
804 3113 812 3153 r
830 3096 932 3153 Sensus
954 3099 1029 3158 enim
1043 3096 1064 3155 G
1080 3120 1179 3184 homo;
1193 3134 1245 3175 neg
1260 3116 1377 3190 angelus
1389 3118 1509 3191 quidem,
1526 3132 1588 3174 gum
1602 3115 1694 3189 meg
1704 3132 1767 3173 ,um
1777 3117 1882 3173 mundo

229 3196 302 3247 extra
318 3186 472 3257 subjectam
486 3183 630 3242 materiam
645 3184 712 3239 nihil
723 3193 824 3257 potest.

308 3300 378 3357 cnr.
398 3298 447 3353 lll.
465 3327 500 3338 -
519 3298 584 3367 Qua
598 3301 669 3353 sant
682 3301 711 3354 et
725 3312 784 3355 esse
798 3298 943 3358 videntur.

262 3404 339 3469 Sunt,
354 3409 382 3457 et
396 3417 458 3458 esse
478 3400 605 3457 videntur
623 3400 792 3473 corporalia,
819 3418 868 3459 seu
891 3403 1023 3477 divinum,

227 3510 276 3550 seu
290 3492 424 3549 caducum
439 3490 555 3546 habeant
568 3505 678 3561 corpus.
693 3490 818 3562 Corpora
827 3506 948 3565 nemque
959 3494 1023 3549 suh

223 3583 314 3654 jacent
328 3580 444 3653 spiritui.
470 3579 537 3634 Cum
551 3578 635 3651 igitur
656 3580 686 3635 in
710 3580 869 3654 cognitione
884 3590 1023 3639 utrorum-

227 3670 336 3745 quasit
359 3667 547 3741 philosophia,
569 3668 604 3723 de
626 3669 750 3741 utrisque
774 3668 954 3739 disseramus,
978 3672 1023 3728 in-

227 3762 357 3819 choantes
379 3756 413 3813 ah
432 3756 471 3813 eis
487 3772 545 3829 quae
568 3763 649 3825 sunt,
674 3764 700 3813 et
723 3774 778 3814 non
797 3758 935 3815 videntur.
955 3760 1023 3816 Sunt

226 3856 318 3907 eutem
333 3850 389 3907 hac
406 3866 412 3903 ι
429 3847 541 3904 Creator
555 3846 645 3903 anima
659 3846 756 3904 mundi
771 3847 1023 3919 demensqanimae

224 3922 376 3978 hominum.

241 4027 307 4081 Gna.
324 4024 369 4081 lv.
380 4055 414 4065 -
428 4024 498 4093 Quid
512 4024 550 4079 sit
563 4026 687 4095 perfecte
702 4022 809 4096 aliquid
824 4039 1001 4097 cognoscere.

260 4126 314 4183 Sed
329 4126 457 4197 quoniam
480 4126 595 4180 Creator
614 4124 739 4180 omnihus
759 4125 834 4195 prior
853 4133 909 4193 est,
930 4128 1022 4185 omnia

225 4214 299 4271 enim
323 4214 357 4268 ab
380 4214 442 4285 ipso
458 4212 559 4267 hahent
574 4212 700 4275 existere,
717 4219 744 4266 et
768 4213 827 4283 ipse
847 4214 971 4281 enullo;
987 4215 1021 4269 ab

224 4300 287 4371 ipso
300 4297 463 4371 incipiamus
501 4296 553 4352 Sed
568 4296 630 4368 quia
647 4295 741 4351 dicunt
756 4296 842 4353 sancti
857 4296 885 4351 in
899 4299 951 4356 hac
965 4300 1022 4356 uita

1080 3208 1169 3267 creati
1182 3208 1247 3263 sint.
1266 3207 1341 3263 Deus
1352 3206 1438 3280 igitur
1451 3215 1492 3262 est
1506 3206 1553 3278 qui
1569 3206 1700 3262 mundum
1714 3204 1789 3262 lecit.

1115 3297 1169 3353 Per
1190 3294 1376 3368 quotidianam
1398 3309 1465 3350 vero
1486 3292 1712 3365 dispositionem,
1736 3294 1810 3351 idem
1839 3295 1882 3351 sic

1078 3384 1221 3457 probatur.
1236 3384 1280 3439 Ee
1293 3398 1354 3455 quae
1367 3382 1559 3453 disponuntur,
1576 3381 1715 3453 sapienter
1727 3381 1881 3455 disponun-

1079 3482 1133 3531 tur.
1148 3476 1223 3545 Ergo
1238 3472 1329 3545 aliqua
1343 3471 1479 3543 sapientia
1494 3489 1501 3526 ε
1517 3470 1584 3527 nihil
1604 3470 1679 3526 enim
1694 3470 1754 3527 sine
1767 3472 1880 3543 sapien-

1079 3564 1124 3631 tia,
1140 3563 1279 3634 sapienter
1301 3561 1465 3632 disponitur.
1490 3560 1631 3630 Sapientia
1645 3568 1736 3617 autem
1751 3560 1817 3629 illa,
1834 3562 1881 3618 sel

1077 3650 1179 3722 divina,
1195 3650 1383 3723 volangelica,
1398 3649 1441 3707 rel
1456 3650 1594 3707 hnmanae.
1604 3649 1727 3705 llumana
1740 3665 1806 3706 sero
1821 3666 1879 3707 non

1077 3748 1129 3807 est,
1146 3754 1206 3813 quse
1220 3756 1266 3796 res
1280 3739 1345 3796 lacit
1357 3740 1452 3796 vivere
1467 3747 1494 3795 et
1510 3738 1597 3811 loqui.
1621 3739 1703 3807 Nam,
1718 3739 1742 3796 si
1755 3740 1878 3796 humana

1076 3829 1212 3903 sapientia
1240 3828 1358 3885 formam
1385 3827 1520 3897 hominis,
1545 3826 1589 3884 rel
1612 3827 1727 3885 alterius
1744 3826 1876 3885 aalmalis

1076 3926 1215 3992 operatur,
1230 3926 1334 3975 motum
1347 3916 1387 3973 illi
1400 3926 1428 3973 et
1442 3917 1526 3973 vitam
1547 3914 1674 3973 conterre
1695 3933 1750 3973 non
1772 3924 1876 3989 potest.

1075 4008 1208 4082 Angelica
1231 4024 1296 4064 reo
1322 4007 1473 4079 sapientia,
1494 4006 1631 4079 montedo
1659 4005 1776 4080 angelos
1798 4006 1878 4079 ipsos

1075 4098 1256 4169 disponeret?
1270 4096 1370 4153 DZrioc
1383 4095 1468 4169 igitur
1490 4093 1628 4167 sapientia
1650 4104 1709 4161 est,
1733 4110 1795 4167 quae
1823 4097 1878 4153 hoc

1074 4186 1151 4243 lecit.
1178 4186 1233 4243 Sed
1257 4184 1348 4242 omnis
1370 4184 1505 4256 sapientia
1532 4184 1647 4255 alicujus
1661 4183 1793 4257 sapientia
1807 4187 1877 4243 estt

1074 4277 1124 4333 Est
1137 4291 1214 4349 ergo,
1231 4273 1308 4345 cujus
1322 4282 1364 4332 est
1378 4274 1425 4329 ilia
1446 4273 1592 4347 sapientia,
1615 4273 1756 4331 occidam
1771 4280 1812 4330 est
1827 4290 1877 4330 an·

223 4404 279 4445 non
293 4404 374 4461 posse
388 4388 475 4443 Deum
489 4383 611 4457 perfecte
625 4399 805 4455 cognoscere,
822 4386 886 4460 quid
901 4388 936 4443 sit
951 4406 1020 4462 per·
1074 4365 1154 4438 &0¹⁰⁵
1168 4380 1220 4421 ¹¹0⁰
1238 4364 1321 4420 ¹¹⁰¹¹¹⁰
1338 4378 1344 4417 ἲ
1362 4364 1437 4420 ⁰⁰⁰⁵
1459 4378 1537 4437 0¹8⁰·
1561 4362 1610 4420 Sli
1623 4378 1675 4434 W
1688 4362 1876 4436 humillimim

223 4479 298 4549 secte
313 4476 422 4549 aliquid
436 4490 612 4547 cognoscere,
628 4472 814 4542 ostendamus,
830 4482 859 4531 ut
873 4492 1021 4551 cognosca-
1035 4454 1058 4510 D
1074 4453 1286 4526 ‘fisi'illationem
1314 4452 1475 4524 ΡΘΥνθῐιίίιπ
1492 4451 1526 4507 ³⁶
1547 4451 1668 4507 ‘illim
1698 4452 1874 4524 “imiimi

224 4566 344 4639 torquis
360 4565 471 4621 Creator
485 4563 513 4618 in
528 4564 580 4618 hac
600 4561 657 4619 vita
678 4560 798 4633 perlecta
812 4566 943 4639 cognosci
964 4584 1020 4625 non

223 4654 323 4727 possit.
352 4651 484 4711 Undecim
499 4659 561 4707 sunt
576 4666 638 4723 quse
652 4650 826 4722 inquiruntur
839 4654 910 4711 circa
924 4672 1019 4712 unam·

224 4760 361 4817 quamque
376 4760 433 4799 rem
451 4758 458 4799 :
475 4743 517 4797 ilrr
533 4742 581 4807 sit,
598 4740 665 4813 qnid
688 4741 734 4807 sit,
758 4747 897 4814 qnantum
917 4748 966 4813 ait,
983 4747 1020 4804 od

225 4833 291 4906 qnid
305 4836 353 4901 rit,
365 4834 447 4906 qnclc
457 4833 505 4899 sit,
518 4829 584 4903 qnid
593 4832 671 4901 opat,
682 4829 748 4903 quid
757 4830 789 4885 in
798 4830 892 4903 ipsum
903 4839 1017 4905 agutur,

224 4924 271 4979 nbi
280 4921 329 4991 sit,
341 4923 467 4997 qualiter
476 4922 507 4977 in
518 4921 609 4975 locam
620 4917 710 4974 sitnm
718 4920 766 4985 ait,
776 4918 887 4993 qnando
895 4924 941 4988 sit,
954 4924 1020 4996 qnid

226 5012 336 5069 liabent.
352 5010 476 5067 Perlecte
499 5024 567 5081 ergo
586 5006 688 5079 aliquid
710 5022 895 5079 cognoscere,
914 5020 954 5067 est
969 5013 1020 5068 ista

222 5101 348 5161 undecim
364 5099 399 5155 de
414 5099 461 5154 illo
475 5098 556 5154 scire.
577 5096 640 5163 Sed,
658 5097 782 5168 quamvis
800 5098 919 5155 sciamus
932 5102 1019 5157 Deum

223 5207 296 5258 csse,
311 5190 377 5263 quid
391 5188 426 5244 sit
441 5186 559 5261 perlecto
574 5202 629 5242 nou
642 5186 910 5257 comprehendimus.
928 5189 1019 5259 Quaa-

222 5278 286 5334 titas
309 5294 373 5335 vero
396 5277 529 5345 ejusdcm,
555 5275 600 5348 qui
623 5276 715 5331 omnia
737 5276 850 5348 implet,
878 5280 1019 5351 angustias

222 5367 309 5422 nostri
333 5367 451 5439 pectoris
473 5365 589 5423 excedit.
605 5363 740 5421 Relationi
754 5366 826 5421 illius
841 5366 1017 5438 explicandae,

220 5454 340 5512 humane
355 5456 488 5529 sapientia
501 5452 603 5527 delicit.
620 5452 769 5523 Qualitates
783 5453 856 5511 illius
869 5472 925 5513 non
939 5472 1020 5516 com-

258 5561 314 5633 (61)
329 5564 431 5621 illrum
446 5580 508 5621 vcro
518 5560 701 5634 impudenter
715 5562 820 5617 mulier
833 5563 857 5617 si
871 5562 965 5635 [ocitt

535 5664 674 5736 (Tenens.
693 5660 762 5721 And.
779 5662 824 5731 tv,
845 5677 884 5734 tv,
902 5666 965 5740 16.)

1073 4560 1123 4616 per
1137 4542 1300 4615 sapientiam
1322 4542 1359 4598 sd
1380 4540 1502 4597 divinam
1516 4540 1710 4597 substantiam.
1729 4540 1808 4597 Unde
1827 4540 1875 4596 di·

1072 4633 1137 4689 vina
1150 4630 1282 4703 sapientia
1296 4629 1395 4687 dicitur
1409 4629 1597 4703 signaculum,
1624 4638 1651 4687 et
1663 4630 1755 4704 imago
1770 4628 1874 4685 Divini-

1072 4722 1142 4777 tatis.
1156 4723 1186 4776 ln
1199 4722 1262 4783 hoec
1275 4718 1419 4775 Divinitate
1433 4719 1554 4775 omnium
1567 4717 1727 4786 conditrice,
1738 4726 1766 4774 et
1779 4718 1874 4775 omnia

1073 4811 1254 4885 gubernante,
1276 4808 1401 4864 dixemnt
1419 4807 1577 4880 philosophi
1605 4808 1697 4864 inesse
1720 4807 1873 4879 potentiam

1073 4899 1215 4971 operandi,
1239 4896 1419 4968 sapientiam,
1446 4896 1625 4953 voluntatem.
1649 4896 1678 4953 Si
1693 4895 1765 4953 enim
1781 4896 1874 4967 potuit

1074 4998 1099 5045 et
1113 4987 1243 5054 nescirit,
1260 4986 1398 5059 quomodo
1422 4993 1475 5041 tam
1491 4986 1608 5058 pulchra
1627 4985 1711 5043 lecitt
1728 4986 1756 5042 Si
1771 4985 1873 5041 iterum
1962 5023 1964 5032 .

1073 5078 1140 5135 iecit
1153 5084 1181 5133 et
1194 5075 1290 5145 noluit,
1306 5075 1350 5132 vel
1365 5075 1498 5146 ignorans
1510 5117 1517 5143 ,
1531 5075 1575 5132 uel
1588 5084 1699 5134 coactus
1719 5075 1793 5132 tecit.
1815 5076 1874 5131 Sed

1074 5166 1140 5239 quid
1154 5167 1301 5240 ignoraret,
1318 5164 1365 5237 qui
1379 5164 1463 5221 etiam
1487 5166 1563 5221 norit
1584 5165 1764 5237 cogitationes
1776 5164 1872 5219 horni-

1073 5257 1159 5313 nnmi
1174 5254 1235 5327 quis
1250 5262 1362 5327 cogeret
1372 5253 1449 5309 illum
1459 5254 1505 5327 qui
1514 5253 1607 5311 omnia
1615 5255 1726 5326 potest?
1738 5254 1788 5310 list
1802 5268 1872 5326 ergo

1072 5345 1101 5400 ia
1116 5344 1272 5410 vicinitate,
1295 5344 1435 5416 potentio,
1455 5344 1607 5418 snpientia,
1629 5345 1761 5401 votaretur
1777 5357 1786 5397 .·
1801 5360 1872 5415 quas

1073 5433 1160 5491 sancti
1175 5441 1230 5489 tres
1243 5448 1377 5505 personas
1385 5440 1493 5501 vocant,
1504 5432 1641 5490 uocabula
1650 5433 1705 5488 illis
1718 5448 1736 5488 a
1748 5432 1870 5505 edgari,

1094 5561 1152 5634 (62)
1160 5562 1260 5621 Verum
1267 5574 1350 5633 opere
1357 5559 1389 5615 tn
1398 5560 1716 5632 tonpcfcsestohrcpers
1726 5574 1870 5617 romaum.

1223 5668 1343 5741 (donar.
1358 5666 1395 5724 Dc
1409 5669 1474 5724 crte
1487 5668 1608 5741 poetico,
1625 5682 1702 5727 vers.
1720 5666 1797 5740 stt.)
