3942 6067
223 291 278 350 tls

474 297 627 364 HONORII
646 307 906 372 thshstonhht.
929 314 1010 372 OPP.
1035 316 1129 380 Pstis
1147 326 1168 381 l.
1188 357 1224 369 -
1242 329 1385 389 htnhsc.
1408 335 1454 390 ht
1473 334 1617 394 histos.

1819 349 1869 405 220

223 417 295 475 senti
304 419 407 490 iudicio
420 422 507 483 libros
516 429 687 504 quinque,ad
701 435 840 494 Salonium
855 439 1017 514 episcopum
1031 428 1059 502 A'
1073 450 1186 520 peritus,
1213 455 1320 528 scripsit
1346 458 1478 517 adsersus
1501 461 1659 520 Nestorium
1681 468 1821 542 eleganter
1842 481 1871 531 et

221 505 324 565 librum
338 527 431 581 unum,
447 515 475 570 in
495 517 624 576 Genesim
638 519 829 584 Hexaemeron
844 543 938 599 unum,
956 531 1014 586 Ilo-

220 596 312 655 milias
338 602 475 674 episcopis
502 605 586 664 lactas
600 611 707 684 multas,
724 622 751 672 et
778 615 1016 676 Sacramentorum

221 685 312 759 plures
327 689 466 762 (Gennad.
485 709 513 754 c.
532 697 591 768 67).

256 793 325 853 Gar.
344 797 457 854 LXVII.
490 802 626 875 Paulinus,
646 811 799 882 composuit
821 820 953 872 tractatus
975 818 1016 874 Dc

219 880 296 940 initio
310 882 544 961 Quadragesimae,
561 894 601 948 Ile
616 895 660 953 dIe
681 899 823 958 Dcmiuico
838 903 957 971 Pascbre,
975 906 1017 963 De

174 1019 177 1024 .
219 971 437 1040 obedientia,1ie
456 979 680 1052 penitentialis
703 991 848 1063 neophytis
873 992 1012 1064 (Gennad.

218 1073 248 1116 c.
272 1061 329 1128 68).

253 1148 321 1208 Chr.
335 1151 463 1212 LXVIII.
483 1158 615 1232 Hilarius,
631 1164 799 1224 Arelatensis
815 1170 971 1243 episcopus,
986 1171 1015 1228 in

216 1238 319 1296 sanctis
330 1241 478 1315 scripturis
492 1247 598 1317 doctus,
614 1252 722 1327 absque
735 1273 921 1328 personarum
937 1275 1015 1319 acce·

216 1327 319 1400 ptione,
335 1334 462 1390 omnibus
496 1339 662 1414 castigatum
676 1359 745 1416 opus
758 1348 956 1418 predicationis
970 1351 1014 1406 in-

214 1418 313 1490 gessit.
333 1419 388 1477 Sub
403 1423 594 1484 Valentiniano
615 1429 708 1488 llornit
723 1435 860 1504 (Gennad.
879 1453 907 1495 c.
928 1439 972 1510 69)

252 1523 320 1583 Che.
338 1527 439 1587 LXIX.
458 1532 523 1600 Leo,
538 1535 613 1591 urbis
628 1538 722 1596 Itomae
734 1541 890 1616 episcopus,
900 1546 1013 1620 scripsit

215 1613 249 1670 ad
265 1613 426 1673 Flavianum
438 1619 685 1697 Constantinopolis
697 1629 829 1688 EcclesIae
840 1633 1011 1708 episcopum,

212 1703 360 1760 adversum
383 1707 525 1782 Eutychen
550 1715 751 1790 presbyterum,
767 1720 924 1792 epistolam.
952 1725 1010 1781 Sub

213 1791 309 1850 Leone
322 1793 419 1852 claruit
432 1797 569 1870 (Gennad.
586 1817 611 1860 c.
628 1805 689 1874 70).

248 1897 313 1958 Cre.
337 1902 425 1959 LXX.
450 1905 609 1980 Machimns,
626 1911 842 1986 mesopotamius
864 1918 1012 1991 presbyter

213 1987 286 2059 apud
298 1989 483 2062 Antiochiam,
493 1994 607 2068 scripsit
620 1997 768 2057 adversum
777 2003 921 2076 Eutychen
929 2022 1011 2079 egre·

210 2073 286 2148 pium
295 2076 419 2136 libellum
434 2081 574 2153 (Gennad.
594 2099 622 2144 c.
637 2088 699 2159 Il).

246 2183 313 2243 Car.
339 2186 439 2244 LXXI.
466 2189 632 2260 Timotheus,
652 2194 823 2256 Alexandria
846 2200 1005 2274 episcopus,

211 2271 322 2345 scripsit
344 2276 380 2332 ad
402 2277 521 2335 Leonem
544 2280 611 2354 imp.
630 2281 730 2340 librum
751 2286 829 2344 valde
853 2291 1009 2348 suasorIum

211 2359 351 2430 (Gennad.
370 2381 397 2420 c.
418 2365 474 2435 72).

245 2467 317 2525 Gne.
338 2471 450 2530 LXXII.
470 2475 614 2548 Asclepius
629 2476 704 2548 Iler,
721 2479 748 2536 in
763 2481 871 2553 bajensi
885 2483 934 2557 [al.
954 2488 1008 2544 Vc·

210 2556 312 2631 picari]
327 2561 467 2619 territorio
481 2563 637 2638 epIscopus,
654 2567 764 2644 scripsit
778 2571 912 2630 adversus
926 2576 1008 2632 hria-

211 2659 262 2702 nos
276 2645 416 2718 (Gennad.
435 2668 463 2709 c.
475 2655 531 2716 73).

246 2749 316 2806 Car.
335 2749 463 2810 LXXIII.
485 2757 590 2825 Petrus,
606 2759 758 2819 Edessenae
780 2763 914 2823 Ecclesiae
928 2783 1007 2839 pres·

209 2833 298 2910 bytcr,
307 2839 475 2900 declamator
489 2843 615 2920 insignis,
626 2851 736 2922 scripsit
748 2853 887 2909 variarum
902 2869 1004 2913 cunsa-

209 2939 272 2980 rum
287 2933 445 2988 tractatus:
469 2940 496 2988 et
512 2933 540 2989 in
565 2951 670 2993 morem
693 2940 779 2996 sancti
799 2942 926 3013 Ephraem
943 2944 1005 3000 dia-

208 3012 270 3070 coni
284 3017 406 3088 psalmos
420 3028 507 3079 metro
522 3027 678 3098 composuit
693 3029 832 3098 (Gennad.
851 3047 875 3087 c.
889 3033 944 3102 rt).

243 3120 308 3180 cre.
330 3124 453 3184 LXXIV.
483 3130 579 3186 Petrus
607 3133 673 3205 (86),
699 3135 808 3193 natione
838 3139 1043 3226 Pannonicae

206 3210 360 3285 presbyter,
378 3215 487 3290 scripsit
500 3218 569 3277 dnos
583 3219 671 3279 libros
685 3223 720 3281 de
736 3225 889 3302 sirgInitate
900 3236 926 3284 et
936 3243 1002 3285 con-

206 3305 308 3372 temptu
323 3304 430 3360 mundi.

240 3405 307 3464 Car.
322 3409 431 3474 LXXV.
444 3412 546 3472 Pastor
561 3417 707 3492 episcopus
716 3421 869 3494 composuit
879 3423 1000 3482 libellum

203 3493 231 3550 in
246 3497 358 3555 modum
373 3499 498 3572 Symboli
511 3521 624 3577 parvum
639 3507 780 3581 (Gennad.
800 3527 828 3568 c.
844 3513 903 3584 Id).

239 3611 309 3668 Car.
328 3614 451 3674 LXXVI.
467 3618 571 3688 Victor,
594 3622 740 3682 Certennae
754 3627 941 3687 lIanritannIae
956 3631 999 3688 ci-

203 3697 294 3757 vitatis
309 3704 467 3778 episcopus,
482 3707 592 3782 scripsit
606 3713 751 3794 adversum
766 3715 882 3772 Arianos
898 3718 997 3776 librum

202 3805 296 3860 unum,
312 3792 353 3850 De
372 3796 532 3866 poenitenda
546 3815 641 3873 unum,
660 3804 694 3860 ad
709 3805 838 3861 Basiliurn
852 3809 1000 3879 quemdam

202 3893 286 3952 super
309 3889 398 3940 morta
421 3883 469 3941 fihi
491 3890 704 3948 consolatorium
727 3894 839 3952 librum.
867 3898 1000 3956 llomilias

201 3967 283 4026 etiam
296 3971 396 4028 multas
411 3979 564 4048 composuit
580 3979 719 4050 (Gennad.
739 3999 764 4041 c.
780 3987 835 4049 ii).

237 4074 305 4132 Car.
325 4079 467 4139 LXXVII.
490 4083 640 4156 buconius,
663 4087 810 4146 Castellsni
831 4094 999 4154 Mauritaniae

201 4159 294 4232 oppidi
308 4162 462 4235 episcopus,
479 4168 589 4239 scripsit
603 4171 748 4228 adversum
765 4177 896 4234 Ecclesiae
911 4179 1000 4236 inimi·

200 4262 258 4304 ccs.
275 4249 386 4308 tunsos
401 4260 428 4308 ct
450 4255 566 4313 Arianos
580 4266 607 4314 et
621 4260 690 4318 allos
709 4265 860 4322 haereticos.
876 4267 997 4340 Compo-

200 4337 254 4393 suit
269 4339 350 4396 etism
364 4340 601 4403 sacramentorum
612 4352 757 4426 egreglum
772 4355 899 4412 volumen
911 4359 997 4430 (Gen-

199 4425 267 4484 nad.
289 4443 315 4485 c.
331 4430 387 4501 78).

1071 535 1188 598 fortiter.

1107 647 1172 704 Gan.
1180 649 1308 710 LXXXI.
1324 655 1437 714 Samuel
1446 657 1597 717 Edessenae
1609 661 1741 723 Ecclesiae
1754 667 1868 740 presby-

1071 741 1119 802 ter,
1144 739 1227 796 rnulta
1255 743 1389 801 adversus
1415 747 1546 806 Ecclesia
1571 749 1697 810 inImicos
1724 755 1868 816 hereticos

1070 829 1224 899 composuit
1237 830 1377 902 (Gennad.
1397 851 1424 892 c.
1441 837 1497 901 82).

1105 946 1176 1004 Car.
1195 949 1332 1009 LXXXII.
1348 953 1523 1025 Claudianus,
1542 958 1706 1018 Viennensis
1730 965 1865 1024 Ecclesiae

1069 1036 1222 1110 presbyter,
1243 1041 1285 1097 rir
1304 1043 1340 1098 ad
1358 1042 1524 1117 loquendum
1541 1048 1646 1120 artilex,
1664 1059 1690 1108 et
1712 1053 1746 1109 arI
1770 1055 1866 1128 dispu-

1069 1126 1180 1182 tandum
1195 1129 1314 1198 subtilis,
1330 1135 1484 1206 composuIt
1508 1143 1565 1192 tres
1581 1140 1660 1211 quasi
1681 1141 1722 1198 Ile
1735 1150 1807 1202 statu
1821 1146 1865 1202 vel

1067 1213 1221 1274 substantia
1235 1219 1334 1278 auimae
1347 1221 1432 1280 libros
1447 1223 1588 1296 (Gennad.
1606 1243 1635 1285 c.
1657 1231 1717 1300 83).

1103 1342 1170 1400 Cae.
1182 1345 1338 1403 LXXXIII.
1354 1349 1808 1429 Prosper,episcopusslquitanicoe
1822 1376 1864 1416 re·

1067 1430 1168 1504 glanis,
1183 1450 1310 1490 sermone
1331 1437 1523 1507 scholasticus,
1545 1450 1572 1498 et
1585 1444 1785 1503 assertionibus
1800 1464 1865 1504 ner·

1067 1535 1159 1589 vosns,
1188 1522 1271 1578 multa
1299 1527 1476 1597 composuit:
1502 1529 1637 1588 Chronica
1665 1546 1682 1588 8
1709 1535 1865 1594 conditione

1066 1608 1148 1680 primi
1168 1609 1287 1667 hemiola
1306 1629 1393 1686 usque
1414 1616 1449 1670 ad
1465 1626 1573 1690 captam
1593 1619 1692 1677 urbam
1717 1621 1832 1679 Romam
1848 1640 1865 1681 a

1066 1695 1227 1767 GenserIco,
1236 1701 1420 1758 Vandalorum
1436 1721 1517 1777 rege.
1529 1707 1603 1764 Fecit
1613 1717 1640 1765 et
1649 1709 1747 1766 librum
1761 1712 1864 1769 adver-

1025 1801 1127 1865 Bsum
1142 1789 1277 1859 opuscula
1292 1790 1416 1847 Cassiani
1424 1810 1484 1865 quea
1498 1795 1625 1853 Ecclesia
1634 1799 1686 1854 Del
1700 1799 1798 1872 probat
1813 1817 1863 1858 sa-

1065 1873 1171 1945 lutarie,
1188 1876 1233 1933 ille
1255 1877 1365 1935 iaiamat
1391 1883 1501 1940 nocive.
1528 1885 1562 1939 Et
1576 1901 1674 1943 revera
1692 1888 1821 1946 Cassiani
1837 1899 1864 1947 et

1069 1965 1197 2037 Prosperi
1213 1966 1247 2022 de
1262 1968 1350 2038 gratia
1365 1968 1426 2038 Dei,
1438 1971 1471 2027 de
1486 1970 1572 2028 libero
1587 1974 1711 2043 arbitrio,
1723 1978 1865 2034 sementim

1064 2053 1117 2108 sibi
1131 2055 1275 2111 contraria
1289 2056 1474 2114 inveniuntur.
1491 2061 1622 2134 Epistolae
1636 2079 1746 2138 qnoque
1760 2067 1862 2123 Lectus

1063 2157 1141 2214 papae
1164 2143 1205 2199 De
1229 2145 1418 2202 incarnatione
1437 2147 1536 2205 Christi
1561 2152 1693 2208 adversus
1716 2155 1862 2228 Eutychen

1063 2231 1098 2285 ab
1112 2230 1172 2302 ipso
1186 2231 1294 2290 dictatae
1309 2242 1374 2290 sunt
1388 2236 1529 2306 (Gennad.
1549 2254 1577 2295 c.
1597 2241 1656 2308 86).

1097 2347 1163 2403 Car.
1181 2349 1330 2405 LXXXIV.
1342 2350 1470 2422 Faustus,
1484 2370 1518 2408 ex
1533 2354 1632 2412 abbata
1647 2356 1794 2414 Lirinensis
1802 2374 1861 2416 mo·

1061 2436 1185 2504 nasterii,
1201 2438 1274 2508 apud
1293 2439 1401 2510 liegiun
1420 2440 1517 2498 Galliae
1537 2443 1683 2517 episcopus
1706 2445 1804 2514 iactus,
1817 2449 1861 2505 vir

1060 2524 1089 2579 in
1112 2523 1212 2582 divinis
1231 2526 1378 2599 Scripturis
1400 2529 1469 2585 satis
1491 2531 1621 2602 intentus,
1643 2536 1797 2609 composuit
1820 2536 1857 2591 li-

1061 2613 1142 2668 brum
1156 2615 1196 2670 De
1207 2615 1309 2687 SpIritu
1324 2623 1414 2686 santo,
1437 2625 1464 2674 et
1479 2621 1621 2694 egregium
1633 2637 1704 2695 opus
1715 2624 1756 2681 De
1770 2623 1860 2698 gratia

1060 2702 1111 2759 lici
1125 2719 1183 2776 qua
1197 2703 1344 2773 salvamur,
1361 2714 1388 2762 ct
1403 2707 1454 2764 alla
1471 2707 1610 2780 (Gennad.
1630 2726 1659 2770 c.
1680 2713 1736 2785 86).

1095 2829 1162 2884 Cae.
1178 2829 1318 2887 LXXXV.
1338 2831 1482 2901 Cesarins,
1498 2835 1681 2905 Arelatensis,
1697 2837 1775 2894 urbis
1788 2839 1854 2912 epi-

1059 2933 1169 2989 scopus,
1185 2919 1225 2973 vir
1238 2919 1382 2978 sanctitate
1396 2929 1422 2978 et
1437 2923 1588 2980 uirtutibus
1606 2924 1734 2998 celebrIs,
1747 2929 1860 3001 scripsit

1058 3007 1169 3079 egregia
1184 3016 1210 3062 et
1224 3015 1311 3082 grata,
1327 3017 1354 3065 et
1367 3011 1508 3068 monacbis
1524 3012 1605 3070 ualde
1620 3017 1777 3072 necessaria
1790 3032 1858 3089 opu·

1058 3095 1135 3152 scula
1150 3111 1157 3150 t
1174 3097 1214 3153 De
1227 3099 1317 3170 gratia
1332 3115 1443 3172 qunque
1458 3109 1485 3157 et
1499 3101 1586 3160 libero
1600 3103 1727 3160 arbitrio.
1747 3105 1857 3163 Floruit

1056 3185 1107 3241 sub
1122 3186 1275 3242 Anastasio.
1293 3186 1432 3260 (Gennad.
1448 3204 1473 3245 c.
1492 3191 1551 3262 86).

1091 3308 1158 3365 Gar.
1170 3308 1323 3369 LXXXVI.
1339 3312 1444 3370 Servus
1454 3313 1505 3370 Dei
1518 3315 1666 3388 episcopus
1682 3316 1793 3390 scripsit
1804 3317 1855 3374 ad·

1055 3414 1154 3455 versus
1167 3414 1217 3456 eos
1230 3401 1277 3473 qui
1290 3401 1383 3458 dicum
1398 3402 1537 3459 Christum
1550 3404 1578 3460 in
1598 3407 1652 3464 bac
1673 3406 1731 3462 vita
1744 3408 1854 3480 depen-

1054 3497 1109 3544 tem
1137 3504 1192 3545 non
1215 3489 1317 3546 vicisse
1344 3490 1452 3547 carneis
1481 3492 1539 3548 suis
1557 3493 1646 3550 oculis
1669 3497 1786 3564 Patrem,
1802 3497 1854 3554 sed

1054 3583 1117 3648 post
1133 3578 1361 3635 resurrectionem
1384 3595 1418 3636 ex
1439 3580 1554 3638 mortuis
1568 3591 1594 3638 et
1617 3583 1810 3641 ascensionem
1823 3585 1851 3641 in

1054 3666 1151 3733 coelos,
1167 3681 1230 3721 cum
1254 3667 1401 3724 translatus
1426 3676 1468 3724 est
1490 3669 1519 3724 in
1543 3671 1662 3744 gloriam
1685 3673 1781 3744 Putris,
1798 3675 1853 3732 boc

1054 3754 1144 3810 dantis
1160 3754 1184 3811 ei
1199 3756 1230 3810 in
1245 3756 1493 3815 remunerationem
1505 3759 1637 3833 martyrii,
1653 3762 1802 3819 ostendens
1816 3778 1851 3819 ex

1053 3843 1206 3914 scripturis
1220 3844 1369 3901 Dominum
1379 3845 1472 3901 Iesum
1487 3863 1597 3918 semper
1608 3849 1714 3906 carneis
1722 3849 1808 3907 oculis
1822 3859 1851 3908 et

1052 3928 1161 3986 Putrem
1176 3935 1203 3984 et
1218 3928 1348 4001 Spiritum
1356 3939 1478 3986 sanctum
1490 3931 1592 3988 vidisse
1602 3933 1738 4003 (Gennad.
1749 3949 1773 3990 8.
1785 3937 1843 4006 87).

1088 4052 1160 4109 Cae.
1181 4053 1348 4114 LXXXVII.
1367 4054 1511 4125 Victorius,
1527 4056 1639 4112 nahoue
1653 4057 1848 4130 Aquitanicus,

1052 4141 1430 4210 calculatorstudiosissimus,
1441 4146 1596 4216 composuit
1602 4146 1765 4216 paschalem
1779 4162 1849 4204 cur-

1052 4247 1115 4285 sum
1131 4239 1195 4303 post
1217 4239 1333 4302 quatuor
1348 4232 1455 4302 priores
1473 4233 1662 4305 computistas,
1676 4235 1705 4292 id
1723 4242 1765 4291 est
1778 4236 1848 4307 Ilip-

1051 4319 1183 4390 polytum,
1216 4319 1378 4387 Eusebium,
1405 4321 1586 4394 Tbeopbilum
1621 4331 1648 4380 et
1677 4325 1845 4398 Prospcrum

1051 4407 1192 4480 (Gennad.
1212 4424 1240 4464 c.
1255 4409 1314 4478 88).

235 4532 304 4590 Chr.
324 4536 475 4595 LXXVIII.
495 4542 642 4615 blnsmnus,
664 4549 842 4608 Massiliensis
862 4555 995 4616 Ecclesiae
1012 4521 1039 4582 D
1091 4530 1158 4587 ΟΨ·
1177 4529 1560 4597 LXXXV¹¹¹·Th⁰⁰d⁰f⁸¹¹¹⁸³
1579 4531 1644 4604 Cyri
1658 4532 1846 4605 ⁰M²²fi⁸⁰l⁸i‘

198 4623 353 4696 presbyter,
369 4626 397 4682 in
414 4627 516 4685 dlenis
526 4631 674 4705 scripturis
686 4637 792 4706 doctus,
810 4645 944 4716 excerpsit
959 4648 995 4703 de

199 4713 303 4770 888868
322 4714 471 4787 Scripturis
485 4719 627 4789 lectiones,
644 4727 724 4783 totius
738 4731 802 4784 anni
817 4731 918 4790 lestinis
932 4735 994 4792 die-

198 4799 250 4856 bus
265 4809 352 4873 aptas,
369 4809 543 4876 responsoria
557 4819 584 4866 et
599 4811 766 4872 Psalmorum
782 4820 910 4891 capitula,
926 4831 995 4880 tem·

197 4889 311 4964 poribus
334 4899 360 4948 et
375 4889 538 4955 lectionibus
560 4906 749 4975 congruentia,
772 4915 799 4963 ct
825 4909 991 4968 Sacramen-

196 4986 286 5124 ῑοτὲιω
296 4983 438 5056 egregium
450 4986 587 5058 volumen,
597 5000 623 5048 et
633 4993 760 5052 homilias
771 4999 902 5071 quasdam
911 5001 993 5074 (Gen-

195 5081 231 5122 na
253 5109 260 5124 .
278 5083 306 5127 8.
325 5073 385 5143 79).

229 5179 299 5236 Chr.
319 5181 447 5243 LXXIX.
465 5185 621 5247 ViacentIus
635 5195 789 5267 presbyter,
804 5173 992 5256 886886881-

193 5265 246 5336 188,
270 5268 299 5324 ia
323 5270 424 5328 diuinis
450 5275 612 5348 Secripturis
631 5283 809 5353 exercitatus,
827 5286 891 5344 iecit
914 5304 993 5346 oom-

193 5358 359 5415 mentarium
374 5361 402 5416 in
418 5361 540 5421 Psalmos
555 5365 693 5438 (688886.
709 5387 734 5430 8.
751 5373 811 5446 80).

229 5461 294 5518 Car.
320 5465 434 5524 LXXX.
455 5469 541 5542 Syrus
559 5474 625 5545 (86),
646 5492 749 5549 genere
772 5481 989 5554 Alexandrinus,

193 5555 252 5608 arte
266 5553 399 5622 medicus,
416 5573 448 5614 ex
469 5559 631 5635 philosopho
647 5568 807 5640 monachus,
824 5570 866 5626 vir
881 5573 991 5630 dicendi

230 5695 287 5766 (86)
303 5695 448 5756 Gennadio
462 5718 492 5761 c.
503 5705 537 5760 76
551 5709 671 5767 Pacius.

230 5765 287 5838 (86)
304 5765 431 5827 Gennad.
446 5776 476 5829 st
496 5776 591 5845 t'pras.

1049 4634 1159 4690 scopus,
1176 4633 1192 4674 8
1208 4620 1282 4690 Cyro
1292 4635 1358 4692 rege
1373 4621 1522 4675 Persarum
1533 4620 1662 4686 conditae,
1679 4621 1791 4694 scripsit
1803 4623 1844 4678 Ite

1048 4708 1239 4764 lncarnaIIone
1254 4708 1371 4775 DominI,
1388 4709 1534 4764 adversum
1553 4709 1698 4782 Eutychen
1722 4711 1844 4783 presby·

1048 4806 1145 4864 terum,
1161 4803 1188 4852 et
1202 4796 1725 4870 8688688888818888681866868888888,
1741 4800 1845 4872 quihu-

1047 4901 1154 4941 mansm
1170 4901 1282 4942 carnem
1304 4885 1332 4941 ln
1346 4884 1461 4943 Christo
1476 4885 1560 4943 Iuisse
1574 4896 1693 4961 negant.
1729 4887 1847 4960 Scripsit

1048 4983 1074 5030 et
1087 4974 1184 5031 decem
1198 4974 1282 5030 libros
1305 4973 1498 5032 ecclesiasticae
1521 4975 1660 5034 Herode.
1677 4977 1734 5034 Sub
1752 4977 1843 5034 Leone

1047 5062 1137 5119 lioruit
1152 5062 1293 5134 (Gennad.
1311 5080 1337 5120 c.
1354 5065 1412 5134 89).

1082 5183 1147 5240 Car.
1165 5181 1322 5240 LXXXIX.
1337 5184 1506 5251 Gennadius,
1522 5184 1840 5260 constantinopolitanus

1046 5273 1203 5346 episcopus,
1220 5273 1262 5328 vir
1284 5273 1376 5346 lingna
1391 5273 1503 5340 nitidus,
1520 5282 1547 5330 et
1564 5274 1677 5348 ingenio
1695 5291 1767 5345 acer,
1782 5277 1843 5331 lla-

1045 5362 1145 5417 nielem
1159 5378 1191 5418 es
1205 5362 1313 5434 integro
1328 5371 1532 5420 commentatus
1543 5371 1597 5430 est;
1615 5363 1743 5422 homilias
1758 5364 1842 5422 etiam

1045 5451 1146 5507 multas
1160 5451 1269 5522 scripsit
1282 5450 1423 5522 (Gennad.
1437 5466 1466 5508 c.
1485 5455 1546 5524 86).

1080 5555 1147 5610 Car.
1163 5553 1222 5610 XC.
1236 5553 1396 5610 Theodorus
1417 5553 1486 5626 (87),
1502 5555 1651 5628 presbyter
1672 5555 1840 5628 68686168)-

1045 5641 1097 5708 ria,
1112 5643 1266 5713 composuit
1283 5641 1381 5698 librum
1396 5643 1542 5702 adversum
1557 5645 1701 5703 haereticos
1715 5647 1756 5703 De
1770 5660 1840 5703 con-

1081 5795 1138 5866 (ti)
1153 5793 1280 5852 Gennad.
1299 5809 1323 5851 c.
1340 5795 1370 5848 st
1390 5794 1561 5854 Theodotus.
1613 5796 1615 5799 ’
