3942 6067
135 265 139 273 '
199 284 254 341 arv
304 255 350 283 “·
538 244 963 341 nouonunnuusronun.
984 280 1066 339 oar.
1091 280 1518 339 rnas111.-urunorca.
1800 283 1857 337 aas

192 405 360 476 'involvitun
376 422 408 463 ac
422 406 468 463 diu
484 423 534 479 per
556 406 738 482 naufragosos
748 408 923 473 diversorum
933 423 1001 465 cru·
1016 409 1044 471 Α
1057 422 1155 481 preces
1165 406 1369 482 llexlsgenibus
1381 405 1477 463 lundit.
1489 406 1577 479 Luem
1588 404 1758 471 contremuit,
1768 404 1862 461 turnus

201 494 321 551 eiatuum
336 497 462 570 gurgites
483 504 605 564 enatans,
631 498 676 553 vix
701 512 784 554 evaso
805 497 1004 571 persecutionis
1059 497 1243 570 thymiamatis
1262 497 1297 554 de
1311 504 1381 553 torra
1396 496 1530 552 ascendit.
1551 496 1613 553 blox
1636 501 1735 551 terram
1758 494 1862 550 rastris
1962 503 1964 514 ·

201 585 315 652 vortice,
327 585 360 640 ad
371 600 498 642 serenum
506 586 584 657 pacis
593 586 755 643 sustollitur.
767 587 815 643 l'io
825 602 942 659 namque
952 588 1005 643 Do·
1058 584 1193 657 operiunt,
1212 591 1267 641 tres
1280 598 1377 643 cruces
1386 583 1537 640 inveniunt.
1553 582 1674 639 llcrtuus
1685 586 1861 653 apportatur,
1952 622 1959 634 .

201 673 277 729 mino
290 673 440 747 evigilante
455 682 602 746 tempestas
616 676 840 748 persecutionum
855 691 1005 747 suppressa
1059 676 1136 732 croci
1147 674 1398 746 Christiimpositus
1407 672 1595 740 resuscitatur,
1607 672 1863 744 virtutemqnesan-

202 761 364 830 retunditur,
380 762 566 833 tranquillitas
580 764 658 837 pacis
671 763 826 821 infunditur
839 764 952 831 mundo,
977 768 1005 821 et
1059 764 1207 822 claecrucls
1218 780 1265 820 sua
1274 762 1476 821 resurrectione
1487 768 1513 818 et
1523 766 1770 833 roceprotestatnr.
1779 758 1862 815 Tunc

201 851 281 908 nans
294 849 436 919 Ecclesia,
449 851 506 922 jam
521 852 583 925 plus
596 852 722 911 ducentis
738 854 817 910 annis
832 853 955 923 latitans,
969 852 1005 911 de
1059 854 1142 910 etiarn
1165 854 1256 913 clavos
1280 852 1455 926 splendentes
1470 850 1633 907 invenerunt
1652 848 1751 923 quibus
1771 848 1866 905 ludaei

203 938 302 997 abditis
315 954 424 999 emersa
438 940 564 999 lidelibus
578 941 719 999 redditur.
1059 958 1156 1001 manus
1172 950 1198 1001 et
1213 944 1297 1016 pedes
1313 941 1421 999 Domini
1435 940 1571 1009 foderunt,
1584 947 1611 997 et
1620 938 1724 1015 gratias
1736 938 1864 996 omniurn

369 1082 376 1094 .
444 1082 451 1097 .
672 1084 678 1097 .
720 1083 728 1098 .
996 1084 1003 1098 ,
1059 1033 1194 1091 bonomm
1204 1032 1392 1107 largitoriDeo
1400 1030 1560 1089 retulerunt.
1568 1029 1722 1087 ludaacum
1732 1028 1865 1086 omnibus

237 1083 430 1139 commum
443 1091 546 1159 'mque’
572 1083 705 1144 Eoelemae
719 1093 897 1160 mmmm
914 1101 1004 1143 ΜΘΝ
1058 1122 1160 1181 tudaeis
1175 1123 1283 1180 Christo
1298 1122 1415 1179 credens
1430 1120 1593 1195 baptizatur,
1604 1126 1701 1192 postea
1710 1118 1866 1177 Hierosoli·

201 1167 274 1241 mus,
289 1171 337 1231 illo
351 1180 475 1245 ternpore
488 1174 677 1231 monarchiam
694 1175 789 1244 tenuit,
806 1192 888 1249 quarn
912 1174 1005 1233 divina
1059 1227 1167 1271 morum
1174 1211 1306 1270 Ecclesia
1313 1210 1458 1283 episcopus
1467 1210 1663 1282 Ianumque
1673 1222 1723 1280 pm
1733 1206 1865 1265 mm

200 1261 331 1335 piemin
344 1261 444 1319 ‘'ham‘'
466 1270 495 1319 ⁰¹
518 1262 594 1320 ΜΟ
609 1264 812 1339 ⁰⁰n⁸⁸ri⁰3⁰⁰⁸¹
831 1264 885 1321 ΒΜ
899 1280 1005 1365 “pins’'
1059 1302 1111 1359 sibi
1126 1301 1273 1361 commissa
1287 1300 1391 1357 illustre
1406 1299 1561 1373 martyrium
1581 1297 1726 1370 pertulisse
1749 1312 1864 1354 memo·
1936 1322 1943 1331 ·

199 1350 334 1452 piqqum
349 1350 585 1453 ⁰⁰mpuli¹.(pffl'
600 1353 693 1422 Μὴ·
708 1354 778 1409 Nam
803 1354 868 1410 dum
897 1371 1004 1455 eumffn
1059 1401 1144 1449 ratur.
1173 1394 1285 1449 Inventa
1299 1398 1390 1448 autern
1412 1405 1492 1447 cruce
1514 1387 1640 1445 diabolus
1653 1402 1717 1445 curn
1732 1386 1791 1443 diro
1802 1386 1865 1455 eju-

200 1454 292 1541 anrma
305 1439 412 1540 salvare
426 1440 520 1507 volort,
535 1458 564 1497 ιιι
577 1449 633 1498 ιοιο
648 1458 763 1516 corpore
780 1444 857 1515 lepra
874 1443 1002 1514 perludrt.
1059 1482 1115 1539 mu
1129 1482 1264 1557 apparuit·
1282 1496 1363 1537 omne
1377 1496 1459 1535 suum
1470 1478 1515 1551 jus
1530 1493 1580 1549 per
1595 1478 1646 1533 hoo
1661 1476 1765 1551 lignum
1776 1474 1863 1531 abla-

199 1530 251 1586 ch
264 1545 283 1631 ἓ
296 1528 431 1586 summ
444 1529 478 1601 (Ρ
493 1533 555 1599 ηδ’
571 1534 611 1601 νο)
625 1547 699 1603 ⁹³9⁸
714 1533 748 1587 ad
758 1531 841 1589 fidem
852 1547 1003 1632 ⁰⁰⁰v⁸s⁵⁰⁸
1059 1580 1114 1629 turn
1123 1571 1307 1627 sihiasseruit.
1321 1570 1357 1625 «J
1360 1568 1437 1634 udas,
1446 1566 1541 1641 inquit,
1553 1565 1783 1623 Dominumsuum
1791 1580 1864 1636 pro·

199 1617 361 1719 mmm
376 1634 469 1720 ΜΡ
484 1619 564 1692 lepm
579 1620 736 1688 mundam*
753 1638 807 1693 ΡΜ
822 1628 851 1677 et
871 1622 1002 1694 gau‘hum
1058 1660 1125 1717 didit
1138 1668 1165 1716 ot
1178 1660 1212 1715 ad
1226 1667 1342 1716 mortem
1358 1656 1478 1725 deduxit,
1495 1671 1567 1712 nunc
1582 1654 1651 1712 alter
1665 1654 1748 1712 ludas
1767 1652 1862 1709 omnia

198 1723 337 1810 mmm?
352 1707 484 1766 Mem
497 1724 548 1781 W
558 1726 622 1765 ⁰⁰⁰¹
632 1710 790 1811 mmm*
803 1710 1004 1812 Hflffmnffa'er
1059 1750 1093 1823 (ll
1108 1752 1167 1818 lot)
1184 1756 1288 1807 secreta
1303 1762 1363 1804 moa
1379 1745 1507 1818 prodidit,
1522 1760 1622 1802 ornnes
1637 1752 1712 1800 artes
1731 1758 1808 1799 meas
1823 1740 1862 1799 ad

200 1800 316 1899 mim
330 1806 460 1899 pem‘fpw
476 1796 540 1868 Μὴ
557 1798 671 1855 ”lum
694 1799 789 1900 ΜΨ
790 1815 807 1856 ⁰
825 1809 1000 1877 mungunur'
1017 1782 1044 1843 B
1059 1840 1189 1897 nichilum
1204 1837 1316 1895 deduxit
1342 1852 1404 1894 curn
1419 1836 1471 1893 hoc
1484 1834 1589 1909 lignum
1603 1833 1630 1888 in
1650 1832 1769 1889 medinm
1791 1846 1862 1905 pro-

200 1902 322 1947 mum
335 1886 480 1944 mlum
495 1888 655 1945 ‘Indmmm
669 1890 848 1964 agennum
859 1888 949 1947 ΜΘΗ
959 1890 1007 1946 ba'
1060 1929 1152 1995 duxit;
1167 1928 1291 1985 Julianus
1305 1880 1396 1983 a'utem
1419 1923 1561 1981 familiaris
1576 1938 1654 1979 meus
1668 1922 1723 1979 cito
1738 1920 1862 1987 rexerit,

199 1977 328 2049 prismate
341 1974 481 2035 imbuitur.
502 1977 718 2079 llisOtransactis,
730 1977 932 2080 Constantinus,
944 1978 1006 2079 bel·
1061 2036 1094 2076 ex
1108 2034 1162 2093 quo
1175 2026 1223 2074 m
1237 2015 1355 2090 proditio
1371 2013 1511 2089 prmum
1528 2012 1653 2069 habebit.
1673 2009 1774 2082 ,Quod
1784 2016 1811 2067 et
1822 2010 1863 2065 iu

1061 2188 1837 2267 ι

200 2332 332 2400 ‘’mendi‘'
347 2330 492 2433 vicmm.
503 2332 529 2433 qi
543 2349 594 2405 per
607 2334 662 2434 ¹²9⁰
682 2335 793 2436 ⁵13⁰⁰¹¹J
817 2335 937 2409 ⁵9⁰⁰dit'
959 2335 1007 2391 ΠΜ
1062 2374 1162 2450 pnihco
1177 2385 1287 2447 sumptu
1299 2372 1460 2438 construxit,
1470 2378 1574 2443 partem
1585 2368 1676 2427 crucis
1693 2366 1720 2424 in
1741 2382 1775 2424 ea
1798 2380 1865 2423 ere-

201 2419 423 2496 ⁶¹p⁹r⁸⁰m⁰m⁸'
439 2436 535 2479 ΜΝ
548 2438 684 2479 mmmm
708 2424 810 2494 ‘etum’
827 2440 907 2482 Μ
932 2424 1006 2482 ‘wa
1062 2466 1111 2533 xit,
1127 2472 1232 2537 partem
1247 2463 1275 2519 in
1299 2462 1437 2521 civitatem
1458 2458 1506 2516 srlii
1531 2459 1573 2517 sui
1600 2455 1864 2529 Constantinopolim

201 2524 264 2612 cum
273 2509 374 2613 vatillo
382 2510 672 2612 agminibuspraetulit.
684 2514 787 2615 'Hostis
796 2513 823 2570 in
839 2513 1008 2615 lupumver·
1062 2554 1148 2613 mu·
1168 2552 1271 2611 Omnes
1288 2565 1355 2622 ergo
1369 2566 1418 2623 per
1432 2564 1541 2607 omnem
1556 2546 1688 2619 redempti
1701 2546 1729 2601 pn
1747 2544 1798 2601 1130
1817 2543 1866 2599 die

200 2600 580 2674 tttur,1psesalvoerercrtu
603 2617 654 2674 per
668 2617 780 2676 signum
802 2618 894 2661 crucis
920 2612 1009 2661 victor
1063 2644 1205 2717 mandam.
1231 2642 1326 2697 laudes
1350 2640 1458 2697 christo
1482 2632 1866 2711 fledemppoffpflnganpqui

199 2690 1008 2852 zffiffldffifflffissngozffij:mma
1063 2743 1210 2808 postquam
1231 2730 1347 2788 torcular
1362 2730 1437 2787 solus
1460 2726 1575 2787 calcavit
1601 2726 1670 2793 (lto.
1698 2728 1789 2791 tntu),
1813 2738 1867 2795 per

201 2868 333 2926 Calvariae
346 2868 399 2925 sibi
407 2868 591 2925 demonstrari
601 2868 728 2941 postulat,
742 2874 893 2944 quamtum
913 2870 1009 2929 densi-

201 2964 244 3015 tas
258 2956 381 3029 veprium
395 2964 477 3030 atque
502 2956 685 3031 virgultorum
708 2967 864 3031 operuerat,
892 2967 919 3017 et
944 2959 1008 3017 idco

202 3044 360 3121 incognitus
373 3052 447 3103 erat.
465 3046 535 3103 Nam
548 3046 696 3103 transeatis
709 3047 745 3105 de
755 3049 885 3121 passione
896 3048 1006 3105 Domini

203 3134 253 3193 xt
274 3134 354 3191 annis
368 3134 485 3193 domani
504 3134 713 3195 lherosolimam
724 3135 1007 3197 lunditnsdestrnxe-
1026 3146 1050 3213 c

202 3232 273 3292 rant,
289 3224 413 3281 cleliam
428 3223 570 3283 civilatem
584 3224 680 3283 llelius
695 3226 834 3283 Adrianus
847 3235 910 3300 post
924 3227 1008 3300 longe

204 3323 327 3387 tempora
340 3313 369 3371 in
382 3314 438 3370 alio
452 3312 515 3372 loco
529 3321 729 3384 construxerat,
744 3330 886 3389 qnamsuc
896 3316 1009 3373 nomine

207 3404 314 3461 lleliam
329 3402 525 3477 appellaverat.
550 3403 685 3461 Dominus
707 3403 781 3462 enim
803 3413 882 3462 extra
904 3414 1010 3478 portam

206 3506 306 3567 passus
327 3499 356 3549 et
380 3491 503 3565 sepultus
522 3491 643 3567 lepitum
659 3492 706 3567 qui
720 3500 835 3567 uterque
853 3493 931 3552 locus
949 3510 1011 3567 quae

210 3596 283 3640 nunc
297 3589 341 3639 cst
353 3580 524 3641 Hierusalem
538 3581 621 3639 hodie
634 3583 669 3639 ab
683 3583 813 3641 omnibus
825 3583 960 3643 cernitur.

1063 2838 1159 2881 omnes
1174 2830 1271 2896 gentes
1285 2821 1360 2876 Deus
1374 2836 1388 2875 a
1404 2818 1479 2892 ligno
1495 2816 1639 2890 rapuerim
1656 2814 1684 2870 in
1703 2828 1758 2887 quo
1773 2820 1867 2869 loron-

1063 2912 1116 2970 lari
1135 2912 1230 2969 botrus
1252 2909 1330 2983 cypri
1353 2908 1451 2980 (Cant.
1470 2908 1493 2979 r)
1506 2915 1548 2963 est
1560 2920 1683 2977 pressus,
1698 2912 1724 2960 et
1738 2917 1789 2974 per
1803 2902 1867 2971 ejus

1064 3003 1161 3071 potum
1174 2995 1255 3053 nobis
1268 2993 1396 3053 omnibus
1410 2990 1555 3065 patetvitm
1564 3002 1722 3064 regressus.
1738 2985 1867 3057 Denique

1065 3090 1116 3145 hac
1130 3087 1208 3161 virga
1221 3084 1333 3141 minavit
1348 3082 1436 3140 bonus
1451 3088 1546 3154 pastor
1569 3094 1685 3155 gregem
1708 3082 1866 3149 martyrum

1064 3179 1100 3236 ad
1115 3174 1249 3235 Ecclesiae
1262 3172 1411 3246 palacium.
1465 3182 1469 3191 ’

1098 3266 1176 3325 llnda
1191 3271 1301 3322 sanctus
1317 3260 1471 3319 Alexander
1485 3274 1566 3333 papa,
1581 3258 1658 3328 cujus
1667 3254 1750 3313 hodie
1760 3253 1862 3311 lestunr

1062 3356 1169 3423 colitur,
1184 3353 1274 3413 crucis
1289 3366 1385 3409 amore
1400 3347 1544 3421 impulsus,
1561 3362 1648 3422 grege
1661 3345 1715 3401 sibi
1728 3342 1866 3401 commis-

1063 3462 1105 3515 so,
1121 3442 1267 3517 epapanis
1288 3438 1541 3513 comprehenditur,
1567 3434 1684 3494 vinculis
1707 3432 1862 3507 stringitur,

1063 3538 1092 3594 in
1106 3549 1218 3593 carcere
1242 3530 1314 3587 lame
1325 3537 1353 3586 ct
1367 3528 1411 3585 siti
1430 3533 1595 3595 maceratur,
1603 3524 1722 3599 equuleo
1732 3520 1871 3595 appendi-

1064 3633 1118 3691 tur,
1131 3620 1238 3696 ungulis
1254 3619 1368 3685 raditur,
1384 3617 1412 3672 ln
1432 3615 1544 3673 lurnunt
1566 3614 1708 3671 ardentem
1737 3609 1867 3676 mittitur,

243 3712 350 3788 Regina
369 3712 463 3787 itaque
487 3715 619 3787 proponit
641 3716 743 3774 tudaels
767 3716 909 3789 praemium
925 3714 948 3772 si
967 3714 1011 3772 lo·
1064 3716 1129 3791 igne
1143 3728 1198 3769 non
1211 3710 1326 3775 laeditur,
1351 3707 1461 3763 dernurn
1484 3704 1591 3778 punctis
1614 3700 1794 3761 creberrimis
1817 3714 1870 3771 per

207 3819 270 3862 oum
284 3802 375 3861 crucis
389 3804 653 3871 demonstraverint,
670 3805 834 3879 supplicium
859 3806 881 3861 si
897 3804 1013 3862 celave—
1065 3813 1120 3863 tota
1135 3799 1260 3859 membra
1282 3794 1430 3854 transfixus
1454 3794 1604 3867 perimitur.
1627 3792 1695 3849 Cum
1725 3804 1782 3865 quo
1811 3788 1869 3844 duo

206 3892 272 3950 rint.
291 3893 347 3949 lllis
357 3891 557 3949 affirmantibus
573 3892 626 3950 sibi
640 3893 729 3952 locum
745 3911 809 3952 esse
828 3895 1010 3969 incognitum,
1066 3890 1230 3969 presbyteri,
1253 3886 1384 3945 Eventlus
1406 3892 1434 3941 et
1447 3882 1616 3949 Theodulus,
1632 3880 1677 3937 diu
1696 3880 1724 3935 in
1754 3892 1872 3935 carcere

204 3982 337 4051 jubentur
351 3994 449 4037 omnes
463 3981 532 4038 uadi
547 3982 666 4039 llamrnis
681 3983 794 4057 ignium.
810 3982 864 4054 Qui
875 3981 1013 4054 perterriti
1066 3980 1211 4048 macerati,
1234 3978 1263 4033 in
1284 3977 1349 4050 igne
1372 3988 1485 4046 quoque
1504 3970 1664 4039 examinati,
1685 3969 1720 4025 ad
1733 3966 1862 4023 ultimum

208 4070 345 4144 quendam
358 4068 470 4125 nomine
491 4069 591 4128 ludam
615 4070 811 4141 produxerunt,
831 4072 894 4127 huic
913 4079 1015 4127 cuncta
1066 4078 1129 4129 sunt
1142 4067 1279 4126 decollati.
1296 4066 1399 4120 llorum
1431 4061 1535 4119 meritis
1558 4068 1584 4118 et
1596 4057 1724 4133 precibus
1747 4054 1875 4113 accedite

208 4166 274 4216 nota
286 4172 348 4215 esse
367 4166 550 4215 astruxerunt.
558 4157 680 4229 Quicum
690 4176 720 4217 se
730 4160 931 4233 scirenegarat,
940 4160 968 4215 in
977 4159 1016 4214 la·
1068 4156 1149 4213 hodie
1162 4154 1197 4211 ad
1211 4154 1340 4208 thronum
1354 4146 1451 4221 gloria
1466 4153 1496 4203 ut
1511 4145 1676 4217 triumphum
1704 4144 1761 4198 Deo
1778 4140 1875 4197 'dicate

212 4262 275 4305 cnm
286 4245 402 4302 mittitur
421 4245 927 4319 inquotamisetsitlsinediaallicitur;
940 4256 1015 4320 post·
1068 4240 1132 4313 (sic)
1155 4240 1237 4297 liceat
1264 4250 1326 4293 cum
1352 4230 1408 4287 illis
1433 4231 1461 4287 in
1488 4231 1570 4304 pleno
1598 4226 1700 4302 gaudio
1728 4224 1876 4326 perhenne

213 4350 293 4407 quarn
307 4334 425 4407 spondet
434 4350 465 4391 se
489 4335 579 4391 locum
589 4335 849 4407 demonstraturum,
876 4337 1013 4395 educitur.
1069 4328 1181 4389 alleluia
1223 4340 1363 4383 resonare.
1406 4318 1488 4391 Quod
1527 4318 1623 4377 oculus
1650 4331 1706 4373 non
1734 4313 1810 4387 ‚vadat
1853 4310 1881 4384 (l

213 4422 321 4497 llepina
334 4437 401 4480 vero
415 4436 448 4481 ac
461 4423 564 4497 populo
574 4425 759 4497 commitante,
770 4426 805 4483 ad
814 4427 903 4485 locum
914 4425 1015 4500 pergit,
1030 4418 1057 4481 D
1076 4420 1138 4477 Cor.
1154 4418 1200 4489 n).

255 4572 291 4637 In
312 4572 392 4637 leste
416 4580 599 4640 sanctorum
625 4577 764 4661 Philippi
789 4588 822 4645 et
844 4580 956 4644 lacobi
979 4591 1188 4642 sermonem«
1216 4572 1362 4637 Christus
1376 4582 1547 4649 resurgens
1575 4584 1590 4621 a
1614 4560 1745 4643 loquere
1769 4554 1879 4621 ethis

217 4672 326 4739 verbis
340 4672 493 4737 conclude
508 4693 516 4736 :

255 4859 349 4919 Sancti
363 4860 481 4933 apostoli
496 4862 638 4936 Philippus
654 4873 681 4923 et
694 4866 822 4937 lacobus,
838 4882 954 4942 quorum
973 4869 1024 4925 ho-
1077 4862 1232 4925 cationibns
1258 4859 1294 4916 ad
1317 4856 1456 4916 Christum
1483 4847 1625 4915 convertit,
1651 4844 1736 4903 multa
1758 4840 1880 4942 adversa

219 4949 533 5024 dissolemniaagimus,
547 4953 835 5030 descendentesque
850 4958 1022 5015 sitientem·
1076 4953 1197 5029 pertulit,
1213 4950 1322 5009 demum
1337 4944 1427 5004 crucis
1450 4940 1612 5013 supplicium
1631 4951 1683 5009 pro
1704 4947 1793 5033 regno
1815 4941 1880 4987 vttae

217 5039 343 5113 plius.ct
353 5054 412 5097 non
422 5043 617 5112 percutietaos
627 5048 747 5102 escures
756 5048 808 5111 rol,
818 5048 952 5119 quoniam
964 5048 1023 5103 mi·
1078 5042 1161 5101 subiit
1173 5050 1199 5098 et
1214 5055 1263 5112 per
1277 5036 1367 5095 crucis
1380 5030 1545 5103 triumphum
1560 5025 1699 5085 Christum
1713 5018 1877 5123 crucrllxum

219 5131 432 5186 scrotorcoram
441 5133 573 5201 repetens
587 5136 617 5189 et
636 5134 673 5190 cd
686 5135 752 5191 vitre
773 5138 868 5206 sontes
882 5152 1024 5209 aquarum
1078 5132 1170 5189 subiit.
1185 5129 1305 5188 lacobus
1319 5132 1407 5181 autem
1424 5120 1515 5177 llariae
1530 5116 1669 5187 Cleophis,
1687 5111 1792 5212 smhcet
1818 5124 1880 5165 naa·

217 5218 383 5291 pctobltcoa
398 5216 465 5289 (lac.
485 5224 572 5291 sarx).
600 5220 655 5285 Qui
678 5223 800 5279 enimin
826 5223 909 5280 domo
937 5224 1024 5281 Patris
1079 5230 1119 5281 tre
1139 5220 1203 5293 (ric)
1218 5215 1335 5282 Domini,
1361 5218 1389 5269 el
1411 5208 1508 5282 Alphei
1534 5204 1607 5263 lilius
1632 5198 1881 5298 Hierosoltmornrn

222 5304 323 5362 multas
347 5305 504 5364 mansiones
519 5324 581 5365 esse
595 5323 612 5364 a
625 5309 732 5368 Christo
756 5312 918 5381 audierunt,
942 5313 1025 5370 bodie
1079 5309 1211 5369 Ecclesiae
1225 5307 1258 5377 (lt
1273 5308 1322 5362 tot
1339 5304 1377 5375 ιι)
1391 5301 1425 5357 ab
1439 5294 1571 5372 apostolis
1587 5301 1629 5351 est
1647 5290 1789 5389 ordinatas
1812 5302 1877 5387 apr.-

220 5394 350 5451 clariores
365 5394 478 5452 laureati
502 5396 681 5468 intraverunt,
704 5400 752 5457 ubi
768 5401 829 5459 lons
853 5402 916 5459 vitae
936 5404 1025 5459 tristi·
1079 5416 1194 5473 scopus.
1212 5396 1265 5467 Qui
1279 5408 1341 5451 curn
1356 5388 1474 5461 scriptis,
1491 5383 1583 5443 verbis
1597 5378 1770 5452 etcremphs
1790 5382 1817 5433 el
1840 5392 1882 5431 sr-

219 5481 292 5541 ciam
306 5498 402 5541 eorum
426 5482 454 5539 in
477 5485 608 5558 gaudium
631 5490 765 5547 convertit
780 5490 845 5547 dum
861 5492 1024 5550 eiaPatrem
1079 5490 1142 5567 gnis
1170 5486 1312 5544 maximam
1336 5476 1533 5536 multitudinem
1553 5472 1593 5529 da
1614 5468 1711 5527 tuder
1732 5465 1780 5565 sd·
1795 5464 1882 5565 hdern

220 5586 302 5644 quern
317 5572 513 5629 desiderabant
527 5576 660 5644 ostendit;
677 5595 750 5636 nunc
764 5579 856 5637 lumen
871 5582 899 5637 in
919 5582 1024 5639 lumine
1080 5577 1277 5638 convertissent
1292 5572 1352 5641 (sic)
1367 5576 1393 5625 et
1406 5568 1435 5623 in
1447 5561 1570 5638 paschali
1584 5558 1631 5616 die
1643 5556 1828 5615 testlmonrurn
1839 5553 1884 5610 dt·

221 5658 325 5727 vident,
342 5660 405 5731 quia
419 5659 516 5717 Filium
530 5664 557 5719 in
574 5666 652 5724 Patre
667 5684 780 5727 cernere
795 5668 867 5727 licet.
893 5671 933 5726 Ex
963 5672 1026 5745 qui·
1080 5666 1184 5725 vinitati
1213 5662 1314 5721 Christi
1337 5672 1431 5717 coram
1452 5652 1527 5710 omni
1541 5647 1642 5723 populo
1657 5647 1685 5703 in
1706 5644 1810 5717 tunplo
1830 5658 1882 5743 ra-

225 5743 276 5802 bus
290 5745 435 5821 Philippus
448 5764 522 5822 pena
536 5759 620 5812 totam
645 5756 754 5831 Syriam
778 5758 866 5834 signis
888 5768 914 5820 cr
928 5760 1028 5835 μηρὼ.
1079 5758 1197 5825 tulisset,
1222 5746 1400 5811 al'harisaeia
1421 5752 1464 5803 eat
1482 5738 1667 5817 prmclplltlttt
1689 5734 1724 5793 de
1737 5730 1885 5793 tllllffltt
