3942 6067
83 279 132 335 cu
243 312 247 317 -
369 274 614 338 ·sescusuu
635 272 1245 336 accures..-uu1uvsur10uas.
1268 270 1392 335 cuncus
1686 276 1739 335 se
1856 256 1860 263 ’

84 419 165 477 quam
194 402 238 459 bio
264 408 291 459 et
321 402 349 458 in
372 416 488 474 corpore
515 412 542 460 et
565 404 594 459 in
622 404 706 461 rebus
725 402 886 460 *babuerunt
899 401 931 463 Α
942 400 1092 475 fulgescet.
1107 402 1142 458 Et
1155 416 1210 457 non
1222 409 1299 459 emnt
1314 400 1408 472 priora
1421 398 1449 455 in
1466 398 1599 457 memoria
1611 416 1664 472 pro
1678 416 1741 457 om·

85 492 113 547 in
125 499 206 556 terra,
222 497 288 547 tuno
303 508 352 547 sua
363 491 483 563 duplicia
498 493 689 564 possidebunt,
705 492 770 566 quia
784 492 812 547 in
826 490 888 547 aui·
943 489 1057 545 nimods
1072 508 1152 564 quem
1167 491 1240 548 hunc
1252 488 1397 546 habuerint
1412 488 1514 559 glorie.
1532 489 1622 561 Super
1632 503 1743 547 cernon
1855 496 1861 503 “

87 597 132 637 rna
147 579 227 638 simul
243 581 571 654 etcrtrporeyaudebunt.
585 582 749 653 Hocduplex
759 579 891 654 gaudium
943 579 1092 635 ascendent
1108 579 1178 635 mala
1193 586 1338 651 pretenta,
1355 578 1403 635 sed
1419 576 1447 633 in
1462 580 1661 651 sempiternum
1671 593 1744 652 gau·

87 684 162 727 nuno
189 669 400 743 praesignamus,
415 686 477 727 curn
505 670 560 727 duo
574 672 699 728 Alleluia
717 671 754 727 nd
776 669 890 725 missam
944 668 1047 726 debunt
1068 676 1095 727 et
1110 669 1269 726 exultabunt
1291 667 1318 724 in
1333 666 1442 725 leticia.
1460 666 1567 741 ltaque
1597 666 1745 741 karissimi,

85 775 261 817 resonamus.
278 758 363 817 Totus
378 768 469 817 autem
484 760 604 817 mondus
618 760 702 817 nobis
715 773 790 817 nnnc
804 758 893 817 inbac
947 755 1019 814 istud
1033 758 1161 829 paschale
1176 756 1276 814 festum
1297 755 1334 813 ita
1348 756 1466 813 assiduis
1480 756 1531 812 Dei
1546 756 1674 813 laudibus
1703 772 1748 815 ee·

87 847 234 907 tenuiore
256 846 427 919 applaudere
449 850 655 921 oompmbatur,
670 865 735 905 curn
759 847 893 905 redivivis
947 846 1063 914 labrem,
1093 846 1210 903 elbonis
1225 846 1356 917 operibus
1384 845 1419 901 ad
1436 843 1554 901 iuturnm
1584 845 1683 903 laetum
1698 861 1748 903 vos
1851 890 1857 913 ,

88 936 234 995 ornatibus
255 936 415 1005 innovatur,
436 952 492 1011 qua
515 946 582 996 tnnc
593 954 646 1011 pro
663 938 754 1013 gloria
774 936 892 994 liliorum
946 935 982 992 ita
994 944 1144 1009 preparate
1159 944 1187 991 ut
1202 950 1263 993 oum
1280 936 1353 993 Deus
1368 935 1538 992 Hierusalem
1553 934 1748 993 exultationem

89 1027 292 1084 succumbens
318 1041 428 1083 omnem
444 1034 598 1085 creaturam
619 1026 715 1084 mundi
736 1026 890 1094 inmutabit,
946 1032 973 1080 et
988 1025 1119 1097 populum
1146 1025 1204 1095 ojus
1220 1023 1356 1082 creaverit
1382 1023 1523 1097 gaudium,
1553 1039 1605 1081 vos
1623 1023 1652 1080 in
1674 1039 1749 1081 nora

89 1115 192 1173 coelnm
213 1131 315 1172 novum
336 1126 365 1172 et
379 1124 484 1173 terram
503 1115 719 1175 novamcreabit
734 1117 801 1188 (tro.
814 1116 889 1187 xxv),
946 1114 1127 1171 llierosoltma
1141 1112 1317 1185 perhenniter
1346 1113 1472 1171 exultetis
1494 1119 1520 1169 et
1534 1114 1610 1169 Deus
1632 1113 1750 1186 gaudeat

87 1213 117 1263 ct
131 1204 231 1262 coelurn
246 1204 280 1276 (ys
292 1205 395 1277 tbulut
409 1204 452 1262 rol
461 1204 646 1278 splendescet,
656 1214 684 1262 et
694 1213 803 1263 terrant
812 1219 893 1275 para·
944 1204 973 1258 in
989 1204 1067 1259 vobis
1081 1204 1128 1261 ubi
1138 1211 1180 1261 cst
1194 1203 1327 1276 splendor
1340 1210 1367 1259 et
1381 1202 1425 1257 lux
1436 1211 1570 1276 perpetua
1585 1210 1612 1259 et
1622 1202 1681 1259 siue
1691 1200 1746 1259 fine

89 1295 176 1367 dysus
189 1294 326 1364 ilorescet,
342 1293 408 1351 luna
424 1293 503 1352 utsol
513 1294 725 1369 septempliciter
732 1310 815 1368 quam
823 1308 897 1351 nuno
950 1292 1061 1350 laetioia.
1078 1291 1165 1365 Quam
1183 1291 1280 1351 oculus
1290 1308 1347 1349 non
1360 1289 1427 1349 vidit
1440 1290 1514 1365 (Cor.
1531 1292 1574 1365 rt),
1589 1295 1648 1350 elo.

131 1475 167 1539 Si
181 1474 317 1557 populus
331 1474 363 1536 in
388 1472 500 1554 Hay'ori
514 1472 645 1535 Letauia
675 1470 871 1549 confluxerit,
893 1489 1073 1537 sermonem
1104 1471 1455 1554 Gbrr‘stusresurpens,
1484 1471 1537 1535 vel
1564 1470 1653 1537 Oculi
1680 1474 1751 1539 Do·

89 1581 174 1643 mrirr'
186 1580 290 1644 lacere
304 1579 423 1660 poteris
439 1599 447 1654 ;
465 1586 497 1641 et
511 1578 580 1641 baec
594 1580 635 1641 de
649 1585 758 1641 sancto
773 1578 881 1641 Marco
895 1580 1030 1661 adjicies
1047 1598 1054 1641 ι

129 1766 228 1837 Hodie,
244 1765 392 1833 badssimi,
408 1773 535 1824 sanetum
549 1766 668 1823 Marcum
692 1760 834 1837 implorate
850 1776 901 1836 pro
954 1769 1114 1827 sacerdotio
1142 1768 1311 1843 iungeretur,
1320 1768 1372 1827 sibi
1386 1766 1515 1842 pollicem
1523 1767 1683 1840 empserit.
1697 1768 1752 1827 Sed
1815 1800 1819 1807 ·

93 1858 197 1915 vestris
211 1856 430 1921 necessitatibus,
452 1854 500 1929 qui
515 1854 565 1911 tuit
579 1854 658 1928 quasi
673 1870 759 1911 unum
778 1853 813 1909 de
830 1867 901 1926 qua·
955 1875 1017 1916 cum
1033 1866 1107 1916 esset
1122 1857 1176 1917 lide
1191 1858 1310 1932 integer,
1321 1857 1446 1915 Ecclesia
1464 1874 1527 1915 eum
1555 1856 1715 1931 episcopum
1729 1857 1758 1915 in

95 1956 161 2005 tuor
169 1944 297 2019 paradysi
312 1944 481 2001 Hominibus.
502 1942 556 2014 Qui
571 1943 687 2001 sormam
714 1942 804 1999 leonis
818 1940 900 2015 gerii.
954 1948 1143 2005 alexandrina
1157 1948 1222 2005 sede
1234 1946 1378 2006 exaltavit.
1396 1946 1449 2017 Qui
1463 1946 1595 2020 pupulum
1618 1946 1759 2006 sibioom-

99 2037 164 2110 quia
179 2036 208 2092 in
223 2035 334 2092 deserto
348 2033 535 2104 hujusmundi
550 2048 605 2090 vox
619 2032 819 2107 praedicationis
841 2030 901 2101 ejus
954 2036 1070 2095 missum
1084 2037 1175 2105 suctim
1195 2036 1288 2105 dietis,
1308 2036 1421 2108 seriptis
1435 2036 1565 2095 nobiliter
1591 2036 1720 2093 instruxit
1734 2044 1762 2093 et

99 2134 130 2183 ut
145 2124 234 2183 leonis
243 2122 397 2195 personuit.
416 2122 494 2180 Unde
509 2130 536 2179 et
547 2120 720 2196 evangelium
729 2121 790 2195 ejus
804 2120 832 2176 in
846 2135 899 2193 pa·
955 2126 1086 2199 gloriosis
1100 2126 1239 2184 miraculis
1254 2126 1364 2185 inclitus
1374 2125 1457 2181 iulsit.
1474 2127 1505 2181 In
1520 2124 1647 2199 paschali
1670 2134 1761 2183 autem

97 2213 188 2273 lethali
202 2212 371 2287 dialogilur,
385 2209 584 2285 quiaChrislus
611 2218 640 2267 ul
654 2209 698 2269 leo
713 2209 901 2267 resurrexisse
915 2204 942 2265 Β
958 2216 1032 2273 dieu
1058 2216 1175 2291 pugneis
1198 2216 1452 2289 comprehenditur,
1477 2214 1604 2287 graviter·
1619 2213 1760 2290 affligitur,

98 2303 280 2362 describitur·
313 2301 361 2357 Hic
390 2316 452 2357 cum
467 2300 552 2356 Paul0
578 2300 607 2356 in
626 2298 851 2373 praedictiionem
866 2298 902 2355 tib
959 2307 1024 2364 lune
1050 2304 1077 2363 in
1093 2304 1164 2362 collo
1178 2305 1238 2374 ejus
1263 2305 1347 2363 misso
1363 2322 1413 2377 per
1426 2320 1525 2361 saxosa
1543 2302 1617 2375 loca,
1632 2304 1759 2373 trahitur,

97 2391 230 2466 apostolis
241 2390 404 2461 destinetur,
419 2388 590 2463 multumque
605 2387 631 2444 ci
645 2389 673 2445 in
689 2388 774 2445 verbo
788 2388 838 2445 Dei
854 2403 903 2445 cn·
959 2411 1024 2453 curo
1034 2397 1092 2466 ejus
1104 2396 1171 2467 ¹iiiuc
1186 2403 1213 2452 et
1227 2394 1291 2453 iude
1320 2394 1393 2451 serie
1407 2393 1580 2466 discerpitur.
1597 2392 1705 2450 Deinde
1734 2394 1763 2450 in

98 2489 244 2555 opertitr·
264 2481 342 2537 Hunc
357 2480 454 2537 britius
479 2479 577 2535 Pelliti
592 2478 748 2550 bipiiziiib
764 2477 798 2535 de
813 2474 904 2533 stillic-
958 2500 1106 2542 carcerem
1122 2484 1282 2556 ralmditur,
1298 2484 1325 2539 in
1341 2484 1513 2557 quodmedie
1527 2483 1650 2540 nocteab
1660 2483 1762 2555 angelo

99 2587 154 2645 que
169 2569 255 2626 lilium
270 2568 388 2626 levavit.
403 2568 453 2625 liic
468 2584 531 2625 cum
546 2584 580 2624 eo
595 2568 689 2625 Rome
703 2566 906 2641 positusEvan·
960 2572 1138 2641 conterretur,
1169 2572 1231 2629 exin
1259 2573 1293 2629 ab
1328 2572 1388 2646 ipso
1421 2571 1553 2643 risimus,
1581 2570 1616 2627 ub
1641 2570 1763 2628 coelestia

101 2660 205 2734 retium
229 2659 331 2731 scripto
369 2658 466 2723 edidit.
495 2656 569 2730 quod
594 2659 770 2729 postmodum
798 2656 826 2711 in
850 2664 906 2713 toto
959 2679 1047 2737 regna
1062 2669 1189 2719 vocetur.
1209 2662 1301 2719 eluere
1329 2660 1384 2731 dle,
1399 2659 1607 2731 dumsoimpiis
1636 2660 1760 2730 trabitur,

105 2750 209 2806 mundo
223 2748 325 2805 sonuit.
344 2748 558 2805 AbetloPeiro
573 2746 608 2802 td
622 2746 795 2820 Aquilegiam
810 2746 908 2820 dirigi·
960 2752 1077 2809 aoarnis
1093 2750 1214 2809 cruciatu
1242 2749 1401 2819 absolvitur,
1427 2749 1582 2807 letantibus
1611 2747 1718 2824 angelis
1734 2750 1763 2805 in

101 2838 385 2911 caeninensium
398 2841 517 2909 popule
545 2836 757 2894 comerrien
784 2834 905 2909 acquiri·
960 2840 1040 2898 eoetis
1056 2840 1239 2914 conjungitur.
1269 2838 1352 2910 eujus
1381 2855 1481 2911 corpus
1496 2846 1591 2911 poster
1620 2838 1763 2895 Veneriam

103 2936 160 2984 tur.
172 2927 280 2985 Deinde
295 2928 410 2985 {tomam
424 2943 488 2983 enm
511 2926 681 2998 Hermagora
696 2926 849 2997 revertitur,
878 2932 906 2981 el
960 2938 1001 2987 est
1016 2928 1175 2986 translatum
1191 2936 1218 2985 et
1232 2926 1267 2998 (ι)
1282 2930 1333 2983 teu
1348 2929 1388 3000 ιθ)
1404 2928 1516 2984 ιιιιιΙιιιιιι
1532 2926 1677 2985 virtutibus
1695 2930 1760 3003 glo·

101 3018 294 3090 Hermagoras
317 3016 428 3090 qnidam
442 3032 494 3089 pro
514 3032 549 3073 eo
569 3014 868 3087 episcopusordinatus
889 3030 907 3071 a
959 3018 1107 3077 rilioatum.
1127 3018 1213 3087 Huius
1227 3016 1379 3074 doctrinam
1394 3016 1501 3074 debetis
1515 3017 1542 3073 in
1558 3018 1686 3075 omnibus
1704 3018 1764 3075 imi·

102 3106 322 3165 Petro.llarcns
349 3120 417 3163 vero
432 3107 462 3160 in
486 3106 632 3179 AEyyptum
658 3104 849 3177 proficiscitur,
879 3111 906 3161 et
959 3108 1021 3175 tari,
1036 3116 1064 3164 ut
1078 3107 1189 3179 possitis
1202 3107 1261 3178 ejus
1277 3106 1548 3181 gloriaeparticipari.
1566 3105 1655 3177 Quam
1665 3107 1763 3165 oculus

103 3195 273 3253 Alexandria
300 3211 351 3269 per
378 3210 443 3252 earn
462 3195 531 3268 jugo
554 3192 620 3251 lidei
638 3193 792 3265 subjicitur.
809 3193 864 3261 Qui
872 3210 907 3251 ne
960 3214 1016 3256 nou
1029 3197 1095 3256 vidit
1109 3197 1134 3269 (l
1149 3196 1214 3257 dor.
1236 3194 1269 3270 ιι)
1283 3205 1310 3253 et
1325 3205 1438 3255 cetera.

429 3498 506 3593 DE
538 3498 899 3599 INVENTIONE
931 3505 1177 3603 SANCTAE
1211 3506 1431 3604 CRUClS.

140 3706 765 3781 Sipontumcatruperooclumcnvnlturtul,
777 3709 904 3781 maniae,
919 3710 945 3775 C
959 3711 1005 3770 ille
1014 3712 1105 3769 luteus
1124 3710 1302 3770 eminentiam
1317 3710 1390 3768 illius
1405 3708 1501 3784 gloriae
1521 3710 1674 3784 adeptums
1688 3720 1763 3771 esset

106 3796 195 3867 (Ptol.
213 3795 264 3869 tv).
292 3796 396 3855 Lumen
417 3794 572 3852 uultusDei
585 3803 627 3853 est
652 3796 776 3855 Christus
790 3801 839 3871 qut
865 3804 907 3855 eat
961 3800 996 3858 de
1011 3817 1063 3874 qua
1077 3801 1137 3874 ipse
1152 3800 1287 3876 gloriosus
1301 3801 1432 3872 expulsus
1444 3798 1553 3869 inisset,
1567 3800 1664 3857 eodem
1679 3801 1763 3858 modo

109 3883 243 3957 splendor
256 3884 351 3959 gloriae
363 3893 391 3943 et
413 3882 504 3959 ligura
517 3884 677 3943 substantie
704 3887 773 3958 ejus,
788 3887 836 3959 qui
863 3895 908 3944 est
961 3905 1016 3965 qun
1032 3890 1090 3961 lpse
1105 3888 1206 3947 corruit
1232 3888 1375 3945 bominem
1402 3904 1514 3962 quoque
1528 3887 1562 3944 ad
1575 3888 1678 3945 minam
1706 3890 1762 3946 irn-

107 3990 174 4032 vera
188 3974 234 4031 lux
250 3991 312 4049 qnae
324 3990 434 4033 omnem
451 3974 590 4031 homiuem
606 3974 740 4032 illuminat
765 3978 858 4047 (loon.
874 3975 906 4048 r),
961 3976 1043 4051 pulit.
1063 3977 1113 4035 ilci
1127 3978 1228 4035 etenim
1242 3976 1448 4033 similitudinem
1464 3976 1516 4033 sibi
1532 3977 1671 4049 usurpavit
1686 3984 1713 4034 el
1726 3977 1762 4034 ad

107 4077 189 4138 mam
226 4064 326 4121 horror
349 4065 524 4122 tenebrarum
555 4079 656 4137 capere
692 4082 747 4124 nou
789 4073 905 4138 poterat.
961 4066 1034 4125 hanc
1058 4066 1308 4139 concupiscendam
1335 4065 1472 4123 hominem
1500 4064 1652 4137 instigavit.
1690 4065 1761 4137 Quid

107 4154 167 4209 Ho'c
194 4152 287 4211 lumen
308 4161 350 4210 est
377 4170 461 4226 super
474 4168 529 4211 noa
543 4151 690 4229 signatum,
717 4171 778 4213 cnm
806 4154 906 4211 Christi
962 4156 1043 4228 plura
1057 4156 1071 4211 l
1087 4154 1447 4222 Homodieboloconsensit,
1464 4154 1587 4211 devetito
1600 4155 1762 4229 lingonum·

107 4257 208 4299 nomen
221 4242 251 4297 lu
273 4240 409 4299 frontibus
425 4242 527 4300 nostris
554 4259 606 4315 per
620 4251 722 4301 mactae
736 4243 827 4301 crucis
853 4243 907 4299 im·
961 4246 1059 4302 medlt.
1079 4246 1130 4301 Per
1143 4244 1267 4318 lingnam
1283 4242 1312 4300 fit
1322 4260 1398 4312 reus,
1411 4252 1436 4301 et
1447 4242 1594 4301 offenditur
1617 4245 1705 4301 Deus.
1721 4246 1762 4302 De

108 4331 280 4403 pressionem
294 4340 337 4388 ast
355 4332 504 4390 chrismate
532 4340 665 4390 notatum.
681 4333 740 4390 Hos
753 4332 852 4391 mlnbs
875 4333 911 4389 si·
962 4334 1100 4408 paradyso
1114 4334 1140 4390 iu
1159 4333 1269 4393 exilium
1289 4332 1405 4406 ejicitur,
1421 4334 1513 4389 multis
1540 4334 1660 4390 miseriis
1674 4332 1761 4392 affici-

106 4437 193 4495 ynum
212 4420 435 4494 sarminetum
461 4422 618 4480 inmaculati
628 4422 783 4479 dedicatum
798 4430 839 4479 est
857 4438 909 4479 an·
963 4431 1015 4490 tur,
1032 4430 1058 4480 et
1069 4424 1121 4495 ipsi
1135 4422 1216 4479 morti
1230 4422 1363 4479 addicitur
1377 4422 1386 4481 l
1391 4422 1460 4480 Gen.
1480 4424 1568 4494 ιι-ιιι).
1587 4422 1690 4481 Unicus
1707 4424 1762 4480 ita-

109 4509 180 4583 gelis
194 4518 221 4567 et
230 4509 390 4567 hominibus
404 4510 605 4567 venerandum.
620 4512 671 4569 Per
686 4512 741 4569 boc
750 4512 852 4585 quippe
861 4528 910 4567 sn·
964 4529 1018 4587 que
1033 4512 1121 4568 Patris
1135 4513 1169 4569 de
1184 4510 1254 4569 solio
1266 4510 1360 4585 gloriae
1374 4510 1503 4579 surrexit,
1523 4526 1636 4569 carnem
1664 4512 1760 4580 induit,

107 4607 296 4657 musamorte
326 4598 502 4670 reconciliati,
517 4616 569 4673 per
595 4600 647 4656 boc
661 4601 801 4656 snmusad
829 4599 910 4655 vitam
963 4618 1014 4675 pro
1031 4601 1145 4659 seducto
1172 4616 1254 4657 servo
1268 4600 1296 4657 in
1311 4614 1450 4657 carcerem
1477 4600 1561 4657 venit.
1575 4602 1684 4673 Elqula
1708 4602 1764 4656 im·

110 4688 242 4762 reparati.
256 4689 309 4746 Per
324 4688 379 4746 boo
393 4704 520 4761 supemae
533 4690 617 4746 curie
624 4690 797 4745 suntdamna
807 4696 912 4746 restan-
965 4690 1088 4748 mortalis
1103 4689 1247 4757 formatur,
1263 4688 1351 4745 iactus
1361 4688 1674 4760 estputredo,tormetor
1687 4696 1766 4745 retes

109 4785 188 4846 ratae,
206 4794 257 4850 per
277 4778 331 4834 boc
353 4776 515 4852 angelorum
542 4778 681 4853 eyminum
696 4778 798 4853 gaudia
823 4777 913 4849 dupli·
965 4796 1019 4837 nus
1033 4776 1063 4834 lit
1077 4779 1188 4846 sennis,
1204 4786 1306 4834 ulenm
1317 4778 1474 4834 reconciliet
1485 4777 1556 4833 Deo.
1573 4776 1721 4833 Diabolum
1736 4792 1767 4834 se

109 4873 180 4924 cata.
196 4868 270 4923 Deus
286 4882 403 4940 namque
417 4866 592 4938 omnipotens
605 4866 725 4924 coelestis
739 4866 911 4924 Hierusalem
966 4879 996 4927 ut
1010 4866 1274 4942 primumlrominem
1284 4874 1464 4939 temptantem
1479 4867 1630 4938 superavit,
1645 4865 1673 4920 iu
1689 4865 1768 4939 ligno

109 4955 249 5029 palacium
263 4956 298 5011 ad
312 4956 426 5012 laudern
443 4955 486 5012 sui
501 4954 913 5031 splendifluisordinibusange·
966 4958 1058 5018 crunis
1069 4957 1240 5031 triumphans
1251 4956 1347 5013 fortem
1361 4956 1467 5029 ligavit,
1498 4955 1639 5011 bominem
1655 4954 1768 5011 redem-

108 5044 197 5101 lorum
218 5044 339 5115 pleniter
352 5044 489 5110 instruxit,
505 5046 554 5101 sed
570 5047 676 5116 primus
701 5046 912 5120 archangelusa
926 5062 952 5123 1)
967 5058 1043 5121 ptum
1057 5047 1093 5105 de
1108 5046 1192 5104 exilio
1206 5048 1241 5103 ad
1258 5046 1372 5120 patriam
1389 5060 1536 5117 supernam
1547 5044 1693 5102 revocarit.
1703 5044 1769 5103 Haeo

111 5134 170 5191 ileo
193 5132 335 5200 recedens,
363 5133 416 5190 hoo
431 5134 556 5205 nequiter
578 5134 720 5202 destruxit,
748 5144 909 5208 partemque
963 5137 1109 5195 victoriose
1127 5152 1194 5194 crux
1208 5143 1250 5193 est
1259 5137 1292 5192 ab
1303 5135 1379 5192 initio
1394 5134 1486 5190 multis
1509 5136 1599 5191 modis
1613 5134 1768 5207 praesigna·

112 5223 276 5296 angelorum
299 5221 335 5278 de
358 5222 428 5279 ooelo
454 5222 613 5278 abstrahens
635 5239 727 5281 secum
754 5224 789 5280 ad
804 5232 910 5279 tartara
962 5234 1000 5291 ta,
1017 5226 1045 5281 in
1061 5243 1114 5300 qrra
1129 5226 1185 5283 sole
1200 5234 1262 5281 silut
1287 5225 1378 5281 omnia
1394 5224 1422 5280 in
1435 5222 1513 5281 ooelis
1535 5230 1562 5280 et
1576 5223 1604 5279 in
1619 5223 1701 5279 terris
1726 5222 1767 5278 in-

111 5309 198 5367 duxit.
214 5312 349 5367 Damnum
366 5311 450 5380 hujus
463 5310 548 5368 ruinae
562 5313 657 5368 voleus
672 5313 746 5370 Deus
766 5328 908 5383 reparare,
964 5323 1095 5372 staursta.
1114 5316 1164 5371 Per
1190 5314 1262 5371 hanc
1276 5313 1312 5389 (ιθ
1328 5315 1388 5385 toi)
1403 5312 1484 5370 nobis
1499 5316 1598 5371 crisma
1625 5312 1761 5384 baptisma

111 5400 148 5457 da
161 5400 227 5456 limo
239 5400 378 5456 bominem
406 5400 537 5467 condidit,
553 5416 671 5473 eumque
685 5402 713 5457 in
741 5401 910 5473 paradysum
964 5402 1063 5460 Christi
1079 5404 1203 5477 corporis
1213 5414 1385 5460 sacramenta
1399 5412 1610 5469 consecrentur,
1627 5418 1678 5475 peu
1692 5404 1761 5459 banc

113 5489 194 5545 totius
208 5487 355 5551 voluptatis
366 5488 468 5561 posuit.
480 5488 600 5547 Cunctas
609 5488 721 5546 delicias
740 5490 870 5563 paradysi
885 5490 911 5546 ei
965 5504 1065 5551 cuncta
1079 5492 1222 5551 benedicta
1236 5495 1416 5550 mundantur.
1437 5494 1487 5549 Per
1496 5490 1767 5549 bauccunctnoallidi

112 5578 258 5645 concessit,
274 5577 355 5635 unius
374 5579 561 5636 tantummodo
579 5580 686 5635 arboris
700 5578 817 5636 fructum
843 5596 911 5653 pro·
964 5582 1052 5641 bostis
1067 5583 1286 5641 machinamenta
1300 5582 1496 5653 dissolvuntur,
1518 5598 1570 5655 per
1588 5580 1769 5641 haecomnia

112 5674 174 5740 pter
184 5667 370 5728 obedientiam
384 5667 534 5727 interdixit.
561 5668 693 5728 Diabolus
703 5684 777 5741 vero,
808 5668 913 5727 invidia
965 5673 1083 5733 adversa
1097 5672 1260 5732 vincuntur.

114 5756 281 5829 stimulatus,
291 5756 349 5831 jam
363 5756 438 5818 omni
450 5758 524 5819 bono
536 5758 671 5835 privatus,
687 5759 762 5836 quod
783 5756 913 5820 videlicet
1004 5762 1079 5823 Deus
1092 5764 1128 5822 ab
1142 5763 1218 5823 initio
1239 5762 1405 5839 paradysum
1419 5760 1566 5841 voluptatis
1594 5760 1728 5839 plantavit
1742 5758 1771 5821 in
