3942 6067
178 249 231 308 439

514 241 665 299 HONOHH
683 231 935 298 AUGUSTODUN.
957 229 1040 287 OPP.
1061 230 1152 289 Palas
1171 233 1207 287 ll.
1227 262 1261 274 —-
1280 223 1499 288 EHEGETICH.

1775 211 1831 274 tto

178 374 242 447 plus
256 368 427 442 tropologiae,
442 347 527 440 ¹quam
541 364 682 439 allegoriae
704 362 857 428 ascribitur,
874 359 937 432 quia
951 357 979 411 in
992 355 1020 415 A
1034 356 1187 428 spirituales
1204 375 1211 412 :
1227 356 1322 427 Qualis
1336 359 1379 410 est
1398 346 1514 407 dilectus
1536 351 1598 402 tuus
1620 357 1657 397 ex
1678 336 1789 408 dilecto,
1810 355 1831 396 o

182 463 245 519 boc.
263 457 386 516 Ecclesia
400 455 562 527 penitentes
575 454 609 508 ad
630 454 716 509 bonos
736 465 828 506 mores
842 449 976 504 hortatur.

181 552 216 606 Ει
231 549 295 604 ideo
311 547 356 603 hle
370 543 501 616 allegoria
514 541 616 598 deficit.
634 543 715 597 Juxta
728 553 873 612 anagogen
891 543 981 591 eutem

184 636 311 695 Ecclesia
322 632 501 706 peregrinans
527 628 638 696 dormit,
667 637 692 684 ει
722 642 769 685 cor
792 627 849 696 ejus
875 622 982 696 vigilat,

177 718 298 794 uuanda
313 718 348 775 ad
362 725 470 772 terrena
484 720 509 769 ει
533 711 637 769 caduca
660 709 825 768 insensibilis
847 706 886 773 fit,
909 705 983 780 etad

184 809 244 866 sola
254 805 375 864 coelestia
385 801 505 858 anhelat.
520 801 588 858 Huic
598 816 650 857 vox
660 799 752 855 dilecti
763 797 863 869 pulsat,
874 794 983 868 quando

186 911 246 954 eam
260 910 309 966 per
331 889 482 947 molestiam
503 887 628 960 corporis
651 887 694 943 vel
717 886 812 942 vicinae
835 883 930 939 mortis
949 881 984 937 ad

185 997 334 1055 supernam
349 980 462 1053 patriam
477 985 571 1035 vocat.
590 977 638 1034 Cui
652 992 716 1032 mox
729 973 825 1046 aperit,
849 971 912 1044 quia
927 972 987 1040 eius

184 1071 356 1129 vocatiouem
371 1074 515 1139 gratanter
528 1066 637 1136 accipit.
655 1066 726 1120 Nam
741 1073 770 1118 ut
785 1077 862 1118 soror
882 1061 910 1115 in
923 1060 984 1115 haa-

185 1158 332 1216 reditatem
347 1153 455 1213 Domini
469 1153 659 1220 introducitur,
675 1159 707 1208 ut
722 1151 810 1207 amica
824 1149 852 1204 iu
867 1147 985 1205 secretis

186 1245 344 1304 coelestibus
359 1240 517 1308 admittitur,
530 1248 558 1296 ut
581 1240 705 1298 columba
726 1255 742 1294 a
767 1237 869 1310 Spiritu
892 1243 986 1293 sancto

186 1336 348 1400 illustratur,
363 1339 393 1387 ut
406 1329 580 1386 immaculata
594 1328 622 1384 in
643 1328 762 1384 thalamo
783 1325 876 1400 sponsi
899 1324 987 1382 collo·

187 1431 276 1482 catur.
287 1419 390 1476 Tunica
403 1434 434 1473 se
445 1417 554 1490 spoliat,
566 1417 675 1489 quando
684 1431 784 1488 corpus
793 1413 905 1486 deponit
919 1429 926 1466 ι
939 1429 988 1484 ρε-

188 1508 239 1564 des
250 1504 333 1570 lavat,
348 1502 458 1576 quando
477 1500 522 1557 vel
539 1499 668 1572 exiguum
688 1499 830 1572 pulverem
844 1494 988 1568 cogitatio·

187 1609 254 1650 num
263 1607 313 1666 per
322 1591 443 1647 ultimam
451 1587 638 1660 poenitentiam
647 1585 741 1643 abluit.
748 1585 870 1642 Dilectus
880 1599 989 1640 manum

187 1681 278 1748 mittit,
294 1679 402 1752 quando
416 1692 476 1734 eam
490 1676 584 1734 dolore
599 1675 694 1732 mortis
703 1675 803 1747 tangit.
823 1672 877 1730 Sed
892 1679 1028 1763 venterB

188 1769 224 1826 ad
238 1776 338 1826 tactum
353 1766 412 1836 ejus
426 1765 545 1833 tremuit,
567 1765 631 1837 quia
651 1763 685 1820 de
710 1761 828 1818 minimis
854 1759 984 1833 peccatis,

190 1874 252 1932 quae
261 1872 310 1929 ρετ
322 1854 498 1928 fragilitatem
508 1853 598 1910 carnis
608 1851 752 1918 commisit,
764 1849 866 1922 judicis
880 1855 989 1905 senten·

190 1947 256 2000 tiam
270 1943 382 2001 meruit.
398 1941 490 2015 Surgit
503 1948 594 1998 tamen
608 1946 637 1995 ut
651 1939 677 1996 ei
693 1937 808 2010 aperiat,
825 1937 888 2009 quia
902 1935 988 1993 visio-

190 2048 254 2090 nem
264 2035 324 2103 eius
334 2047 395 2103 quae
404 2046 515 2085 sursum
525 2036 566 2085 est
576 2033 661 2100 optat.
677 2028 771 2082 Hanus
781 2025 840 2098 ejus
851 2025 990 2096 myrrham

191 2120 302 2189 stillant,
313 2119 378 2192 quia
388 2131 473 2188 opera
481 2115 579 2188 quibus
590 2115 634 2172 hic
644 2130 694 2187 pro
705 2113 813 2170 Christo
823 2120 865 2169 εει
877 2110 991 2168 mortifi-

191 2217 252 2264 cata
266 2212 458 2279 repraesentat,
472 2213 501 2260 ut
510 2220 560 2275 pro
574 2203 617 2258 his
627 2210 730 2260 aeterua
740 2202 853 2274 praemia
862 2200 989 2272 recipiat.

192 2295 223 2350 ln
237 2293 415 2367 sequentibus
429 2307 556 2366 anagoge
567 2290 668 2348 delicit.
680 2291 794 2362 Sponsae
803 2289 931 2345 dilectum
943 2288 992 2342 ab·

193 2391 296 2439 sentem
311 2381 392 2438 anrie
406 2379 552 2453 quaercnti,
567 2387 594 2435 et
607 2377 678 2435 filias
702 2376 876 2435 Hierusalem
899 2375 933 2432 de
958 2390 993 2432 eo

193 2470 352 2540 sciscitanti,
369 2466 514 2542 respondit
527 2468 626 2524 chorus
641 2465 760 2522 filiarum
774 2463 942 2521 Hierusalem
962 2482 969 2518 :

228 2664 314 2720 Vsus.
329 2662 357 2718 9.
369 2692 403 2702 -
415 2661 512 2729 Qualis
523 2663 564 2716 ert
579 2660 701 2716 dilectus
717 2663 784 2714 tuus
800 2673 836 2713 ex
852 2656 994 2720 dilectae

191 2751 387 2825 pulcherrima
397 2747 574 2805 mulierum?
588 2746 684 2812 Qualis
695 2751 738 2802 cst
747 2745 868 2801 dilectus
880 2747 946 2800 tuus
956 2759 994 2799 cx

195 2840 308 2904 dilecto,
326 2839 392 2910 quia
408 2839 449 2892 sic
464 2835 608 2907 adjurasti
628 2836 700 2891 uos?
724 2833 799 2888 Filias
823 2831 995 2888 Hierusalem

196 2934 259 2980 sunt
272 2923 418 2991 Ecclesia,
438 2938 498 2995 quae
516 2921 643 2994 superius
664 2921 744 2978 dictae
762 2928 825 2976 sunt
839 2918 901 2976 tiliae
915 2919 991 2986 Sion,

1035 446 1220 518 pulcherrima
1233 444 1392 501 mulierum.
1412 440 1470 494 Hoc
1484 441 1526 491 est
1539 432 1630 489 dicere
1645 448 1652 484 r
1670 429 1694 484 0
1708 427 1832 484 Ecclesia

1037 542 1125 591 mater
1144 534 1324 598 credentium,
1350 525 1532 602 pulcherrima
1554 519 1711 586 mulierum,
1736 511 1763 571 id
1788 524 1833 571 est

1038 622 1091 678 fule
1101 630 1129 678 et
1141 639 1236 694 opere,
1251 630 1278 678 et
1291 613 1483 692 predicatione
1499 606 1674 682 integerrima
1696 605 1830 669 omnium,

1038 711 1173 782 spiritales
1187 718 1280 783 pertus
1294 704 1441 767 edentium,
1457 701 1525 756 doce
1537 711 1588 753 nos
1613 709 1695 767 quam
1713 707 1832 765 magnus

1039 799 1114 854 sitin
1128 795 1395 854 divinitatedilectus
1410 799 1473 846 tuus
1491 786 1618 842 Christus
1636 789 1716 838 natus
1737 797 1771 836 ex
1790 780 1833 834 di·

1040 888 1111 944 lecto
1121 888 1179 943 freo
1189 887 1282 941 Patre.
1294 883 1330 938 Et
1344 882 1413 937 doce
1427 893 1488 943 nos,
1499 872 1588 947 qualis
1601 870 1635 926 sit
1644 869 1759 925 dilectus
1769 875 1833 922 tuus

1039 993 1072 1034 ex
1087 977 1196 1043 dtlemo,
1211 976 1265 1031 hoc
1279 980 1330 1041 est,
1347 985 1427 1042 quam
1440 964 1578 1039 gloriosus
1591 961 1627 1016 sit
1640 974 1692 1031 ρετ
1705 955 1833 1012 miracula

1039 1066 1067 1120 in
1082 1062 1248 1120 humanitate
1262 1065 1419 1130 conceptus,
1435 1071 1468 1110 er
1481 1051 1582 1125 Spiritu
1596 1054 1693 1104 sancto
1705 1052 1785 1100 nutus
1794 1044 1835 1100 de

1040 1153 1155 1225 Virgine
1169 1150 1256 1206 Haris
1268 1155 1363 1214 matre,
1379 1143 1442 1216 quia
1456 1142 1495 1196 sic
1509 1135 1639 1209 adiurasti
1658 1149 1720 1201 uos,
1735 1132 1779 1190 vel
1793 1132 1836 1188 sic

1040 1239 1105 1296 fidei
1118 1244 1289 1296 sacramenta
1307 1231 1424 1290 docuisti
1446 1245 1507 1295 nos,
1531 1235 1560 1282 ut
1583 1223 1719 1282 Christum
1741 1219 1838 1278 creda·

1041 1344 1103 1384 mus
1115 1344 1149 1384 ex
1163 1329 1221 1382 Deo
1235 1325 1314 1380 Patre
1325 1324 1412 1377 Deum
1425 1325 1529 1382 natum,
1541 1321 1567 1371 et
1580 1311 1719 1369 hominem
1732 1326 1765 1366 ex
1779 1323 1837 1363 ma-

1041 1425 1083 1472 tre
1096 1414 1211 1472 facturn.
1230 1410 1284 1480 Qui
1297 1407 1459 1466 Dominicus
1472 1405 1553 1460 horno
1567 1399 1666 1456 dicitur
1678 1414 1713 1454 ex
1733 1396 1837 1466 Spiritu

1042 1512 1137 1561 sancto
1152 1507 1311 1571 conceptus,
1327 1495 1391 1568 quia
1400 1493 1483 1549 nulh's
1492 1487 1710 1564 precedentibus
1720 1483 1835 1552 meritis,

1043 1593 1093 1648 sed
1107 1590 1169 1648 solo
1183 1590 1256 1645 dono
1271 1585 1321 1643 Dei
1335 1585 1364 1640 in
1377 1582 1505 1638 deitatem
1527 1586 1569 1634 est
1591 1582 1760 1648 assumptus.
1779 1573 1837 1630 Re·

1043 1679 1154 1753 spondit
1165 1673 1292 1734 Ecclesia
1304 1667 1494 1744 spiritualium,
1503 1667 1608 1722 docens
1620 1662 1751 1736 mysteria
1759 1661 1838 1717 Chri·

1042 1769 1078 1825 sti
1091 1766 1161 1822 filias
1174 1763 1336 1827 ierusalem,
1350 1760 1379 1816 id
1392 1765 1434 1814 est
1446 1754 1587 1813 Ecclesiae
1606 1752 1650 1809 vel
1669 1751 1773 1807 animas
1787 1749 1839 1804 im-

1042 1855 1236 1930 perfectorum,
1252 1850 1358 1907 scilicet
1375 1843 1556 1902 secularium.
1577 1839 1664 1910 Quam
1686 1837 1841 1895 doctrinam

1044 1944 1122 2018 quasi
1143 1941 1289 1998 indecem
1310 1935 1432 1992 membra
1453 1930 1578 2003 corporis
1600 1925 1753 2000 distinguit,
1777 1924 1841 1997 qnia

1043 2040 1196 2090 totosacrae
1206 2021 1488 2098 Scripturredoctrina
1499 2018 1527 2074 in
1539 2016 1679 2088 Decalogo
1698 2014 1769 2087 legis
1787 2012 1841 2067 eri·

1045 2120 1103 2177 stit.
1122 2118 1187 2174 ldeo
1200 2123 1291 2172 autem
1304 2113 1364 2169 haec
1378 2109 1493 2182 mystica
1507 2104 1633 2163 doctrina
1645 2103 1709 2159 huic
1723 2099 1842 2172 capitulo

1045 2206 1187 2272 inseritur,
1199 2203 1328 2276 quoniam
1341 2200 1375 2256 de
1389 2213 1458 2271 pace
1471 2195 1605 2252 Ecclesiae
1615 2191 1762 2257 scribitur,
1777 2189 1843 2261 quia

1046 2294 1184 2370 profunda
1198 2290 1337 2362 sapientias
1351 2288 1379 2343 in
1391 2301 1460 2359 pace
1473 2291 1536 2340 sunt
1550 2281 1691 2346 discenda,
1706 2279 1734 2334 iu
1748 2292 1844 2350 perse-

1046 2385 1154 2442 cutione
1167 2379 1302 2436 facienda.
1321 2377 1355 2432 Et
1369 2376 1422 2430 boc
1437 2369 1585 2429 notandum
1608 2367 1681 2441 quod
1704 2365 1777 2422 istud
1792 2380 1843 2421 ca-

1047 2470 1159 2546 pitulum
1173 2469 1208 2524 ab
1222 2466 1334 2523 historia
1349 2471 1376 2520 et
1391 2463 1427 2518 ab
1442 2475 1568 2533 anagoge
1586 2455 1688 2513 delicit.
1705 2453 1845 2526 hbegoria

1047 2575 1114 2618 vero
1129 2566 1156 2614 et
1170 2553 1326 2628 tropologia
1339 2549 1515 2623 splendescit,
1529 2547 1593 2620 quia
1606 2546 1635 2602 id
1658 2543 1745 2600 solum
1760 2541 1844 2597 Chri-

1048 2655 1120 2702 stum
1136 2652 1164 2701 et
1178 2658 1229 2699 sua
1242 2639 1366 2696 membra
1379 2634 1497 2708 respicit.

1084 2842 1170 2896 Vaas.
1189 2837 1327 2894 to-to.-
1339 2835 1466 2891 dilectus
1479 2846 1559 2886 meur
1573 2828 1711 2886 condidus
1725 2830 1754 2883 et
1768 2826 1847 2882 rubi-

1049 2929 1169 2995 cundus,
1181 2929 1289 2983 electus
1302 2939 1340 2980 εε
1354 2922 1479 2978 milibus.
1487 2919 1539 2974 Per
1552 2917 1699 2975 candorem
1714 2914 1847 2986 splendor

197 3029 258 3086 ‹1¹¹ae
273 3027 393 3084 ‘Elem
407 3010 442 3066 ad
457 3009 604 3066 Videndum
618 3024 717 3082 regem
740 3015 907 3074 ⁰0l⁰¹1³¹1¹¹1¹=
932 3023 994 3064 0¹1¹ss
1011 3044 1035 3107 C
1051 3014 1214 3081 sanctitatis,
1229 3029 1282 3084 per
1296 3011 1421 3067 roborem
1435 3023 1501 3064 vero
1514 3013 1624 3062 notetur
1640 3003 1722 3060 ardor
1742 3003 1848 3074 passio

195 3101 293 3172 regina
307 3097 408 3155 bellum
423 3105 517 3154 contra
531 3100 635 3152 Amana
657 3096 784 3162 inierunt,
809 3105 836 3152 et
857 3096 891 3150 ab
910 3111 946 3151 ea
967 3111 996 3150 m
1017 3160 1022 3166 ¹

196 3188 285 3245 hortis
307 3186 418 3245 refectae
440 3193 519 3255 sunt;
545 3193 572 3242 ει
590 3185 787 3256 intelliguntur⁴
808 3183 939 3240 Ecclesiae
960 3182 996 3238 de

200 3274 348 3344 ludaea,in
363 3281 473 3348 quaest
498 3273 668 3330 Hierusalem
690 3271 734 3330 vel
756 3271 831 3338 Sion,
855 3271 890 3326 ad
912 3269 995 3327 tidem

199 3363 298 3419 Christi
308 3377 459 3432 conversae,
469 3378 530 3433 quae
539 3377 600 3418 cum
610 3361 733 3417 Ecclesia
743 3359 866 3434 gentium
875 3358 997 3432 spiritale

201 3451 302 3506 bellurn
316 3453 413 3506 contra
427 3448 565 3504 diabolum
579 3447 707 3517 inierunt,
729 3456 755 3505 et
777 3447 865 3519 epulis
889 3446 998 3518 spirita-

199 3537 282 3606 libus,
299 3537 402 3594 scilicet
416 3535 563 3608 Scripturis
577 3536 622 3592 vel
636 3551 752 3608 corpore
767 3535 867 3592 Christi
887 3533 998 3591 refectae

201 3632 277 3684 sunt.
295 3626 433 3680 interdum
448 3624 475 3678 in
490 3625 542 3680 boc
555 3623 624 3680 libro
637 3623 699 3680 filiae
714 3623 781 3680 Sion
795 3631 858 3679 sunt
870 3623 998 3680 Ecclesiae

202 3714 236 3770 de
249 3713 351 3770 Judaeis
366 3727 517 3779 converse,
540 3711 602 3768 filiae
621 3728 688 3769 vero
701 3710 882 3781 Hierusalem,
904 3711 998 3768 Eccle-

202 3802 251 3857 aiae
264 3800 299 3856 de
313 3799 440 3874 gentibus
455 3807 571 3856 vocate.
591 3799 662 3870 Quia
674 3800 744 3857 siout
758 3799 793 3856 ad
815 3798 933 3856 litteram
948 3799 999 3853 mi·

199 3904 250 3945 vor
272 3894 316 3943 est
330 3886 395 3942 Sion
409 3887 438 3942 in
460 3887 570 3943 moeniis
593 3895 620 3944 et
644 3903 759 3945 numero
779 3886 998 3944 inhabitantium.

1051 3105 1103 3162 nis.
1118 3104 1239 3160 Dilectus
1253 3097 1386 3158 Ecclesiae
1400 3105 1442 3153 εει
1456 3095 1591 3160 Christus,
1614 3108 1696 3166 quern
1715 3107 1774 3163 pru
1792 3091 1848 3146 vite

1050 3200 1077 3249 ει
1092 3208 1150 3264 prae
1164 3189 1291 3247 omnibus
1310 3187 1429 3244 terrenis
1451 3183 1556 3250 dilexit,
1576 3182 1642 3238 dum
1664 3181 1692 3236 in
1716 3194 1849 3252 persecu-

1051 3280 1125 3336 tione
1152 3279 1281 3342 honores,
1311 3274 1477 3348 dignitates,
1507 3270 1639 3327 amicitias
1666 3267 1761 3325 mundi
1788 3268 1849 3337 eius

1051 3383 1146 3424 amore
1157 3363 1330 3435 contempsit,
1340 3371 1366 3418 et
1381 3362 1468 3433 ipsam
1481 3366 1598 3416 mortem
1608 3373 1659 3430 per
1674 3356 1766 3412 varios
1780 3371 1849 3412 oru-

1052 3455 1139 3512 ciatus
1164 3453 1291 3524 corporis
1316 3448 1408 3506 subiit.
1431 3448 1481 3504 Hic
1505 3463 1555 3518 per
1582 3444 1778 3501 humanitatem
1806 3453 1852 3498 est

1051 3541 1193 3609 candidus,
1211 3539 1276 3612 quia
1289 3539 1325 3594 de
1338 3537 1452 3610 Virgine
1474 3543 1562 3600 natus,
1578 3544 1605 3590 et
1622 3549 1639 3589 a
1659 3532 1722 3589 labe
1743 3532 1851 3603 peccati

1052 3630 1183 3687 muudus.
1202 3629 1237 3684 Et
1251 3626 1309 3698 ipse
1324 3623 1493 3682 rubicundus
1507 3621 1650 3694 martyrio,
1666 3621 1731 3694 quia
1745 3634 1851 3692 pecca·

1053 3729 1127 3776 tores
1141 3717 1205 3773 lavit
1219 3715 1355 3788 sanguiue
1377 3729 1438 3779 suo,
1463 3728 1478 3766 a
1502 3712 1561 3767 Deo
1584 3711 1667 3766 Patre
1689 3709 1793 3765 electus
1816 3724 1852 3763 ex

1052 3805 1173 3863 millibus
1193 3803 1324 3875 apostolis
1339 3805 1367 3858 et
1390 3808 1547 3856 sanctorum
1569 3797 1737 3871 agminibus,
1758 3805 1787 3853 ut
1800 3812 1853 3867 ρετ

1052 3910 1114 3951 eum
1129 3891 1353 3949 reconciliaretur
1365 3890 1494 3944 mundus.
1511 3889 1563 3944 Per
1577 3885 1759 3942 millenarium
1773 3893 1853 3942 nott·

204 3974 377 4031 flierlssfllem
391 3983 483 4030 ³11²&ss
498 3976 585 4044 maim
599 3982 625 4032 θῑ
645 3975 768 4032 aedifissfis
783 3983 810 4030 θῑ
831 3991 945 4030 numero
963 3974 1001 4030 01·
1055 3991 1098 4038 tur
1111 3980 1253 4053 perfectio.
1273 3978 1399 4035 Christus
1422 3977 1526 4033 electus
1543 3992 1575 4031 as
1599 3974 1729 4042 millibus,
1746 3973 1855 4030 scilicet

202 4063 286 4128 vium,
301 4061 341 4118 sic
354 4061 486 4117 Ecclesiae
502 4063 536 4118 de
550 4061 651 4118 Judaeis
665 4062 802 4132 paucioris
817 4061 923 4117 numeri
938 4067 1001 4115 sunl
1056 4085 1090 4126 ex
1105 4068 1232 4124 omnibus
1245 4065 1374 4138 perfectis
1388 4065 1423 4120 ad
1438 4063 1630 4120 redimendum
1644 4078 1734 4134 genus
1753 4063 1854 4116 huma.

203 4149 335 4215 ildelium,
349 4147 483 4204 Ecclesiae
496 4157 585 4204 autem
600 4148 635 4204 de
653 4147 779 4220 gentibus
800 4147 938 4220 amplioris
953 4163 1001 4202 nu·
1054 4168 1129 4217 num,
1145 4151 1217 4223 quod
1232 4148 1323 4204 nullus
1336 4147 1407 4203 alius
1421 4146 1510 4204 facere
1538 4146 1634 4218 potuit.
1656 4147 1690 4200 Et
1704 4145 1855 4202 notandum

204 4235 272 4291 meri
285 4242 350 4290 sunt
363 4235 545 4290 credentium.
564 4237 595 4289 ln
608 4236 661 4290 hoc
675 4233 737 4291 loco
750 4233 812 4290 filie
833 4235 1001 4291 Hierusalem
1057 4239 1130 4312 quod
1144 4235 1338 4309 pretermissis
1352 4235 1480 4291 omnibus
1505 4233 1650 4290 virtutibus
1668 4233 1786 4300 ceteris,
1803 4250 1856 4304 per

205 4329 267 4378 sunt
280 4321 411 4377 Ecclesiae
425 4323 469 4378 val
483 4321 580 4379 animae
604 4321 834 4393 imperfectorum,
857 4321 892 4378 de
913 4331 1000 4377 matre
1058 4327 1113 4382 duo
1127 4332 1230 4380 tantum
1244 4323 1360 4380 dilectus
1372 4322 1506 4391 laudatur,
1523 4321 1649 4378 videlicet
1670 4337 1724 4393 ρετ
1747 4321 1856 4376 mundi-

204 4408 341 4475 Ecclesia,
356 4424 416 4480 quoe
431 4417 473 4464 est
486 4407 680 4480 perfectorum,
705 4418 812 4465 secreta
836 4409 937 4465 Christi
959 4386 1042 4465 di·D
1058 4414 1123 4470 tiam
1138 4413 1201 4468 vitae
1216 4419 1243 4467 et
1256 4411 1434 4484 martyrium
1449 4412 1514 4484 quia
1528 4427 1578 4482 per
1587 4411 1647 4466 haec
1661 4409 1757 4466 fideles
1766 4410 1803 4466 ad
1813 4426 1857 4468 ca·

206 4511 287 4552 scere
301 4496 459 4552 volentium.
474 4497 507 4552 Et
522 4497 671 4553 notandum
685 4497 758 4571 quod
772 4497 800 4552 in
814 4499 867 4554 hoc
890 4499 1003 4554 Cantico
1058 4501 1178 4556 stitatem
1194 4508 1221 4556 et
1235 4500 1395 4571 patientiam
1405 4499 1596 4566 informantur,
1607 4514 1658 4570 per
1668 4514 1728 4570 quae
1738 4497 1856 4554 maxime

209 4583 348 4652 dramatis,
365 4581 393 4638 fit
417 4583 531 4641 mutatio
550 4600 741 4657 personarum,
762 4585 831 4642 sicut
854 4586 882 4640 in
901 4601 1006 4644 comoe-
1060 4589 1211 4655 salvantur,
1226 4596 1256 4644 ut
1270 4588 1416 4644 scribitur:
1430 4589 1498 4645 Sine
1511 4587 1703 4644 rauctimortr'u
1716 4601 1798 4642 neure
1811 4589 1857 4644 vi-

207 4672 260 4728 diis
274 4671 426 4746 gentilium.
444 4673 521 4729 Prius
535 4673 637 4745 quippe
651 4673 802 4730 introducta
818 4681 859 4728 est
873 4689 925 4730 vox
948 4675 1004 4730 Ec·
1058 4677 1136 4732 debit
1145 4678 1233 4732 Deum
1248 4677 1339 4746 (Hebr.
1355 4691 1407 4740 uu,
1424 4677 1478 4747 tt).
1490 4676 1525 4731 Et
1535 4675 1636 4730 iterum
1647 4693 1654 4728 ε
1666 4676 1699 4731 fa
1712 4675 1857 4748 patientie

207 4759 298 4858 cleeiae
313 4760 519 4830 poenitentium
536 4768 564 4816 ct
575 4776 641 4817 ecca
654 4761 832 4817 introducitur
847 4777 898 4817 vox
913 4761 1005 4818 Eccle
1057 4764 1332 4836 vcrtruposridebr'tt'r
1341 4761 1455 4818 unimur
1466 4767 1572 4820 uestros
1583 4763 1661 4832 (Luc.
1671 4777 1733 4829 xxa,
1746 4762 1800 4832 ¹9l·
1810 4761 1859 4818 Se·

207 4863 256 4902 srae
269 4847 490 4918 imperfectorum
505 4849 610 4906 discere
628 4848 785 4915 volentium,
807 4857 834 4904 ει
856 4865 919 4905 mox
943 4850 1006 4904 sub-
1058 4850 1177 4906 cundum
1193 4851 1363 4905 divinitatem
1378 4859 1470 4905 autem
1485 4855 1571 4923 ceput
1585 4851 1647 4921 ejus
1665 4867 1769 4906 aurum
1785 4849 1854 4923 opti·

207 4934 330 5006 sequitur
342 4950 396 4991 vox
410 4936 544 4992 Ecclesiae
558 4936 740 5008 perfectorum
756 4936 1002 5003 aliosdocentium,
1059 4954 1152 4993 mum.
1171 4938 1259 5007 Caput
1275 4937 1374 4993 Christi
1389 4946 1431 4993 est
1445 4937 1585 5003 divinitas,
1602 4937 1666 5009 quia
1684 4936 1755 4993 sicut
1775 4945 1858 5008 caput

208 5030 234 5077 ει
249 5023 301 5079 hoc
315 5029 401 5078 totum
416 5021 445 5077 fit
457 5032 570 5096 propter
583 5024 718 5080 unitatem
737 5023 879 5080 catholice
902 5024 1004 5080 Eccle-
1060 5023 1181 5080 continet
1208 5040 1326 5096 corpus,
1356 5025 1396 5081 sic
1424 5025 1554 5080 divinitas
1584 5026 1706 5082 continet
1732 5025 1857 5081 humani-

209 5109 266 5177 siae,
283 5126 345 5182 quse
357 5110 386 5165 in
401 5111 526 5166 omnibus
539 5111 673 5167 memhris
687 5111 745 5168 suis
766 5119 807 5166 est
829 5127 883 5167 una
903 5125 1007 5182 sponsa
1060 5119 1153 5166 tatem.
1173 5111 1233 5168 Hoc
1246 5121 1328 5182 ceput
1342 5120 1384 5168 est
1408 5129 1505 5168 aurum
1529 5113 1671 5183 optimum,
1688 5113 1716 5168 id
1739 5121 1781 5170 est
1803 5129 1857 5184 pu-

209 5195 320 5261 Christi,
337 5211 398 5269 quae
411 5197 440 5252 in
454 5197 558 5253 duabus
571 5199 679 5254 naturis
693 5206 736 5254 est
749 5214 804 5254 una
822 5213 952 5269 persona.
972 5197 1007 5252 Et
1060 5197 1211 5266 rissimum,
1236 5201 1298 5272 quia
1319 5200 1389 5256 sicut
1412 5215 1508 5256 aurum
1530 5202 1624 5256 omnia
1647 5201 1758 5256 metalla
1783 5217 1856 5272 prae-

208 5291 323 5354 propter
336 5284 407 5340 hanc
421 5285 549 5340 unionem
563 5285 711 5359 aliquando
727 5285 791 5342 dicit
804 5302 809 5340 :
823 5288 907 5342 Peter
916 5285 1008 5355 major
1061 5284 1136 5342 cellit
1164 5285 1271 5359 fulgore
1299 5295 1327 5342 et
1353 5287 1509 5356 dignitate,
1537 5287 1575 5343 ita
1602 5287 1738 5344 Divinitas
1765 5289 1858 5345 omnia

209 5373 413 5442 mcert(focrr.
430 5373 1008 5445 τιν,98).Α1ἰῳτετιάοτετοεΕροειΡε-
1061 5372 1193 5444 praecellit
1229 5375 1331 5430 honore
1361 5383 1387 5428 et
1424 5376 1577 5444 majestate.
1613 5375 1649 5430 Et
1680 5376 1732 5431 hoc
1760 5391 1857 5431 aurum

212 5456 256 5506 ter·
266 5467 356 5510 uuum
370 5469 468 5511 sumus
482 5457 567 5527 (locu
582 5470 612 5511 x.
627 5458 684 5527 30).
696 5456 796 5512 Βίειττιι
810 5471 879 5528 ergo
889 5454 953 5512 filiae
964 5457 1009 5513 le·
1062 5467 1104 5515 est
1116 5459 1259 5530 optimum,
1271 5461 1335 5532 quia
1345 5461 1479 5517 Divinitas
1493 5469 1536 5517 est
1549 5477 1685 5517 summum
1698 5463 1811 5530 bonum,
1823 5480 1857 5519 err

210 5539 331 5594 rusalern
344 5542 380 5596 ad
399 5549 513 5598 matrem
530 5542 693 5612 Ecclesiam,
710 5543 737 5600 id
751 5554 793 5601 est
807 5544 958 5617 imperfecti
972 5545 1009 5601 ad
1062 5561 1117 5618 qua
1131 5562 1212 5603 omne
1226 5547 1328 5604 bonum
1345 5558 1374 5604 ut
1395 5549 1430 5606 de
1452 5545 1526 5606 fonte
1546 5549 1670 5620 profluit,
1685 5551 1756 5607 sicut
1776 5553 1858 5622 vigor
