3942 6067
517 187 667 249 ncnonn
685 188 942 248 rncnsmnun.
962 186 1044 246 err.
1069 160 1157 249 rins
1174 190 1493 253 .1n.-nruae1cr.
1766 197 1839 257 raas

601 423 604 427 ⁵
683 436 756 521 DE
807 434 1019 521 SANCTA
1067 434 1320 523 CAEClLlA.

222 620 257 683 Si
273 621 345 705 ejus
359 626 407 683 est
421 618 557 683 ecclesia
574 641 581 679 :

220 754 460 827 Oqeampctcltrc
469 758 512 809 cet
521 756 602 809 carte
611 754 757 824 pancratio
766 768 832 809 cam
843 755 980 811 caritate!
995 755 1022 816 A
1037 762 1113 811 erint.
1142 755 1228 811 Media
1253 764 1343 811 autern
1366 764 1446 813 nocte
1468 772 1518 828 per
1540 756 1686 813 clamorem
1709 757 1836 830 Sponatm

179 846 260 917 (Sep.
274 848 325 912 tv.)
336 843 477 899 Florentes
492 842 537 897 hic
550 842 685 908 castitate,
696 842 721 897 ai
732 842 840 899 lervent
853 842 977 910 caritate,
1033 844 1126 899 venire
1140 845 1296 910 nunciatur,
1311 845 1432 917 virginea
1447 844 1472 901 ei
1487 844 1595 903 obviam
1619 846 1660 902 ire
1682 846 1836 903 adhortan-

178 932 361 1004 eplendebnnt
374 946 467 987 coram
482 930 599 987 Domino
618 928 750 987 ineffabili
774 930 906 988 claritate.
923 931 978 1001 Qui
1035 926 1088 998 tur,
1106 933 1167 1006 quie
1182 933 1311 991 nimirum
1324 933 1416 989 medie
1431 948 1511 991 nome
1524 949 1626 1009 magno
1639 932 1760 991 clamore
1780 950 1834 991 rc-

177 1029 267 1079 autetn
282 1020 388 1093 absque
401 1020 546 1077 dilectione
560 1027 637 1076 caste
651 1018 761 1089 urunt,
777 1036 827 1091 per
840 1018 979 1077 difficilem
1035 1022 1075 1079 cis
1103 1031 1130 1079 et
1159 1022 1230 1079 tubae
1257 1022 1419 1097 angelorum
1446 1024 1581 1080 adventus
1608 1024 1706 1081 eterni
1730 1024 1833 1093 judicis

178 1106 263 1163 ritem
282 1105 317 1161 ad
332 1104 470 1161 interitum
485 1103 571 1163 ibunt.
589 1102 645 1167 Qui
659 1104 730 1160 enim
746 1104 836 1161 omnis
850 1104 978 1175 volupte·
1034 1110 1138 1169 mundo
1160 1110 1325 1169 inclamatur
1348 1120 1375 1168 et
1398 1112 1501 1167 mortui
1524 1113 1552 1167 in
1576 1112 1635 1182 ejus
1657 1126 1836 1169 occursuma

176 1193 382 1265 tisimplererit
404 1192 592 1261 desiderium,
621 1193 700 1264 quasi
729 1208 779 1264 per
807 1193 980 1265 gramineam
1035 1215 1132 1255 somno
1146 1200 1241 1257 mortis
1257 1201 1422 1257 excitantur.
1439 1198 1527 1269 Quem
1542 1208 1606 1259 tunc
1620 1201 1768 1273 prudentes
1782 1217 1833 1259 ac-

177 1281 251 1340 riam
265 1282 375 1341 ducitur
387 1283 422 1339 ed
437 1282 574 1339 eculeum.
587 1281 642 1352 Qui
657 1297 722 1338 vero
733 1281 831 1339 viserit
845 1282 874 1337 ic
887 1280 980 1339 caruis
1034 1288 1128 1345 censis
1153 1288 1325 1361 lampadibus
1349 1288 1502 1359 excipiunt,
1526 1304 1586 1345 eum
1611 1305 1646 1346 eo
1669 1291 1706 1347 nd
1724 1290 1836 1361 nuptias

178 1371 368 1439 districtione,
397 1387 452 1428 non
479 1371 587 1428 hebens
612 1370 803 1439 dilectionem,
828 1371 909 1444 quasi
931 1386 980 1444 per
1033 1375 1184 1445 intrabunt,
1209 1378 1273 1451 quia
1295 1394 1346 1450 pro
1370 1377 1448 1435 bonis
1462 1378 1591 1449 operibus
1605 1386 1707 1437 esterna
1721 1380 1836 1452 premia

176 1457 313 1535 s‘pinetum
326 1460 439 1517 trabitur
450 1460 487 1517 ad
502 1460 722 1532 suspensionem.
1035 1465 1177 1538 recipiunt,
1192 1482 1243 1539 pro
1256 1466 1382 1525 castitate
1410 1466 1437 1522 in
1466 1466 1599 1538 perhenni
1619 1466 1708 1542 gloria
1724 1466 1834 1525 exun-

212 1556 308 1614 aetas
320 1556 456 1613 Dominus
477 1554 552 1629 quod
576 1555 672 1613 decem
686 1554 810 1629 virgines
824 1554 858 1625 (D
870 1556 924 1611 266
937 1558 980 1628 r)
1035 1555 1110 1611 bunt.
1128 1554 1221 1611 Fatuis
1244 1562 1340 1613 antem
1364 1562 1428 1613 tunc
1447 1555 1531 1625 jenua
1555 1554 1699 1623 clauditur,
1715 1570 1835 1628 querum

177 1646 281 1703 luerim
294 1660 410 1718 querum
424 1643 546 1717 qumque
560 1644 700 1716 Sponsum
723 1642 848 1727 accende
867 1644 980 1716 lampa·
1033 1642 1141 1717 lempse
1155 1644 1335 1719 extinguitur,
1351 1642 1420 1717 quie
1433 1644 1471 1701 ibi
1485 1644 1599 1717 praemio
1613 1646 1676 1703 vite
1687 1645 1831 1717 carebunt,

175 1734 259 1793 dibus
273 1733 442 1807 exceperint,
458 1742 563 1791 etcum
577 1749 611 1791 eo
625 1734 660 1791 ed
673 1733 782 1807 nuptias
794 1733 976 1798 intraveriet3
1033 1750 1095 1791 cum
1109 1734 1155 1791 hic
1169 1733 1326 1806 acceperint
1341 1732 1437 1791 leudes
1452 1733 1488 1789 ab
1498 1733 1738 1808 hominibusquos
1753 1750 1834 1793 arne·

175 1824 300 1899 qmnque
312 1838 379 1881 raro
394 1822 522 1880 extinctis
546 1822 720 1895 lampadibus
743 1821 810 1879 ioris
834 1838 979 1879 remanse-
1033 1832 1130 1881 rerunt
1145 1822 1255 1893 (narrt.
1270 1823 1355 1896 xxv).

178 1913 244 1969 rint.
259 1913 414 1971 Prudenter
423 1910 544 1987 virginea
558 1920 623 1968 sunt
636 1928 699 1984 quae
712 1926 828 1984 corpore
843 1921 869 1967 et
882 1911 980 1984 spiritu
1068 1911 1179 1969 Interim
1199 1920 1291 1969 narrat
1311 1912 1443 1969 Dominus
1458 1911 1531 1987 quod
1546 1912 1658 1986 quidam
1672 1913 1835 1970 thesaurum

179 2010 256 2060 casta
268 2002 381 2070 rivum3
397 2017 458 2075 quse
471 2016 533 2059 cum
546 2001 652 2059 nubere
665 2007 790 2073 pessunt,
806 2001 913 2069 nolunt,
929 2001 980 2057 sed
1032 2000 1060 2055 in
1075 2016 1143 2074 agro
1157 2001 1346 2057 absconditum
1363 2002 1498 2059 invenerit
1520 2009 1547 2059 ct
1570 2000 1687 2059 venditis
1705 2002 1836 2059 omnibus

178 2090 280 2148 Christi
293 2104 390 2149 amore
404 2090 497 2147 carnis
506 2089 662 2162 voluptates
676 2098 819 2163 respuunt.
834 2088 903 2159 Quae
915 2088 979 2145 ideo
993 2119 1020 2179 Β
1034 2103 1131 2162 agrum
1145 2088 1221 2145 illum
1236 2089 1334 2146 emerit
1357 2090 1470 2161 (earet.
1501 2090 1580 2161 xus).
1608 2091 1765 2149 Thesaurus
1789 2098 1835 2147 est

178 2181 385 2247 Vscribuntur,
406 2180 471 2253 quie
485 2194 536 2252 per
550 2180 573 2237 V
587 2180 712 2251 corporis
727 2196 826 2236 sensus
848 2179 979 2236 castitatis
1034 2178 1158 2235 Christus
1173 2178 1200 2235 in
1215 2179 1297 2236 Patre
1310 2178 1496 2237 absconditus.
1522 2177 1576 2249 Qui
1600 2178 1627 2235 in
1650 2194 1721 2253 apro
1744 2180 1836 2237 lateus

178 2281 263 2339 opera
277 2265 470 2337 implebuntur,
486 2280 536 2336 per
549 2279 609 2336 quae
630 2264 692 2321 Deo
711 2272 834 2336 ecceptae
855 2264 981 2320 reddun-
1034 2268 1169 2339 reperitur
1182 2267 1245 2324 dum
1267 2268 1295 2323 in
1309 2269 1389 2325 Patre
1412 2283 1527 2325 mances
1550 2284 1600 2339 per
1622 2266 1836 2341 contemplatio-

179 2363 233 2413 tur.
253 2354 382 2425 Quinque
392 2353 475 2410 etiam
487 2354 518 2409 in
532 2353 683 2410 ternarium
693 2353 866 2409 etbiuariam
881 2352 981 2408 dividi·
1038 2372 1101 2411 nem
1117 2356 1144 2413 ai
1160 2365 1314 2413 coeternus
1328 2356 1477 2414 invenitur.
1494 2358 1547 2413 Pro
1562 2373 1617 2429 quo
1630 2358 1759 2415 thesauro
1772 2373 1837 2413 om-

177 2447 232 2507 tur,
255 2440 305 2497 sed
320 2455 371 2511 par
384 2437 534 2495 tmuarium
557 2436 628 2494 fides
648 2445 752 2494 sanoloe
765 2436 915 2503 Trinlltlis.
930 2446 982 2508 [111
1035 2445 1116 2501 nibus
1132 2445 1248 2502 venditis
1263 2460 1333 2519 ager
1347 2446 1456 2515 emitur,
1473 2446 1537 2519 quie
1551 2462 1600 2519 pro
1611 2446 1721 2504 Christo
1744 2454 1836 2503 terre-

177 2528 312 2585 binarium
336 2527 447 2601 gemina
472 2526 584 2585 dilectio
607 2526 780 2599 exprimitur.
800 2526 855 2596 Qui
868 2542 937 2597 ergo
952 2525 981 2581 in
1034 2529 1077 2585 nis
1093 2529 1198 2587 cunctis
1212 2530 1313 2602 spretis
1328 2529 1412 2587 iacies·
1426 2531 1487 2599 ejus
1500 2530 1708 2601 promerebitur.
1731 2531 1836 2586 lterum

177 2616 233 2678 lide
245 2626 346 2676 mamae
359 2616 500 2674 Trinitatis
509 2633 560 2690 per
567 2616 707 2691 geminem
722 2615 897 2674 dilectionem
912 2630 980 2688 ope·
1033 2618 1100 2675 dicit
1114 2619 1186 2691 quod
1201 2618 1310 2691 quidam
1325 2618 1478 2690 preciosam
1493 2618 1672 2691 margaritam
1691 2618 1834 2677 invenerit

177 2716 283 2776 rantur,
299 2714 377 2765 recte
392 2706 518 2779 quinario
532 2722 648 2765 numere
661 2712 801 2763 notamur.
820 2706 873 2761 Per
887 2709 980 2761 terne-
1034 2715 1061 2763 at
1074 2708 1146 2765 detis
1166 2708 1293 2765 omnihus
1316 2722 1378 2765 eam
1402 2708 1604 2781 comperaverit
1618 2708 1686 2781 (ibid
1691 2708 1726 2780 .).
1741 2708 1834 2765 Decor

180 2796 254 2851 num
268 2812 378 2869 quoque
393 2794 472 2864 fides,
489 2810 553 2866 sper
576 2803 603 2851 et
627 2795 726 2852 caritas
740 2792 916 2867 intelligitur3
930 2808 981 2864 per
1033 2797 1164 2868 preciose
1178 2798 1335 2870 margarite
1348 2805 1390 2855 est
1403 2797 1521 2857 dulcedo
1535 2797 1657 2855 cetastis
1671 2797 1745 2854 vitae.
1760 2796 1831 2867 Quae

178 2882 317 2941 binarium
331 2884 440 2941 castitas
460 2882 583 2956 corporis
596 2891 623 2940 et
636 2882 733 2939 aeimae
746 2881 891 2954 accipitur.
912 2881 980 2952 Quae
1033 2884 1104 2941 datis
1118 2886 1245 2941 omnibus
1258 2894 1432 2957 comparatur
1446 2887 1511 2943 dum
1526 2886 1587 2959 quis
1599 2886 1726 2943 omuibus
1746 2885 1834 2943 abre-

178 2972 208 3031 in
225 2973 269 3029 bis
291 2972 433 3030 virtutibus
456 2987 570 3045 corpore
593 2978 621 3028 et
641 2972 737 3044 spiritu
765 2980 841 3031 caste
867 2970 977 3040 vixerit,
1033 2974 1170 3044 nuntians,
1186 2982 1285 3033 cuncta
1305 2974 1441 3031 desideria
1460 2975 1554 3032 muudi
1577 2975 1706 3041 calceus,
1733 2983 1836 3031 eterna

178 3062 273 3135 procul
287 3062 372 3119 dubio
385 3060 422 3118 ed
436 3060 590 3134 quinarium
613 3060 686 3118 bunc
707 3060 866 3133 pertinebit.
885 3058 978 3115 Fatuae
1032 3058 1176 3116 dulcedine
1189 3067 1391 3117 remuneretur.
1421 3060 1525 3117 lterum
1546 3058 1611 3117 dicit
1632 3058 1705 3132 quod
1730 3074 1835 3135 sagena

179 3158 270 3209 autem
286 3151 409 3225 virgines
425 3158 486 3206 aunt
501 3166 562 3222 quae
576 3165 628 3221 per
641 3150 797 3221 superbiam
816 3150 978 3222 conjugatas
1033 3145 1060 3203 in
1076 3164 1150 3204 mare
1164 3148 1249 3205 misse
1262 3148 1297 3203 sit
1312 3164 1373 3222 que
1387 3164 1469 3205 omne
1484 3164 1573 3219 penus
1589 3147 1706 3220 piscium
1720 3147 1835 3206 conclu·

179 3240 343 3313 despiciunt,
359 3247 406 3295 eut
421 3238 562 3296 decernis
577 3236 733 3311 virginitate
747 3238 867 3309 gloriam
881 3236 979 3292 huma·
1033 3236 1110 3305 serit,
1128 3254 1208 3309 qnam
1221 3238 1328 3309 plenam
1344 3238 1377 3293 ad
1392 3236 1458 3293 litus
1472 3237 1626 3303 eduxerint,
1638 3237 1727 3295 bonos
1741 3237 1840 3309 pisces

179 3341 243 3383 nam
257 3332 393 3397 quaemnt.
413 3321 482 3392 Quae
496 3323 568 3379 enim
583 3322 618 3378 de
633 3322 789 3395 virginitate
805 3321 976 3393 superbiunt,
1032 3324 1060 3380 in
1071 3340 1135 3381 vase
1148 3326 1382 3398 elegerintmalos
1392 3334 1482 3383 autem
1493 3326 1568 3383 iores
1579 3325 1717 3383 emiserint
1726 3323 1838 3399 (ibid).

180 3430 273 3473 coram
289 3414 345 3471 Deo
360 3412 508 3468 immunde
529 3419 592 3467 sunt
615 3410 697 3483 quit.
721 3417 750 3466 ul
771 3409 901 3482 scriplum
925 3416 977 3467 esi·
1034 3414 1144 3487 Sagana
1158 3424 1199 3471 est
1215 3414 1282 3471 fides
1298 3416 1431 3472 catholice
1447 3432 1479 3472 ex
1494 3415 1588 3471 multis
1603 3414 1746 3473 sententiis
1756 3414 1835 3473 Scri·

179 3502 337 3559 immundus
361 3509 404 3558 est
426 3516 521 3557 coram
546 3498 603 3556 Deo
626 3498 716 3555 omnia
739 3499 786 3572 qui
809 3498 909 3555 exaltat
931 3514 980 3555 cor
994 3476 1019 3541 G
1034 3511 1173 3575 pturamm
1195 3511 1332 3561 contexta.
1362 3504 1426 3561 lieo
1447 3504 1476 3559 iu
1497 3504 1565 3559 mari
1590 3504 1697 3561 laxetur
1719 3502 1784 3560 dum
1808 3504 1838 3560 in

182 3606 280 3650 auum.
301 3590 369 3661 Qun
382 3599 472 3648 antem
490 3589 600 3646 leudem
614 3588 648 3644 ab
662 3587 817 3645 bominibus
830 3604 882 3661 per
894 3587 979 3644 casti·
1035 3599 1092 3650 toto
1106 3595 1211 3650 mundo
1225 3610 1242 3648 a
1256 3592 1416 3650 doctoribus
1431 3592 1612 3665 predicetur.
1641 3594 1675 3649 ln
1689 3608 1743 3667 qua
1759 3608 1843 3651 omne

181 3684 266 3734 tatem
287 3684 427 3751 (1111111111,
451 3691 468 3731 ⁸
492 3676 550 3732 ⁰⁸0
569 3674 727 3731 1111111111
750 3689 805 3729 11011
828 3673 978 3741 habebunt,
1033 3697 1122 3755 genus
1136 3682 1253 3754 piscium
1265 3680 1437 3739 conciuditur
1452 3682 1516 3738 dum
1532 3682 1566 3738 de
1581 3682 1708 3739 omnibus
1722 3681 1838 3757 linguis,

181 3783 266 3842 quem
280 3767 326 3824 bic
339 3766 375 3822 ab
389 3764 544 3821 bominibus
559 3772 734 3836 receperunt.
760 3761 829 3833 Quae
842 3777 911 3820 vero
925 3768 980 3819 tolo
1035 3770 1070 3826 de
1093 3771 1219 3827 omnibus
1235 3770 1355 3843 populis,
1372 3770 1406 3829 de
1421 3771 1547 3827 omnibus
1561 3770 1696 3841 tribubus,
1712 3770 1748 3827 de
1763 3770 1841 3827 omni

180 3856 318 3914 desiderio
331 3855 400 3911 vltis
425 3854 620 3924 admiscemur,
645 3861 672 3909 el
695 3852 777 3909 eliam
800 3868 932 3925 corpore,
956 3850 981 3906 si
1035 3858 1133 3932 gradu,
1149 3860 1183 3916 de
1195 3860 1270 3916 omni
1285 3876 1352 3916 sexu
1381 3876 1469 3934 genus
1491 3860 1640 3917 humanum
1663 3856 1728 3916 fidei
1747 3858 1842 3933 inhae-

179 3944 299 4003 facultas
327 3944 451 4013 daretur,
479 3942 597 3999 libenter
623 3941 874 4008 commiscerentur,
890 3956 909 3996 e
923 3940 981 3997 Deo
1036 3964 1101 4005 rens
1116 3948 1222 4005 christo
1244 3948 1384 4013 subditum
1410 3949 1458 4005 sed
1484 3964 1590 4023 sagena
1612 3947 1692 4021 plena
1717 3947 1752 4005 ad
1775 3947 1843 4005 titus

179 4044 210 4092 ut
224 4042 359 4106 corruptae
381 4032 473 4107 poenit
498 4031 650 4088 subdentur
673 4030 726 4086 nisi
748 4030 816 4101 lpsae
830 4046 879 4101 per
893 4028 981 4101 poessl·
1035 4038 1201 4110 pertrahitur
1214 4052 1279 4095 cum
1294 4054 1399 4094 summa
1412 4037 1523 4093 humani
1547 4037 1658 4110 generis
1673 4034 1727 4093 line
1742 4036 1841 4093 mundi

177 4124 291 4181 tentiam
316 4124 370 4179 hoo
396 4120 495 4195 punire
519 4127 664 4177 conentur·
687 4118 762 4175 Sitti
785 4117 980 4175 1111111111ῖί-
1036 4127 1240 4183 terminabitur.
1260 4127 1334 4185 Tunc
1350 4126 1414 4183 boni
1435 4127 1526 4199 pisces
1545 4127 1574 4183 in
1597 4142 1664 4183 vase
1690 4127 1839 4198 eliguntur,

186 4212 286 4270 dentes
305 4210 447 4267 mutierem
469 4208 505 4266 ad
528 4207 792 4281 concupiscentiam,
810 4207 982 4264 moechantur
1036 4232 1098 4273 cum
1113 4216 1192 4273 electi
1212 4232 1262 4289 per
1275 4216 1389 4291 angelos
1408 4216 1437 4272 in
1459 4216 1581 4274 diversis
1606 4214 1762 4272 mansiones
1787 4230 1840 4289 pro

184 4302 292 4373 (Malli-
309 4309 350 4368 vt.
365 4299 511 4373 11111ῑὶ1111
526 4304 553 4355 el
567 4296 675 4355 semina
689 4297 764 4353 11108
784 4297 983 4367 wuillelm-
1036 4304 1141 4362 meritis
1156 4304 1349 4377 disponuntur.
1368 4304 1432 4363 blali
1446 4321 1513 4363 vero
1529 4304 1604 4363 iores
1619 4305 1760 4361 mittuntur
1773 4318 1838 4362 cum

179 4396 224 4447 tes
238 4391 420 4448 mechantur.
435 4388 503 4458 Que
518 4394 609 4444 cutem
625 4386 745 4443 obscena
770 4402 885 4459 uuaeoue
912 4402 982 4459 ope·
1037 4394 1147 4467 reprobi
1161 4394 1189 4449 iu
1204 4392 1341 4452 caninum
1368 4394 1443 4469 ignis
1469 4402 1602 4468 perpetuo
1624 4392 1764 4453 cruciandi
1791 4410 1842 4451 re-

182 4482 284 4547 rentur,
300 4478 407 4535 etiamsi
421 4492 570 4551 numquam
586 4475 654 4535 siris
669 4475 911 4541 admisceantur,a
925 4474 984 4531 Deo
1041 4484 1196 4541 truduntur,

181 4570 298 4642 juste'ut
312 4568 471 4625 meretrices
484 4567 655 4626 damnentur.
671 4566 705 4621 Et
718 4565 778 4622 hee
792 4564 815 4621 V
828 4563 984 4621 referuntur
1076 4572 1176 4631 sinete
1206 4570 1316 4631 emilie
1348 4589 1403 4632 una
1425 4573 1459 4630 de
1483 4572 1664 4647 prudentibus
1690 4572 1846 4647 virgineus

183 4658 250 4732 quie
270 4656 296 4718 V
319 4656 448 4714 sensibus
463 4655 668 4712 immundiciam
692 4653 786 4713 cordis
810 4652 924 4726 explere
939 4652 985 4708 ni·
1039 4656 1089 4714 tuit
1114 4672 1174 4731 quae
1196 4658 1325 4730 lampade
1350 4658 1484 4715 castitatis
1507 4658 1651 4732 splendide
1675 4656 1710 4733 tl·
1730 4660 1782 4716 268
1797 4658 1842 4733 rt)

183 4754 284 4804 tuctur.
313 4749 445 4804 Accensae
465 4744 609 4817 lampades
638 4752 701 4801 suut
731 4742 814 4802 bonae
841 4742 982 4811 actiones;
1039 4745 1128 4805 iulsit.
1155 4748 1190 4803 Et
1205 4745 1270 4821 quie
1284 4746 1391 4820 Sponso
1415 4748 1530 4804 ardente
1553 4747 1683 4819 lampade
1707 4746 1843 4816 obviarit,

183 4835 273 4896 oleum
287 4838 390 4893 aetema
404 4833 508 4907 glorie
533 4848 601 4890 vase
624 4840 686 4889 sunt
708 4833 802 4891 corda.
827 4832 982 4889 Pmdeutea
996 4843 1023 4907 Β
1038 4834 1100 4893 ideo
1122 4836 1181 4909 jem
1204 4851 1267 4895 cum
1291 4851 1323 4894 eo
1345 4836 1381 4893 ad
1404 4836 1511 4909 nuptias
1539 4845 1649 4893 eterne
1676 4834 1843 4909 epulationis

183 4941 252 5000 ergo
266 4926 389 4999 virgines
400 4922 543 4995 lampades
558 4922 721 4989 accendunt,
738 4921 804 4994 quie
818 4920 899 4978 bonis
911 4936 982 4994 upa·
1039 4925 1159 4981 intravit.
1177 4926 1242 4983 llaec
1255 4940 1305 4997 pro
1320 4926 1452 4983 thesauro
1466 4926 1583 4983 emendo
1598 4924 1690 4983 omnia
1704 4924 1839 4994 vendidit,

183 5014 261 5072 ribus
274 5030 324 5086 pre
337 5022 439 5070 eterna
453 5012 543 5085 gloria
558 5026 652 5069 coram
666 5010 825 5067 bominibus
849 5009 984 5081 splende-
1039 5014 1105 5088 quie
1126 5030 1177 5087 pro
1199 5014 1308 5073 Christo
1330 5014 1509 5087 adipiscendo
1528 5031 1559 5073 se
1583 5030 1688 5089 suaque
1702 5015 1799 5073 omnia
1812 5014 1843 5071 in

186 5112 275 5163 scunt.
292 5104 384 5160 Fatue
405 5110 496 5158 autem
519 5100 659 5172 lampades
681 5099 792 5172 quidem
806 5098 919 5167 habeut,
935 5098 985 5155 sed
1038 5111 1127 5160 morte
1154 5103 1275 5160 tradidit.
1307 5104 1375 5161 Hec
1401 5104 1578 5177 margaritam
1604 5104 1741 5160 inventam
1768 5102 1844 5160 datis

185 5194 248 5251 oleo
270 5198 379 5259 carent,
403 5190 465 5264 quia
488 5188 661 5247 continentie
680 5202 767 5259 opere
789 5202 839 5258 pro
864 5187 984 5242 humano
1038 5192 1164 5249 omnibus
1181 5192 1357 5264 comparavit,
1375 5192 1438 5265 quia
1452 5202 1568 5249 cunctas
1583 5192 1677 5251 cernis
1692 5192 1840 5249 illecebras

183 5292 289 5340 mutum
316 5281 411 5337 levore
442 5278 583 5336 exhibent·
621 5278 746 5349 Sponsus
775 5282 818 5332 esi
847 5276 983 5344 Christus,
1040 5291 1067 5340 et
1081 5280 1176 5338 mundi
1190 5297 1305 5355 pompas
1319 5290 1497 5339 contemnens
1522 5282 1696 5339 dulcedinem
1720 5280 1843 5337 coelestis

184 5386 287 5444 sponsa
301 5386 365 5428 vero
380 5367 516 5425 Ecclesia.
543 5366 632 5435 Quam
652 5373 719 5421 tunc
732 5364 767 5420 ad
781 5366 889 5435 nuptias
903 5366 986 5421 ducet
1040 5365 1101 5422 rite
1112 5366 1169 5437 jam
1182 5367 1309 5439 gustavit.
1328 5366 1391 5423 llaec
1414 5374 1442 5422 ut
1470 5367 1558 5423 bonus
1578 5366 1660 5438 piscis
1676 5364 1843 5436 evangelicae

184 5476 248 5518 cum
262 5464 375 5531 peracto
388 5456 490 5529 judicio
505 5456 533 5511 iu
547 5455 689 5513 coelestem
703 5453 877 5512 llierusalem
895 5454 984 5512 intro·
1038 5471 1150 5529 sagenae
1173 5454 1310 5512 inhaereas
1332 5456 1360 5511 in
1384 5470 1434 5514 vas
1461 5463 1503 5512 est
1525 5455 1624 5521 electa,
1648 5454 1713 5529 quie
1732 5453 1768 5511 de
1787 5454 1843 5510 hoc

156 5604 162 5611 ,
185 5548 283 5610 ducet;
298 5547 348 5603 sed
360 5546 410 5601 illo
425 5561 498 5603 nunc
513 5553 636 5602 morante
646 5542 874 5616 omueasirgines
884 5544 985 5601 cbdor·
1039 5544 1141 5601 mundo
1156 5544 1183 5600 in
1199 5547 1338 5617 perhenne
1359 5544 1488 5619 gaudium
1504 5545 1540 5601 ab
1552 5544 1659 5619 angelis
1674 5550 1716 5601 est
1730 5550 1836 5602 evecta.

185 5635 286 5703 miunt,
310 5634 373 5707 quie
401 5633 502 5705 quique
516 5632 610 5689 mortis
636 5632 746 5706 timos)
761 5648 887 5690 somnum
915 5632 985 5688 sub·
1076 5634 1141 5691 lirec
1155 5633 1287 5692 denobili
1306 5634 1436 5707 prosapia
1461 5635 1647 5693 Romanorum
1670 5641 1733 5691 ortu
1756 5632 1841 5690 nobili
