3942 6067
217 252 284 307 raso
737 226 928 293 'namnam
948 232 972 289 tt
993 230 1170 291 nuuuusrs
1188 225 1349 298 nbcnrsr.
1806 234 1890 287 saro

218 370 279 429 lieri
291 368 460 443 postulabat.
490 366 545 422 llos
561 371 662 431 autem,
672 360 790 434 antiques
805 355 979 415 discretionis
996 364 1021 411 et
1036 356 1063 415 Α
1078 366 1180 417 sanctae
1194 362 1291 419 matria
1304 360 1436 419 Ecclesiae
1457 376 1649 433 perseverans,
1665 378 1699 418 ex
1721 358 1844 417 consilio
1861 366 1891 415 et

219 458 371 531 prudentiss
385 464 483 513 restrae
498 454 690 517 immemores,
705 459 733 506 et
747 458 776 505 ut
790 448 825 505 de
840 444 958 519 persona
973 460 1021 499 no·
1076 445 1284 519 dispensatione
1310 449 1424 507 instrum
1444 458 1610 515 nostrornm,
1630 450 1659 507 in
1678 466 1792 523 quornm
1808 464 1888 505 con-

218 556 274 605 stra
290 554 441 611 taceamus,
458 543 523 616 quid
539 542 621 597 matri
631 548 731 595 restrae
746 536 913 611 negandae
928 534 1022 591 Eccle·
1076 546 1171 608 speotu
1190 539 1224 594 de
1240 546 1286 594 tus
1309 554 1392 595 causa
1410 538 1631 607 deliberavimus,
1651 538 1802 599 infirmitati
1828 546 1889 593 tute

219 632 267 690 sice
281 630 429 697 deberetis,
452 644 548 701 parum
563 625 744 693 attendentes,
768 628 845 677 extra
858 634 964 676 morem
980 634 1022 675 ec
1077 624 1273 699 indulgendum
1290 642 1352 683 esse
1366 627 1548 695 decrevimus,
1571 636 1597 683 et
1611 644 1662 699 pro
1676 628 1807 699 temporis
1824 642 1884 698 ne-

219 721 382 780 clesiasticae
409 716 627 782 consuetudinis,
656 713 686 769 in
716 711 790 768 omni
818 725 901 767 causa
929 716 1023 764 vestre
1077 714 1205 773 cessitate
1220 724 1246 773 et
1260 716 1498 791 propagandorum
1514 716 1541 772 in
1557 718 1681 774 Ecclesia
1696 726 1741 773 tua
1756 715 1887 773 fidelium

218 808 404 885 processistis,
420 805 483 879 quis
493 804 566 862 etde
578 804 631 859 slis
644 801 769 859 Ecclesia
781 814 927 872 personam
938 796 1021 871 eleni·
1079 804 1176 871 Christi
1199 806 1298 871 salute,
1320 805 1487 878 episcopalis
1510 805 1592 863 officii
1614 806 1888 863 administrationem

219 900 269 956 stis
284 899 323 971 (Ξ)
339 905 367 953 et
381 893 632 966 eamdemquadam
642 906 715 947 nova
729 887 909 961 usurpatione
921 886 1023 941 annulo
1078 892 1127 947 ribi
1141 895 1328 961 concedimus,
1344 894 1371 949 ῑῃ
1387 908 1441 967 quo
1451 894 1548 951 comni
1563 896 1646 951 „osu-i
1661 896 1747 953 bem
1770 910 1887 950 memo.

217 987 245 1047 'et
259 987 359 1044 baculo
376 993 503 1057 tanquam
517 981 648 1038 investire
661 995 717 1036 non
728 976 923 1036 abhorruistis.
941 974 1024 1045 Quod
1081 982 1130 1039 riae
1145 998 1221 1055 papae
1251 982 1388 1041 paschalis
1402 982 1565 1039 universatis
1589 983 1719 1041 Ecclepjae
1740 982 1888 1057 pontifici,

218 1084 310 1132 tamen
325 1075 360 1133 de
383 1083 437 1129 tam
459 1073 594 1128 instructo
609 1071 742 1125 hactenus
754 1065 880 1123 Ecclesia
893 1072 920 1119 et
934 1072 972 1120 tot
985 1062 1024 1119 la·
1080 1071 1272 1128 auctoritatem
1291 1080 1447 1146 sequentes,
1480 1080 1507 1127 et
1530 1072 1597 1128 nihil
1616 1072 1824 1145 novitasquam
1852 1088 1890 1127 ex

146 1226 150 1232 ,
219 1165 335 1222 boribus
361 1170 390 1219 et
417 1158 653 1233 persecutionibus
681 1172 734 1227 pro
763 1152 912 1210 obtinenda
939 1167 1023 1209 cano·

219 1252 284 1309 nica
298 1251 460 1308 investitura
484 1249 574 1304 attrita
591 1245 658 1301 satis
678 1244 771 1299 mirari
792 1258 846 1298 non
860 1256 1019 1314 possamus.

221 1341 311 1399 Solius
335 1339 407 1398 eninr
434 1336 634 1395 consecratoris
655 1342 698 1390 est
711 1334 777 1389 dare
792 1331 923 1387 annulum
936 1338 962 1386 et
977 1329 1023 1384 ba-

224 1431 325 1487 culum.
349 1430 385 1486 Ut
411 1436 501 1484 autem
523 1425 566 1481 bis
592 1422 720 1479 omuibus
742 1422 914 1493 adpraesens
933 1434 1026 1491 snper·

225 1520 381 1585 sedeamus,
411 1518 464 1572 boc
485 1512 673 1569 tantummodo
693 1509 854 1567 fraternitati
872 1518 969 1564 vestrae
987 1522 1025 1563 re·

225 1606 370 1665 scribimus
384 1608 455 1677 quod
472 1602 507 1659 ad
522 1600 622 1657 iratres
647 1608 758 1655 nostros
779 1596 947 1670 linguntiam
968 1603 1026 1651 ten·

1081 1159 1161 1215 nobis
1175 1159 1202 1215 in
1217 1160 1340 1218 Ecclesia
1354 1161 1407 1217 Dei
1420 1168 1580 1228 statuentes,
1596 1178 1657 1233 quse
1670 1169 1761 1219 tecum
1773 1162 1848 1235 egit,
1860 1170 1888 1217 st

1081 1247 1108 1303 in
1123 1248 1222 1320 quibua
1236 1257 1262 1305 ts
1286 1249 1411 1318 restituit,
1432 1257 1490 1305 rsta
1511 1248 1653 1318 babemus,
1671 1258 1697 1305 et
1719 1250 1771 1306 sub
1798 1250 1886 1307 testi-

1081 1337 1174 1393 monio
1188 1337 1304 1393 fratrum
1319 1346 1474 1395 nostrorum
1488 1338 1596 1411 episcop
1603 1354 1682 1395 omm
1696 1338 1885 1409 coloniensis,

1082 1426 1341 1500 bavembergensis,
1357 1427 1584 1499 Corbeiensisque
1599 1427 1704 1485 abbatis
1720 1428 1789 1484 laets
1805 1445 1888 1501 prae-

1081 1514 1206 1586 cipimus,
1224 1523 1253 1571 ut
1268 1516 1341 1587 apud
1357 1526 1382 1572 tc
1398 1523 1584 1587 permaneant,
1607 1517 1666 1573 sine
1679 1516 1886 1573 malevolorum

1081 1618 1114 1659 ac
1135 1604 1322 1661 detractorum
1347 1604 1481 1674 injuriosa
1504 1604 1652 1661 calumnis.
1683 1606 1768 1661 Vobis
1787 1614 1884 1661 autem

222 1696 322 1762 armus,
338 1693 670 1763 communicatoque-cum
688 1688 728 1744 eis
743 1695 770 1744 et
783 1702 852 1759 nuos
867 1684 1023 1742 communi·
1038 1707 1065 1767 B
1080 1692 1208 1748 omnious
1223 1692 1393 1748 enar-issimis
1407 1692 1525 1749 nominis
1544 1701 1571 1749 er
1596 1694 1721 1751 rnrrrnus
1735 1694 1840 1751 nostris
1855 1696 1884 1751 tn

222 1800 287 1843 care
311 1783 463 1854 poterimus
478 1779 603 1847 consilio,
620 1776 753 1851 quidquid
772 1776 808 1831 ad
823 1777 956 1832 honorem
971 1774 1023 1829 Del
1080 1778 1190 1837 Christo
1205 1791 1230 1837 et
1245 1790 1358 1853 propter
1373 1781 1511 1839 Christum
1534 1782 1671 1839 monendo
1690 1784 1883 1856 precipimus,

222 1871 396 1943 etiuslitiam
411 1870 498 1942 ipsius
511 1867 673 1941 poterimus,
693 1865 810 1923 libenter
823 1865 931 1938 plenius
945 1862 1024 1922 vobis
1077 1870 1259 1942 praecipiendo
1288 1886 1441 1941 monemus'
1469 1879 1499 1926 up
1531 1871 1633 1929 „modo
1661 1887 1722 1929 ,um
1748 1872 1884 1945 mim„

220 1960 467 2035 respondebimus.
482 1958 589 2015 llalete.

1078 1967 1177 2025 vestro,
1193 1967 1219 2015 et
1233 1958 1292 2031 ipss
1305 1959 1457 2027 vobiscum,
1472 1976 1555 2015 unum
1569 1959 1690 2031 sapiatis,
1706 1960 1825 2019 invicem
1835 1962 1882 2017 di-

595 2074 644 2131 pl·
1077 2045 1181 2119 ligatis,
1200 2055 1333 2121 quatenus
1347 2048 1377 2103 in
1392 2048 1437 2104 die
1460 2049 1558 2105 messis
1576 2048 1650 2104 illius
1664 2049 1698 2106 ad
1713 2065 1809 2107 arcam
1825 2052 1881 2107 llo·

1078 2136 1207 2193 minicam
1224 2135 1377 2208 manipulos
1389 2136 1503 2209 justitiae
1517 2146 1660 2209 reportare
1671 2138 1799 2197 valeatis.
1819 2139 1880 2195 Tibi

1079 2230 1169 2283 nutem
1182 2225 1259 2281 fratri
1273 2226 1299 2281 iu
1313 2224 1414 2281 Christi
1429 2225 1580 2284 visceribus
1593 2228 1794 2299 amplectando,
1816 2227 1880 2285 tra-

1079 2324 1164 2371 tcmoe
1190 2312 1331 2371 eharitatis
1351 2312 1450 2371 edecta
1476 2314 1654 2383 consulimus,
1670 2322 1698 2372 et
1717 2316 1881 2374 auctoritate

1081 2403 1130 2459 Dei
1141 2411 1166 2459 et
1181 2403 1213 2459 ll.
1235 2402 1306 2459 Petri
1320 2410 1346 2459 et
1360 2410 1454 2460 nostra
1467 2402 1645 2479 injungimus,
1661 2412 1691 2461 ut
1704 2404 1803 2461 iratres
1817 2413 1881 2463 tuos

1080 2500 1192 2566 paterna
1215 2492 1407 2563 compassione
1426 2492 1540 2562 nutrias,
1562 2492 1745 2567 amplecteris,
1771 2493 1878 2561 levas,

1081 2582 1105 2639 si
1118 2580 1164 2655 qui
1179 2580 1277 2639 indrmi
1298 2586 1326 2639 ct
1345 2580 1540 2640 imbecilliores
1553 2590 1645 2649 erunt,
1659 2583 1751 2639 debita
1765 2584 1807 2639 eis
1817 2584 1880 2655 pis-

225 2194 353 2270 Eps'slolc
368 2192 520 2263 aldelberti,
532 2188 737 2264 archiepiscopi
748 2187 914 2259 depactissi,
929 2186 967 2242 nd
980 2183 1020 2240 H.

145 2286 153 2303 ‘
201 2265 204 2274 ’
294 2268 458 2340 episcopum
472 2269 502 2321 ct
514 2263 666 2320 canonicos
685 2260 953 2317 Putlrcrbornsnscs.

225 2370 386 2448 (aessens,
401 2372 491 2445 ampl.
502 2371 627 2435 delicet,
637 2366 714 2439 prael.
726 2365 834 2423 adtom.
842 2366 863 2433 1,
874 2381 901 2437 p.
913 2360 1025 2433 xxxiv.)

261 2461 350 2518 ansi
365 2458 555 2517 misericordis
580 2454 798 2529 llogunlinensis
823 2453 957 2512 Ecclesiae
977 2468 1026 2508 ar-

225 2550 417 2624 chiepiscopus
432 2556 458 2604 et
472 2546 628 2619 apostolicae
643 2544 717 2601 sedis
731 2543 849 2615 legatus.
860 2582 885 2598 ..
904 2541 932 2596 in
946 2540 1026 2598 cbri-

225 2649 268 2699 sto
288 2638 367 2695 lratri
385 2646 413 2696 et
438 2636 601 2710 coepiscopo
624 2634 661 2691 ll.
686 2630 946 2690 Perlberbrunensis
969 2630 1027 2687 Ec-

224 2729 467 2893 clegzaegpgsoeme,
490 2812 679 2886 ,mimum
703 2818 845 2867 mmm„
864 2824 896 2865 ,ο
910 2808 963 2865 Dei
976 2807 1029 2863 mi,
1081 2776 1191 2835 studeas
1217 2778 1372 2851 providere,
1388 2778 1458 2834 utin
1471 2778 1516 2837 die
1530 2778 1640 2837 Domini
1665 2778 1733 2837 illud
1760 2779 1882 2839 fidelium

227 2906 390 2973 sericordia,
405 2911 436 2961 ut
449 2919 519 2976 opus
534 2904 638 2961 bonum
653 2900 726 2973 quod
739 2898 769 2955 in
786 2906 814 2954 te
828 2897 920 2970 coepit,
948 2896 1029 2953 inde·
1082 2890 1224 2932 ⁵⁰fl⁰¹l¹m
1248 2877 1323 2949 draps
1346 2882 1461 2933 ⁰V⁸¹¹⁸⁸l
1487 2877 1621 2935 Μθῑῐίῡ
1647 2877 1753 2935 cudite·
1777 2876 1882 2935 Omnes

231 2994 395 3051 clinabiliter
416 3006 584 3049 conservare
604 2998 631 3046 et
655 3003 848 3046 consummare
870 3002 922 3059 per
942 2986 1029 3059 ipsius
1081 2990 1131 3031 VOS
1147 2982 1271 3047 optimus
1286 2974 1313 3029 in
1332 2974 1449 3032 Domino
1463 2974 1564 3042 velere,
1578 2982 1606 3031 et
1621 2974 1737 3033 fideliter
1749 2991 1882 3049 perseve-

231 3083 350 3160 parum
370 3080 490 3151 studeas,
506 3080 542 3137 dc
564 3082 665 3137 caelero
687 3076 806 3136 fideliter
828 3075 856 3131 in
875 3073 1031 3133 obedientia
1045 3064 1071 3129 G
1086 3088 1147 3130 rave
1161 3070 1189 3129 in
1203 3071 1305 3130 unitate
1319 3080 1422 3131 sanctae
1435 3073 1531 3131 metris
1543 3072 1685 3133 Ecclesiae.

231 3261 449 3390 d¹(2)·0doncm
462 3258 638 3334 prepositum
653 3256 688 3314 S.
717 3252 874 3313 Sebastiani
893 3252 929 3311 de
951 3250 1126 3330 llagdebur3
1152 3251 1262 3325 dequo
1283 3249 1370 3309 insius
1393 3251 1421 3309 in
1449 3250 1529 3313 citato
1557 3252 1694 3311 Chronico
1717 3252 1880 3311 llslbcrsta-

251 3350 331 3391 reuss.

876 3652 951 3693 ΛΝΝΟ
970 3651 1072 3695 ΒΟΙΙΝΙ
1092 3652 1235 3695 llcxxxvtt

725 3770 1258 3979 stantunus
1315 3831 1384 3977 rr

609 4100 916 4209 cunensis
956 4100 1498 4209 nucntnvtscovns

910 4484 1204 4599 NOTITIA

666 4726 773 4798 (Gnlllc
790 4726 963 4799 dbristinnc,
979 4740 1044 4786 nor.
1060 4726 1138 4800 edit,
1154 4735 1223 4786 tom.
1242 4726 1292 4794 IX,
1309 4724 1364 4783 col.
1381 4726 1444 4797 82.)

267 5090 429 5149 mansurus
439 5091 463 5149 ll
473 5092 517 5162 (dc
527 5093 677 5167 ldnrttpny,
690 5092 778 5150 sires
792 5092 910 5165 Protls),
919 5090 1031 5149 ltrlentii
1045 5097 1074 5161 Ι)
1091 5090 1189 5149 altaris
1204 5091 1340 5151 concessit
1353 5091 1494 5149 monacbis
1506 5088 1675 5159 Nicasianis;
1705 5092 1882 5165 subscripsit-

235 5180 307 5238 dlius
322 5189 436 5254 egente
459 5180 600 5247 Meduana,
616 5181 644 5237 in
667 5179 807 5254 provincia
830 5180 1033 5253 dndcgsvensi,
1090 5198 1144 5254 que
1158 5182 1235 5255 regio
1250 5179 1388 5253 diplomati
1404 5195 1458 5253 quo
1472 5196 1488 5235 a
1502 5180 1638 5238 Ludorico
1652 5196 1720 5254 rege
1735 5180 1882 5238 vicedomi-

231 5287 264 5327 en
288 5270 351 5340 ipso
372 5269 566 5343 andegavensi
588 5271 746 5341 episcopatu
770 5269 919 5327 translatus
939 5268 1035 5327 favore
1088 5278 1167 5327 natus
1196 5278 1223 5327 et
1245 5270 1426 5343 praepositura
1454 5268 1642 5326 tardunensis
1669 5284 1731 5341 qus
1752 5268 1831 5326 laicis
1856 5272 1882 5325 iu

232 5357 367 5415 Ludorici
381 5358 416 5414 vt
431 5358 506 5430 regis
527 5360 561 5416 sd
582 5359 847 5431 archiepiscopatum
870 5360 1035 5417 lismensem
1090 5356 1252 5417 beneficium
1266 5374 1399 5417 concessa
1422 5359 1538 5427 lucram,
1555 5358 1644 5415 eidem
1659 5356 1784 5419 acclesiae
1795 5358 1882 5430 preci-

231 5462 305 5503 auno
321 5448 473 5518 itemquo
484 5447 566 5502 etism
576 5462 649 5503 anno
657 5446 743 5503 adluit
754 5448 870 5505 consilio
878 5448 1037 5506 Claromou·
1090 5448 1143 5504 bus
1154 5446 1352 5505 Bartholomsei
1363 5446 1484 5519 episcopi
1507 5446 1613 5503 reddita
1627 5454 1698 5505 sunt.
1723 5451 1803 5503 Anno
1818 5448 1883 5505 llll

231 5542 310 5592 tuno.
324 5537 404 5592 Anno
422 5535 559 5607 sequenti,
575 5536 753 5607 episcopatus
776 5537 818 5591 sui
836 5536 933 5609 primo,
949 5536 1036 5595 altare
1089 5537 1283 5593 monesterium
1309 5534 1470 5611 lgniseense
1496 5551 1513 5593 a
1537 5534 1720 5593 laudamentis
1755 5534 1885 5592 exstruxit

233 5623 268 5677 de
283 5624 414 5679 Turribus
433 5640 517 5694 supra
542 5625 698 5682 lismonam
720 5625 888 5682 anobilibus
910 5634 1037 5697 creptum
1091 5642 1153 5681 cum
1175 5626 1345 5698 amplissima
1367 5625 1441 5683 dote.
1470 5628 1548 5683 Anno
1576 5624 1655 5692 ttst,
1685 5638 1738 5697 qun
1763 5631 1884 5695 tempore

235 5708 352 5765 restituit
382 5712 526 5769 monachis
553 5711 804 5785 Cluniaccnsibus;
829 5722 964 5785 praeterea
985 5714 1038 5771 tria
1091 5712 1195 5787 legatos
1209 5714 1329 5771 babebat
1342 5714 1445 5779 Rome,
1474 5712 1542 5771 torte
1560 5713 1596 5770 sb
1623 5710 1799 5771 obtinendum
1826 5712 1884 5785 pal·

1083 2687 1138 2737 tste
1160 2680 1379 2749 condescendas,
1405 2678 1498 2753 sicque
1525 2679 1573 2736 tibi
1601 2680 1755 2739 commissis
1783 2682 1881 2738 ovibus
1963 2676 1964 2685 ’
