3942 6067
135 236 206 290 ¹369
671 186 752 289 Vle
771 234 803 287 Β.
823 230 1006 290 assultant
1025 230 1264 294 ttttotttsrtStS.
1372 222 1379 239 '
1723 232 1793 290 tato

138 356 298 422 certamina,
320 354 393 412 rosei
409 354 509 412 coloris
522 353 637 411 llonhua
658 354 820 427 vernantie3
843 358 980 423 vemmA
996 373 1092 414 eorum
1106 337 1243 415 mentibus
1257 356 1347 415 inesse
1362 355 1794 429 deprehenditur,ffirinaepoteu-

135 447 219 503 etiam
235 444 422 502 conlassomm
438 461 472 502 ae
486 444 625 519 virginum
653 443 798 517 florigeros
812 453 892 503 actus
915 454 943 503 et
996 448 1041 503 tiae
1055 455 1082 504 et
1095 444 1244 504 fortitudini
1259 446 1354 519 procul
1367 446 1450 503 dubio
1464 446 1591 504 debetur.
1625 447 1679 505 Sed
1704 454 1731 504 et
1755 454 1798 505 ta·

134 551 230 592 mores
240 535 373 591 castitatis
387 535 558 591 continentes
577 533 644 602 lilia,
668 534 849 591 suavissimos
869 536 942 593 odo-

134 639 183 681 res
195 623 338 694 spirantia,
354 622 462 679 doridis
477 622 678 680 narrationibus
692 607 848 681 edi'demut.
996 626 1050 683 sito
1065 625 1200 697 exemplo,
1217 625 1385 682 audientium
1401 626 1507 683 animos
1520 625 1554 683 ab
1569 625 1718 698 iniquitatis
1729 642 1793 699 per-

995 716 1150 787 petratione
1164 715 1324 780 retrabuot;
1337 722 1509 787 peecatorem
1519 716 1654 772 uberiore
1666 715 1716 773 riae
1725 728 1791 783 suaa,

996 804 1055 873 ejus
1069 804 1186 861 animam
1201 804 1346 876 salvantes,
1363 812 1536 877 convertunt,
1562 812 1588 863 et
1603 819 1711 861 suorum
1725 818 1794 877 pec-

996 901 1117 951 catorum
1132 893 1329 951 multitudinem
1340 894 1479 967 operiunt.

171 769 199 823 ι.
215 765 270 822 Sed
289 772 316 821 ιι
330 765 473 823 canonicae
486 764 639 837 Scripturas
652 764 816 839 complexio,
839 781 873 825 ao
893 781 941 823 se-

131 854 189 910 ries
217 854 316 911 ueteris
345 854 528 926 instrumenti,
554 862 711 910 sanctorum
732 855 856 911 omnium
870 840 942 911 Notii

112 1006 116 1011 ,
133 943 300 999 Testamenti
314 941 507 999 universaliter
528 942 706 1001 collectomm
730 946 850 1001 nondum
874 958 941 1017 pro·

133 1031 256 1104 palatam
270 1031 368 1100 vitain,
385 1048 490 1096 morea,
505 1037 584 1089 actus
607 1033 843 1101 conversationes,
862 1034 941 1090 labo-
1030 1030 1057 1085 ι.
1074 1029 1210 1085 Praeterea
1235 1044 1297 1086 cum
1325 1028 1480 1086 mortalium
1509 1044 1601 1086 rerum
1630 1026 1723 1085 titulos
1745 1040 1794 1083 ce-

133 1136 189 1188 res,
206 1120 323 1177 sudores
335 1120 530 1188 certaminum,
545 1136 668 1194 agonum
690 1121 870 1190 constantias,
894 1121 938 1178 vi·
994 1118 1047 1173 reis
1063 1116 1112 1188 (ι’)
1127 1117 1295 1189 imaginibus
1311 1127 1436 1191 erectos;
1452 1122 1480 1175 ιι
1494 1118 1575 1175 varia
1588 1115 1793 1189 jactantiaelau·

132 1208 281 1265 ctoriamm
304 1209 469 1281 triumphos,
498 1210 746 1266 remunerationum
760 1209 938 1281 triumphales
993 1206 1057 1261 dum
1072 1206 1183 1273 infulas,
1197 1222 1264 1263 auro
1287 1208 1457 1264 radiantibus
1485 1206 1583 1264 litteris
1609 1204 1790 1277 conscriptas,

130 1297 250 1369 palmas,
274 1298 370 1371 signis,
398 1296 495 1369 liguris
519 1298 705 1354 umhmtilinm
728 1314 821 1355 rernm
835 1314 936 1356 narra·
991 1295 1134 1353 rideamus
1149 1296 1357 1353 successorihus
1370 1298 1404 1353 ad
1427 1296 1588 1353 imitandum
1616 1294 1791 1367 propositas;

130 1384 262 1452 tionibus,
296 1385 472 1458 aenigmatum
503 1387 717 1443 obscuritatibus
755 1387 936 1443 materialium
991 1386 1051 1457 quis
1066 1386 1424 1453 nostrumhaecattendens,
1440 1402 1494 1443 nou
1509 1385 1653 1443 embescct
1672 1383 1789 1439 athleta-

130 1488 247 1546 operum
276 1475 418 1547 stupendis
431 1483 458 1531 et
471 1475 610 1547 perplexis
636 1475 867 1548 descriptionibus
886 1476 935 1532 de·
989 1488 1051 1529 rum
1065 1473 1165 1529 Christi
1180 1474 1311 1531 victorias
1319 1475 1646 1548 silentiotegcreietnon
1654 1472 1690 1530 ad
1698 1473 1788 1543 impe-

129 1563 243 1636 signare
256 1564 432 1620 studuerunt.
448 1565 586 1622 blandarit
597 1566 697 1621 etenim
714 1566 786 1621 Deus
802 1566 890 1638 lloysi
904 1573 935 1622 ιι
989 1563 1085 1620 catoris
1100 1580 1194 1620 eornm
1210 1564 1330 1629 laudem,
1347 1562 1465 1636 qualiter
1479 1572 1575 1620 contra
1597 1562 1686 1619 aerias
1708 1568 1788 1633 potc-

128 1652 164 1707 ad
186 1652 335 1724 exemplar,
360 1651 434 1724 quod
457 1652 486 1709 in
511 1662 602 1709 monte
615 1654 729 1722 rideret,
743 1654 836 1710 omnia
849 1670 934 1727 opera
988 1657 1074 1708 states
1088 1659 1115 1708 et
1130 1653 1222 1710 mundi
1238 1661 1357 1710 rectores
1373 1653 1548 1709 tenebrarum
1563 1654 1657 1709 haruin
1682 1665 1789 1725 pugna·

129 1740 287 1807 testimonii,
302 1740 399 1797 inillis
413 1743 632 1799 conversationis
645 1751 801 1801 sanctoruni
818 1743 935 1800 formam
949 1720 976 1783 Β
992 1741 1080 1797 verim
1093 1749 1176 1813 atque
1189 1741 1314 1806 vicerint,
1330 1740 1472 1799 schedulis
1486 1742 1581 1797 saltem
1605 1740 1710 1797 vilibus
1731 1747 1793 1795 tra--

128 1828 322 1902 praefigurans,
352 1830 423 1887 adeo
449 1830 599 1904 diligenter
626 1841 842 1900 consummaret,
867 1839 897 1889 ιι
909 1841 938 1888 ιι
991 1829 1056 1887 dere
1071 1838 1099 1885 et
1112 1830 1147 1885 ad
1162 1830 1314 1887 incitandos
1329 1830 1489 1887 bellantium
1501 1829 1618 1895 animos,
1629 1828 1791 1901 diligentius

128 1917 239 1990 phialas
254 1918 391 1991 (laceret),
407 1926 435 1975 et
449 1920 573 1993 cyathos,
590 1927 616 1976 et
632 1937 736 1978 mensae
762 1921 878 1989 labrom,
907 1912 936 1978 ιι
991 1918 1150 1990 explicare?
1164 1918 1231 1989 Quis
1246 1928 1273 1975 et
1286 1919 1348 1975 luce
1362 1920 1468 1977 clarius
1481 1935 1537 1975 noa
1551 1917 1791 1991 conspiciat,quod

128 2006 288 2063 candelabri
303 2007 435 2075 calamos,
450 2010 579 2080 scyphos,
596 2010 814 2083 sphaerulasque,
827 2010 935 2067 etliiio-
990 2004 1055 2061 dnm
1071 2006 1131 2062 talia
1146 2008 1249 2079 scripta
1263 2008 1289 2063 in
1307 2016 1467 2065 sanctorum
1481 2006 1608 2063 natalitiis
1633 2006 1790 2073 recitamus,

126 2112 190 2151 runi
204 2096 397 2167 repansiones,
413 2096 591 2154 lucernarum
606 2098 790 2168 emunctoria,
815 2107 935 2157 caetera-
990 2096 1048 2151 Deo
1063 2094 1161 2153 debitas
1174 2095 1265 2153 laudis
1292 2097 1393 2153 cultum
1416 2096 1611 2169 persolvimus,
1633 2102 1789 2151 camimum

126 2185 294 2257 quaomnia,
313 2202 375 2257 quie
389 2202 501 2257 prorsus
515 2186 673 2259 singulatim
697 2197 840 2244 enumerat
857 2188 934 2245 Scri·
989 2184 1148 2240 memoriam
1164 2186 1325 2254 excolimus,
1341 2184 1462 2242 fidelium
1476 2192 1582 2241 mentes
1604 2180 1791 2239 aedificationis

127 2279 223 2345 ptura.
255 2274 360 2345 Templi
388 2290 497 2348 quoqne
525 2274 686 2331 Salomonis
714 2276 845 2333 universa
873 2293 934 2334 cuin
988 2272 1180 2330 emolumentis
1195 2274 1350 2341 imbuimus,
1367 2274 1470 2332 sanctis
1493 2272 1676 2331 venerationis
1699 2271 1789 2328 hono-

126 2362 267 2419 mensoris
287 2362 344 2418 suis
368 2371 424 2419 tam
449 2362 581 2430 studiose,
606 2380 660 2421 uon
691 2364 780 2421 solum
807 2365 932 2434 aedilicia,
988 2378 1046 2418 rem
1061 2377 1213 2436 congruum
1228 2364 1402 2421 exhibemus.
1421 2364 1491 2420 lliue
1514 2360 1664 2418 infidelium
1683 2366 1789 2417 mentes

127 2450 177 2507 sed
192 2451 281 2507 omnia
297 2448 475 2508 aedificiorum
486 2452 589 2525 digerit
603 2454 769 2527 anaglypha,
792 2464 819 2511 ιι
842 2471 933 2528 aeque
986 2466 1107 2508 moerore
1135 2460 1354 2521 consternantur,
1384 2451 1517 2509 increduli
1542 2451 1631 2507 livore
1654 2449 1807 2513 contabe-¹

126 2539 252 2611 epistylia
266 2540 466 2606 columnamm,
482 2541 526 2598 vel
542 2540 679 2613 capitella,
695 2551 721 2599 et
741 2542 931 2615 capitellorum
985 2548 1074 2607 scunt,
1091 2541 1287 2613 indisciplinati
1307 2540 1490 2597 anxietatibus
1514 2546 1708 2603 coarctantur:
1725 2554 1790 2594 san·

127 2629 269 2696 retiacula,
281 2637 328 2684 aut
343 2638 466 2687 rotarum
478 2645 544 2687 axes
558 2630 661 2697 radios,
678 2633 792 2689 canthos
816 2639 842 2689 et
869 2648 930 2689 mo·
985 2630 1038 2686 ctis
1054 2630 1182 2686 omnihus
1198 2630 1289 2687 laetitia
1312 2628 1534 2703 tripudiantibus,
1565 2628 1640 2684 solus
1663 2626 1789 2683 diabolus

127 2716 218 2775 diolos
233 2726 393 2789 pretereat.
412 2720 446 2775 tti
460 2720 541 2775 etiam
551 2720 738 2777 abllzechiele
749 2721 931 2793 vergentisad
985 2718 1151 2791 ingemiscit,
1167 2720 1214 2792 qui
1228 2719 1349 2775 omnium
1365 2718 1545 2775 tantationum
1568 2732 1679 2774 suarum
1705 2722 1788 2788 atque

126 2814 250 2865 austmm
273 2806 390 2863 civitatis
412 2806 566 2874 aedit'icium,
589 2809 616 2863 in
640 2808 735 2881 spiritu
759 2811 862 2878 visum,
878 2819 931 2867 tarn
985 2823 1139 2880 pugnamm
1155 2808 1272 2866 lructum
1288 2808 1411 2865 adhunc
1426 2806 1507 2863 linem
1522 2806 1661 2863 redactum
1675 2804 1787 2876 conspi-

127 2894 264 2952 subtiliter
278 2894 506 2968 estdescriqtum,
523 2904 553 2952 ut
566 2904 595 2953 ιι
608 2897 753 2954 celaturas
778 2900 931 2969 palmarum
983 2896 1029 2967 cit,
1047 2904 1077 2953 ιι
1090 2913 1120 2953 ιι
1137 2897 1190 2953 sub
1204 2897 1322 2969 pedibus
1334 2904 1491 2953 sanctorum
1506 2901 1683 2967 prostratum,
1712 2900 1789 2950 cate·

126 2999 182 3041 nou
196 2982 357 3060 preteriret,
373 2999 425 3041 nec
438 2984 536 3041 saltem
550 2993 638 3057 porte
650 2985 732 3042 limen
745 2986 925 3045 immensum·
983 2986 1081 3058 uisque
1096 2985 1205 3042 virtutis
1219 3001 1313 3043 eorum
1337 2986 1464 3060 ligatum,
1490 2982 1553 3041 ielle
1576 2982 1683 3040 doloris
1711 2982 1788 3039 tahe-

126 3078 183 3127 tnni
199 3072 350 3130 transiret:
367 3088 428 3146 quae
440 3080 548 3143 comta,
567 3081 637 3132 teste
657 3074 801 3149 apostolo,
826 3075 933 3135 umbrae
946 3070 970 3137 C
984 3089 1065 3132 scens
1079 3074 1246 3146 conspiciat;
1263 3081 1291 3133 et
1305 3082 1440 3131 tormento
1454 3088 1511 3130 suae
1527 3072 1680 3129 vexationis
1707 3086 1787 3129 eoin-

125 3161 204 3219 ioere
218 3159 371 3219 intaromm
386 3163 480 3233 (liebr.
499 3177 529 3235 x,
546 3165 587 3236 ι).
984 3162 1090 3237 pulsus,
1107 3164 1181 3232 velit,
1197 3163 1274 3232 nolit,
1291 3163 1399 3219 illomm
1414 3160 1642 3237 magnificentiam
1650 3175 1786 3233 recogno-

983 3260 1053 3310 scat.
1069 3253 1140 3309 llum
1155 3252 1228 3309 euim
1243 3252 1278 3308 ah
1291 3251 1413 3311 obsessis
1429 3250 1601 3325 corporibus,
1617 3250 1694 3309 volut
1711 3264 1787 3308 are-

995 536 1061 592 lium
1077 537 1240 609 scriptorum
1255 546 1461 609 propagatores,
1473 536 1680 606 domjustomm
1690 552 1795 610 propo·
1871 596 1875 605 ,

161 3308 188 3361 3.
205 3305 300 3379 inqua
314 3303 338 3361 si
352 3304 451 3363 divine
465 3306 608 3379 sapientiae
617 3309 804 3381 providentia,
818 3309 930 3367 ambra·

125 3409 187 3450 rum
202 3402 230 3449 et
242 3408 337 3450 reruni
350 3393 524 3469 distinguens
539 3403 674 3469 tempora,
689 3414 741 3471 per
754 3398 880 3457 homines
893 3400 930 3454 il·

125 3482 177 3538 lius
188 3480 288 3550 aetatis,
305 3497 374 3556 quos
390 3483 426 3539 ad
441 3483 494 3541 hoc
508 3484 565 3540 suis
579 3485 802 3557 inspirationibus
814 3488 931 3546 idoneos

126 3569 239 3639 lecerat,
253 3578 330 3629 tanto
345 3570 435 3629 studio
449 3571 552 3645 figuras
569 3580 597 3629 et
611 3573 692 3648 sigua
705 3575 827 3633 describi
841 3576 931 3633 uoluit

128 3665 154 3716 et
164 3658 270 3732 joasit;
286 3660 348 3733 quis
363 3676 432 3717 saue
446 3661 557 3733 sapiens
571 3677 628 3718 nou
641 3663 789 3737 intelligat,
813 3663 930 3739 figurata

127 3756 154 3804 ιι
166 3748 319 3821 significata
335 3749 370 3805 ab
384 3748 801 3823 cissanctornmgesta,quanta
810 3754 930 3826 diligen-

126 3836 163 3893 tia
184 3837 336 3893 litteramm
360 3838 589 3911 descriptionibus
613 3840 726 3898 retineri
748 3848 775 3899 et
794 3840 930 3900 notificari

127 3924 248 3982 fidelium
279 3926 434 3982 futurorum
460 3926 573 3995 notitiae,
599 3938 627 3984 ιι
642 3927 863 3988 ιιιίιιιὶιιιιι.
895 3932 930 3987 Et

128 4029 190 4073 eum
205 4014 305 4071 diuinas
319 4014 467 4072 voluntatis
481 4016 603 4089 cognitio
619 4018 655 4073 sit
668 4018 792 4090 plenaria
811 4028 838 4076 et
866 4018 929 4077 eri-

983 3357 1040 3415 ιιι
1055 3358 1112 3399 suae
1127 3341 1280 3415 tyrannidis
1295 3340 1433 3415 expulsus,
1450 3357 1501 3415 per
1514 3340 1648 3399 lunaticos
1664 3348 1691 3397 et
1705 3354 1786 3397 ener-

984 3447 1120 3508 gumenos
1134 3432 1204 3489 dans
1218 3430 1362 3506 mugitum,
1378 3430 1497 3489 incendii
1520 3430 1562 3487 sui
1580 3430 1728 3487 cmciatum
1744 3428 1786 3487 la-

985 3529 1056 3577 tetur
1069 3528 1096 3577 et
1110 3520 1200 3588 dolet:
1222 3520 1351 3594 quoniam
1377 3519 1492 3579 lelioiter
1512 3519 1585 3590 apud
1613 3520 1709 3589 Deum,
1735 3534 1785 3591 per

984 3625 1056 3682 quos
1069 3610 1122 3667 hoc
1136 3608 1244 3681 patitur,
1259 3608 1352 3665 vivant
1366 3616 1393 3665 et
1407 3614 1532 3681 potenter
1560 3606 1679 3673 valeant,
1700 3622 1784 3679 aper-

983 3697 1089 3755 tissime
1101 3698 1279 3753 demonstrat.
1304 3696 1430 3753 Proiecto
1452 3710 1570 3769 namque
1592 3697 1657 3752 dum
1670 3696 1786 3755 mortuis

983 3787 1050 3855 rita,
1081 3784 1219 3859 languidis
1245 3786 1351 3842 medela
1372 3802 1422 3857 per
1445 3792 1688 3851 eosrestauratur,
1703 3798 1785 3856 quam
1829 3778 1832 3784 ’

983 3876 1100 3931 tirmiter
1124 3890 1200 3931 verae
1223 3875 1290 3931 vitre
1315 3889 1349 3931 ac
1362 3875 1489 3944 potentias
1503 3872 1661 3939 inhereant,
1678 3871 1786 3946 populis

982 3962 1145 4021 Christianis
1157 3961 1311 4022 certissime
1323 3962 1479 4021 denotatur.

127 4103 196 4160 dens
231 4103 427 4159 admonitionis
459 4104 607 4177 impositio,
637 4106 661 4161 si
688 4122 740 4163 nos
766 4108 929 4181 pigritantes
1020 4109 1047 4164 5.
1064 4108 1213 4174 Hactenus,
1228 4104 1386 4163 felicissime
1402 4106 1490 4173 Pater,
1506 4120 1604 4164 causas
1619 4114 1644 4164 et
1663 4106 1783 4163 rationes

128 4192 370 4265 torporcdesidiae,
381 4208 414 4249 ac
423 4200 570 4251 stertentes
579 4197 800 4268 soporeinertiae,
811 4198 929 4272 negligi-
982 4215 1032 4257 cur
1047 4205 1204 4254 sanctorum
1219 4193 1303 4253 scribi
1318 4195 1436 4252 debeant
1450 4203 1538 4270 gesta,
1549 4195 1719 4269 paulalatius
1729 4194 1784 4253 dis·

127 4296 187 4336 mos
200 4281 288 4337 nostri
304 4282 437 4353 temporis
450 4291 606 4341 sanctorum
622 4294 699 4343 actus
711 4287 792 4343 nohis
801 4290 929 4361 cognitos
983 4304 1094 4356 serens,
1118 4295 1256 4359 utcunque
1281 4286 1392 4356 aperui;
1423 4285 1487 4357 piria
1501 4286 1582 4343 vitam
1598 4285 1684 4357 patris
1698 4284 1783 4342 nostri

128 4368 234 4425 calamo
246 4369 406 4442 designare,
420 4378 447 4427 et
458 4371 557 4429 lutaris
577 4374 743 4445 posteritatis
769 4376 927 4433 utilitatibus
984 4376 1128 4443 heroardi,
1142 4374 1244 4431 vestris
1258 4374 1493 4431 exhortationibus
1506 4372 1782 4447 obtemperans(qui-

129 4456 263 4512 destinare
276 4475 284 4524 ;
300 4473 391 4513 nonne
403 4456 561 4516 offensionis
576 4470 680 4517 reatum
707 4464 883 4532 incurrimus,
899 4472 925 4522 et
939 4423 970 4490 D
984 4468 1035 4522 bns
1048 4480 1103 4521 nuti
1116 4464 1229 4521 obedire
1244 4479 1307 4519 reor
1320 4464 1484 4536 absurdum)
1496 4462 1632 4535 descripsi
1644 4478 1651 4535 ;
1667 4478 1784 4534 eamque

128 4544 155 4600 io
169 4544 361 4602 detrimentum
384 4554 484 4604 nostra
508 4548 606 4605 salutis
626 4551 795 4607 incidimus?
814 4554 927 4611 Nostrae

128 4633 223 4693 salutis
237 4633 319 4706 igitur
333 4637 488 4705 augmentis
501 4637 645 4706 instantes,
661 4649 817 4697 sanctorum
838 4644 927 4714 pieta-

129 4721 162 4779 tis
176 4737 259 4795 opem
274 4723 422 4782 scribendo
436 4726 617 4794 denotemus;
639 4740 666 4785 et
688 4730 737 4786 illa
755 4729 925 4802 denotantes,

129 4812 186 4881 ejus
200 4811 288 4884 quiin
302 4813 402 4869 sanctis
417 4814 473 4871 suis
487 4819 530 4871 est
544 4816 688 4888 mirabilis,
704 4818 802 4875 Christi
816 4821 926 4893 magui-

129 4898 263 4956 liaentiam
288 4902 481 4973 predicemus.
507 4906 578 4961 llum
598 4907 670 4962 enim
694 4908 793 4965 Christi
811 4910 925 4968 militum

129 4989 222 5047 laudes
249 4990 402 5060 referimus,
432 4993 507 5067 regis
522 4994 632 5051 illorum
648 4996 802 5056 sublimiter
817 5001 926 5073 magni·

129 5078 195 5136 licus
218 5079 371 5153 triumphos
382 5082 545 5152 attollimus;
575 5084 639 5157 qnia
667 5087 800 5162 quidquid
817 5088 926 5147 virtutis

162 5385 202 5454 (3)
216 5385 246 5441 ln
260 5392 375 5458 atroque
388 5400 444 5441 ms.
464 5396 569 5456 nostro,
593 5394 675 5449 aereis
688 5394 870 5469 imigosibas.
890 5399 925 5454 ht

130 5456 280 5583 ξῖιιιιξιιιιι
293 5458 391 5526 cereis,
408 5464 436 5514 et
449 5458 506 5515 late
519 5460 553 5517 de
566 5462 600 5518 lis
615 5478 647 5519 eii
661 5466 782 5539 antiquis
806 5469 925 5541 scripto·

163 5600 204 5669 tt)
217 5535 281 5656 lgna
302 5598 461 5657 distributio
486 5616 622 5676 nusquam
636 5604 783 5665 indicatur.
805 5610 924 5669 anum

131 5665 260 5727 volumen
271 5677 366 5729 censet
380 5671 531 5731 souchetus
546 5683 653 5750 septem
668 5679 764 5752 primis
788 5683 925 5759 capitibus

983 4554 1035 4610 sub
1060 4554 1141 4609 trium
1166 4552 1335 4609 voluminum
1357 4552 1547 4611 distnbutiooo
1570 4552 1707 4610 coarctavi
1730 4553 1781 4625 (l),

981 4644 1029 4701 rili
1044 4643 1154 4715 quidem
1170 4642 1307 4699 schemate
1322 4643 1480 4710 verborum,
1508 4644 1558 4699 sed
1585 4640 1672 4707 brevi,
1689 4647 1719 4696 ut
1737 4640 1783 4713 qui

983 4732 1118 4790 sermonis
1132 4732 1261 4789 incultam
1276 4732 1374 4789 faciem
1390 4730 1571 4798 exhorruerit,
1582 4728 1781 4787 brevitatesal-

983 4829 1038 4879 tem
1052 4821 1168 4893 respiret
1181 4819 1318 4878 lectionis.
1336 4820 1432 4878 Sciens
1446 4818 1548 4878 etenim
1576 4819 1690 4876 veritate
1713 4817 1781 4874 nihil

984 4927 1047 4968 esse
1063 4909 1247 4982 prestantius,
1272 4909 1361 4967 veraci
1375 4909 1446 4982 stylo
1468 4908 1557 4981 magis
1579 4922 1660 4981 qnam
1682 4907 1779 4976 nitido,

981 4998 1144 5055 humilitatis
1158 5005 1267 5056 tenente
1282 4997 1456 5069 campestria,
1473 5013 1504 5054 ea
1520 5014 1580 5070 ιιι
1590 4996 1781 5053 vidivellide-

981 5088 1048 5145 lium
1064 5087 1203 5147 hominum
1219 5088 1352 5145 relatione
1365 5086 1457 5157 didici,
1473 5086 1570 5145 litteris
1591 5084 1781 5143 commendata

980 5401 1187 5477 comprehendi,
1200 5401 1277 5469 juxta
1292 5398 1492 5458 distinctionem
1514 5398 1632 5473 capitum
1661 5414 1679 5457 a
1700 5398 1779 5457 nobis

979 5475 1077 5533 lacmm
1091 5494 1099 5543 ς
1115 5472 1265 5530 secundum
1289 5472 1429 5531 continere
1452 5472 1588 5545 reliquam
1610 5470 1693 5528 vitem
1716 5486 1778 5530 cum

977 5548 1054 5605 obitu
1066 5564 1073 5619 ;
1086 5552 1115 5630 et
1130 5544 1240 5601 tertium
1255 5560 1317 5601 esse
1331 5546 1463 5613 analecta,
1479 5559 1541 5620 quie
1568 5544 1664 5602 ultimo
1691 5542 1779 5615 capite

978 5632 1167 5693 proponimus.
