3942 6067
193 196 247 257 887

543 138 694 277 nondun
711 173 966 243 annnsronnn.
987 167 1068 227 ore.
1087 174 1175 235 rins
1190 179 1237 235 ιιι.
1257 182 1518 244 -.ιιιιιιιιιιιι
1582 140 1586 150 ’

1798 184 1853 241 888

191 324 283 385 diente
291 317 499 387 tabernaculum
513 316 618 378 sonitus
634 312 773 385 audiretur
788 313 816 367 et
830 322 884 387 non
899 318 991 359 more·
1005 298 1076 359 Α·
1050 322 1139 373 nrum,
1155 313 1185 361 ut
1199 309 1333 397 passionis
1357 312 1415 379 ejus
1437 319 1580 369 consortes
1603 310 1763 368 mereamini
1783 326 1848 366 oum

192 422 265 471 retur
277 413 378 485 (naon.
394 410 510 479 xxxix).
528 406 618 463 Vestis
632 398 818 471 tintinnabulis
834 380 938 453 interita
950 397 991 448 est

191 503 250 563 viva
264 502 439 580 secerdotum
454 496 659 571 praedicatione
660 478 785 571 subnixa.
809 487 837 545 Si
852 486 925 543 enim
940 498 993 583 po-

192 594 259 667 pulo
273 607 390 666 regnum
403 588 454 645 Dei
460 585 641 655 etiustiqiam
664 584 722 658 ejus
745 564 914 657 annuntiant,
931 572 992 627 ani·

193 696 254 745 mas
269 696 332 739 suas
347 678 467 735 salvant.
487 674 516 731 Si
530 683 620 741 autem
633 671 771 744 justiciam
786 662 992 728 absconderint,

192 779 220 829 et
233 768 351 843 populus
364 764 506 837 iniquitate
521 768 644 818 mortuus
655 759 742 825 inerit,
757 754 908 838 sanquisJ
885 754 908 822 ej
913 768 943 807 ns
959 748 994 805 de

192 876 276 919 manu
290 856 466 916 sacerdotum
484 852 636 926 requiritur,
652 848 730 923 qnasi
755 863 818 903 eum
841 840 994 903 occiderint

192 948 305 1022 (Eaach.
324 947 379 1018 ιιι).
400 946 448 1003 Est
462 944 550 1001 bestia
565 940 674 997 nomina
688 940 834 1011 panthera,
849 918 931 989 ιιιιίι
947 946 993 987 co-

192 1038 296 1095 loribus
309 1036 418 1093 decora.
435 1034 500 1089 Ηιι
514 1032 611 1088 ιιιιιιιι
626 1028 791 1103 ingreditur,
802 1022 919 1080 diversis
929 1004 993 1099 hei-

191 1128 235 1183 bis
249 1125 378 1192 vescitur,
395 1132 422 1181 et
435 1121 555 1178 deinde'
548 1137 576 1175 ιιι
592 1127 697 1191 patra
683 1125 758 1171 stans
773 1130 866 1173 vocem
884 1092 991 1177 emittit,

192 1225 219 1273 et
232 1215 322 1273 oannis
336 1214 415 1269 turba
429 1210 578 1275 bestiarum
602 1208 630 1263 io
655 1206 770 1265 circuitu
791 1201 920 1261 accurrit.
940 1200 994 1256 So-

191 1304 235 1363 lus
250 1307 335 1361 draco
359 1302 441 1375 fugit.
473 1301 549 1357 Tunc
573 1313 686 1355 suavem
709 1296 823 1353 odorem
846 1296 952 1351 eructat
966 1296 995 1346 et

192 1410 289 1454 ornnes
313 1394 463 1466 languores
486 1397 562 1446 sanat
577 1388 608 1455 ιιο
623 1389 682 1458 st).
713 1388 769 1441 Per
785 1386 854 1441 banc
877 1380 994 1439 bestiam

191 1482 385 1559 significantur
399 1479 556 1536 sacerdotes
571 1477 663 1533 multis
673 1474 815 1543 virtutibus
830 1470 992 1538 discolores,

89 1588 94 1593 ·
191 1588 262 1647 quos
276 1568 402 1629 convenit
417 1568 515 1625 silvam
534 1567 681 1639 Scriptura
695 1564 812 1637 ingredi,
829 1562 913 1618 variis
927 1576 992 1615 sen-

1047 392 1154 464 angelis
1169 392 1270 451 habere
1284 390 1447 452 aeternarum
1464 394 1605 469 epularum
1617 397 1758 470 gandium.
1776 397 1851 450 l’rae·

1048 482 1116 538 latos
1131 492 1238 541 vestros
1259 493 1287 540 et
1309 502 1405 542 ornnes
1420 486 1538 556 majores
1559 488 1701 554 honomte,
1717 491 1849 557 parentes

1047 580 1154 628 vestros
1169 576 1195 627 in
1211 584 1350 632 senectute
1366 576 1408 631 vel
1422 586 1547 648 egestate
1570 584 1745 649 consumptos
1762 575 1848 629 rebus

1049 662 1147 717 vestris
1170 672 1327 721 sustentate.
1351 666 1393 721 hd
1409 668 1466 723 haeo
1479 666 1552 722 enim
1567 665 1722 722 exercenda
1735 669 1851 720 monent

1047 767 1099 808 nos
1112 750 1205 809 avium
1218 754 1355 827 exempla.

1080 888 1150 945 Nam
1164 887 1265 960 legitur
1276 890 1349 961 qnod
1363 887 1454 963 aquila
1468 904 1616 946 senescens
1639 905 1657 944 a
1678 886 1763 959 pullis
1785 886 1847 941 auis

1047 984 1176 1048 pascatur
1196 994 1284 1051 usqne
1305 980 1372 1035 dnm
1397 979 1425 1034 in
1447 979 1591 1052 pristinam
1603 979 1775 1049 iuventutem
1796 992 1845 1031 re·
1931 968 1940 988 ’

1047 1074 1184 1123 nascatur.

1084 1197 1215 1254 Similiter
1228 1198 1315 1254 fertur
1329 1200 1402 1273 quod
1416 1216 1538 1271 merops,
1555 1213 1712 1267 senescens,
1729 1211 1746 1253 a
1760 1194 1846 1271 pullis

1048 1286 1106 1369 suis
1128 1288 1275 1344 nutriatur.
1303 1289 1423 1361 CJvconia
1437 1306 1555 1362 quoque,
1572 1296 1712 1345 senectute
1732 1293 1850 1361 gravata

1047 1383 1074 1432 et
1088 1376 1187 1449 plumis
1201 1378 1312 1445 nudata,
1327 1393 1343 1434 a
1359 1379 1440 1449 pullis
1455 1380 1506 1435 alis
1519 1377 1727 1436 circumvelatur
1740 1385 1767 1433 et
1782 1376 1850 1431 cibo

1048 1466 1160 1523 assiduo
1187 1476 1339 1523 recreatur.
1366 1468 1399 1523 Et
1423 1468 1448 1523 si
1468 1468 1530 1523 talia
1554 1473 1681 1523 exercent
1705 1465 1848 1529 volucres,

1048 1565 1151 1627 quanto
1174 1557 1264 1631 magis
1286 1557 1367 1614 decet
1392 1565 1421 1615 ut
1446 1573 1479 1615 ea
1499 1556 1673 1628 'exempleant
1695 1554 1850 1610 homines?

192 1662 285 1719 tennis
298 1668 327 1717 ut
342 1658 434 1715 herbis
448 1657 557 1729 repleri,
569 1654 690 1714 deinde
683 1672 711 1709 ιιι
726 1662 804 1725 petra
820 1651 927 1708 Christo
943 1650 1034 1723 bo-B
1049 1642 1212 1701 Elemosinis
1226 1646 1352 1702 redimite
1367 1664 1416 1703 vos
1435 1664 1451 1702 a
1471 1655 1646 1718 peccatorum
1661 1655 1687 1701 et
1701 1660 1850 1715 paenarum

192 1752 236 1807 nis
250 1750 382 1821 operibus
397 1757 478 1812 stara,
493 1744 625 1818 populum
643 1742 763 1817 nudique
785 1756 949 1813 convocare,
967 1749 994 1797 et

170 1901 173 1909 ,
193 1850 258 1898 tnnc
277 1838 416 1895 salubrem
439 1835 585 1907 Scripturas
604 1836 717 1891 odoram
743 1832 849 1901 eillare,
862 1840 888 1888 et
903 1846 995 1905 aegros

191 1930 297 1987 morbis
317 1928 418 2001 linguae
443 1925 623 1983 medicamine
647 1939 757 1989 curare,
772 1922 920 1979 draconem
935 1920 995 1977 dia·

192 2018 285 2076 bolam
299 2018 333 2075 ab
348 2017 389 2074 ιιι
404 2014 542 2087 effugare.

227 2128 411 2218 lstis'dieli'us',
423 2132 720 2217 transmeabilem,
737 2142 810 2218 quod
838 2149 880 2200 est
905 2140 994 2199 melos

190 2240 305 2310 laeticiae,
317 2238 529 2305 intermittimus,
543 2245 570 2293 et
586 2241 723 2299 tractum,
736 2242 847 2291 oantnrn
862 2232 991 2301 tristicia,

189 2331 324 2397 canimus,
341 2330 404 2403 qnia
418 2344 467 2401 pro
481 2326 602 2399 peccatis
623 2325 725 2381 nostris
748 2331 855 2395 oportet
875 2339 926 2379 nos
949 2323 994 2378 hio

192 2418 306 2489 tristari,
322 2426 350 2475 ut
364 2418 444 2475 liceat
459 2417 538 2473 nobis
554 2416 717 2489 quandoque
732 2430 794 2471 oum
821 2412 929 2486 angelis
943 2412 993 2468 ιιι-

191 2508 253 2567 tari.
266 2508 330 2565 ldeo
345 2509 428 2564 etiam
443 2523 513 2563 nuno
524 2506 586 2563 vela
601 2505 627 2559 in
638 2504 763 2561 ecclesiis
779 2502 991 2575 suspenduntur,

192 2614 248 2671 quo
263 2597 364 2670 populo
388 2602 493 2653 secreta
520 2580 669 2669 s'anclnarii
693 2591 912 2671 absconduntur,
928 2590 993 2669 qnia

191 2686 313 2746 coelestia
325 2686 405 2742 nobis
419 2686 454 2741 ob
468 2692 578 2757 peccata
592 2684 714 2740 celantur
730 2698 790 2755 quae
805 2682 841 2738 ob
855 2681 993 2753 poeniten·

191 2778 257 2834 tiam
272 2776 351 2832 nobis
366 2782 540 2833 raseiffantnr

225 2894 337 2967 Legitur
351 2890 424 2964 qaod
440 2889 630 2960 Hierosolyma
645 2887 746 2961 triplici
769 2902 846 2943 muro
871 2885 990 2944 circum-

190 2982 254 3038 date
269 2980 358 3047 luerit,
374 2995 455 3052 qnam
467 2978 731 3042 Nabuchodonosor,
748 2977 848 3032 savilio
872 2992 921 3033 sex
945 2991 992 3031 re-

191 3088 266 3149 gum,
279 3068 461 3143 expugnando
476 3067 557 3139 cepit,
571 3066 754 3124 inhabitantes
770 3067 902 3139 quosdam
917 3064 993 3121 ooni-

191 3159 240 3225 dit,
252 3160 386 3232 quosdom
401 3158 428 3212 in
444 3157 608 3228 babylonem
623 3155 708 3212 duxit.
723 3155 813 3228 Aliqui
833 3156 879 3227 qni
894 3156 920 3211 in
938 3165 993 3211 tnr-

192 3248 244 3304 rim
260 3249 287 3303 in
303 3247 394 3303 medio
407 3246 522 3303 civitatis
537 3245 618 3301 sitam
642 3244 771 3317 ingerunt
793 3244 888 3300 salvati
912 3252 988 3301 sunt.

227 3380 415 3455 hierosolyma
441 3386 503 3434 snut
526 3375 645 3433 fidelium
666 3376 769 3451 populi,
786 3377 885 3448 triplioi
902 3394 991 3444 muro,

191 3471 297 3529 scilicet
312 3468 375 3539 tide,
391 3486 448 3541 spe,
469 3468 584 3529 karitate
607 3467 780 3545 circumdati.
805 3466 879 3537 Quos
895 3466 992 3523 Nabu-

182 3561 377 3631 chodonosor,
391 3558 417 3613 id
435 3547 475 3614 est
491 3556 630 3630 superbia,
643 3556 792 3629 principale
809 3555 917 3617 vicium.
930 3572 993 3613 cnm

192 3645 253 3702 aliis
274 3661 322 3699 sex
347 3642 443 3711 viciis,
457 3642 492 3715 ¹id
517 3632 565 3698 est'
581 3640 697 3708 invidia.
714 3641 792 3708 odio,
809 3656 880 3699 vana
895 3641 991 3715 gloria,

192 3734 321 3811 avaricia,
337 3733 460 3805 crapula,
480 3730 599 3799 luxuria,
615 3746 741 3805 pugnans
754 3730 867 3796 invadit,
885 3744 991 3797 moros,

191 3822 219 3878 id
235 3831 277 3905 est
290 3818 382 3891 sidem,
399 3838 486 3893 spem,
502 3818 647 3875 karitatem
661 3818 789 3875 destruit.
807 3820 994 3875 lnhnbitantas

191 3910 290 3993 occidit
304 3912 368 3966 dnm
384 3908 480 3966 fideles
493 3909 613 3980 peccatis
630 3909 723 3964 mortis
739 3908 839 3964 obruit.
866 3905 941 3963 Alios
965 3907 993 3962 in

191 3992 358 4091 Βιιιιιοιιιιιι
373 3999 458 4067 duxit,
474 3999 538 4053 dum
554 3998 580 4052 in
597 3996 855 4068 peccatis'mortuos
878 3996 913 4052 ad
938 4006 994 4051 tar-

191 4097 251 4155 tara
265 4089 348 4160 rapit
369 4087 462 4142 Turris
478 4103 544 4143 vero
559 4085 674 4142 civitatis
699 4092 739 4141 est
761 4084 898 4159 protectio
924 4100 993 4143 con-

191 4170 332 4257 lessionis'.
353 4172 475 4252 Quisque
491 4176 567 4253 er'go
592 4172 724 4242 fidelium,
740 4176 885 4231 destructis
906 4174 993 4230 muris

191 4243 332 4353 virtutum,
348 4265 384 4319 sd
398 4255 498 4319 turrem
514 4258 695 4340 confessionis
719 4262 879 4321 festinanter
892 4264 991 4339 lugiet,

148 4420 150 4426 ,
193 4371 228 4411 ne
241 4371 257 4409 a
272 4352 413 4420 Ch'aldaeis,
431 4349 459 4409 id
474 4360 515 4408 est
530 4370 545 4408 a
560 4332 739 4457 daemonibus,
757 4356 865 4425 pereat.

228 4440 445 4555 legitnretiam
468 4439 809 4554 inclementioribus
842 4486 870 4541 in
901 4494 993 4558 partes

193 4572 258 4647 Tyri
272 4570 423 4638 secederet,
440 4572 512 4645 qnod
530 4573 626 4633 mulier
639 4575 796 4633 chananaea
810 4576 845 4633 ad
861 4592 921 4633 enm
941 4591 992 4648 pro

191 4662 313 4719 hlasana
329 4662 473 4727 clamaret,
487 4678 568 4740 quam
585 4664 749 4723 daemonium
773 4664 843 4723 male
866 4666 990 4733 vetabat,

193 4756 219 4807 ct
234 4748 358 4819 protinus
381 4747 496 4821 salutem
520 4747 583 4805 salian
605 4750 769 4819 impetrabat
784 4752 896 4822 (batth.
924 4753 987 4821 xv).

192 4838 282 4913 Tyrus
296 4844 339 4893 est
362 4836 406 4893 hio
430 4836 563 4915 muudqs,
589 4838 618 4895 in
641 4840 718 4909 οιιιιιι
744 4848 835 4911 partes
859 4841 993 4897 Dominus

193 4926 324 4992 secessit,
349 4926 416 4983 dnm
438 4940 551 4985 carnem
575 4939 698 4987 nostram
723 4928 823 4987 induit.
853 4929 961 4999 Mulier,
974 4947 993 4989 ¹a

193 5015 293 5072 finibus
306 5015 499 5088 illisograasa,
514 5026 558 5073 est
570 5017 698 5077 Ecclesia
722 5018 756 5079 de
775 5020 908 5092 gentibus
923 5036 993 5077 con-

192 5113 318 5179 gregata.
353 5105 436 5175 Cujus
458 5104 512 5164 titia
535 5123 596 5179 quas
619 5122 646 5173 a,
659 5108 794 5165 daeanonio
815 5118 928 5168 venatur
951 5118 995 5167 est

193 5194 425 5263 quaelibetanims
440 5212 501 5267 (ιιι
515 5210 532 5251 ι
547 5196 624 5255 viciis
639 5206 804 5271 occupatur.
825 5200 889 5260 ttae
903 5208 992 5257 matre

191 5292 287 5347 orante
305 5292 427 5353 curatur,
443 5285 509 5341 dum
523 5301 658 5345 conversa
672 5288 763 5345 anime
777 5290 992 5361 perorationem

192 5370 310 5427 aviciis
334 5380 479 5445 purgatur.
518 5372 597 5430 Venit
619 5374 692 5435 euim
717 5377 779 5447 pius
807 5378 940 5433 Dominus
964 5386 993 5433 nt

192 5467 295 5530 quaerat
320 5477 381 5533 qna
404 5462 546 5532 perierunt
569 5464 667 5518 doinus
690 5466 790 5532 lsrael,
805 5466 833 5521 id
848 5474 992 5525 estocetus

177 5548 367 5619 „annnorum
382 5556 409 5605 et
423 5550 547 5609 inventas
572 5553 684 5612 reducat
707 5554 743 5613 ad
766 5555 924 5615 societatem
938 5572 991 5613 eo-

193 5634 366 5705 rumtttttu,
377 5639 433 5703 ιιι).
452 5638 548 5709 ,uada
563 5640 726 5711 densissimi,
742 5642 909 5707 assentiente
918 5646 992 5717 J'oJ'u-

1048 1734 1180 1806 periculo,
1196 1736 1260 1806 qnia
1275 1737 1347 1791 bona
1361 1747 1404 1791 est
1418 1736 1569 1793 elemosina
1583 1743 1644 1791 cuni
1655 1733 1770 1805 J'ejunio.
1784 1734 1852 1788 Haec

1048 1839 1064 1878 a
1079 1833 1168 1879 morte
1182 1825 1277 1879 liberat
1292 1833 1318 1879 et
1332 1825 1389 1882 haec
1403 1834 1513 1895 peccata
1527 1832 1626 1899 purgat
1638 1826 1713 1896 (iob.
1726 1838 1766 1890 iv,
1780 1838 1824 1877 ιιιι
1826 1838 1850 1892 J,

1049 1909 1098 1964 sed
1112 1918 1139 1966 et
1152 1910 1179 1964 in
1196 1910 1321 1966 tenebras
1335 1909 1377 1967 ire
1399 1927 1455 1966 non
1477 1910 1587 1981 patitur,
1603 1909 1652 1964 sed
1666 1909 1750 1964 vitam
1763 1914 1851 1964 mter-

1048 2016 1111 2055 nam
1126 1998 1190 2072 [vita
1204 1998 1314 2074 aeterna}
1328 2016 1453 2070 peream
1469 2000 1578 2055 dabitur
1594 1998 1700 2073 [debiti.

1083 2130 1195 2187 thabita
1209 2130 1320 2203 qnippe,
1335 2130 1416 2201 plena
1431 2130 1561 2202 operibus
1575 2129 1656 2187 bonis
1669 2135 1696 2185 et
1712 2126 1849 2185 nemosi-

1047 2215 1100 2283 nis,
1115 2216 1150 2272 ad
1169 2216 1248 2271 ritem
1264 2215 1449 2283 resuscitatur,
1466 2215 1556 2270 viduis
1577 2222 1604 2272 et
1628 2213 1758 2285 orphanis
1773 2212 1847 2268 ilen-

1049 2306 1129 2362 tibus.
1145 2306 1212 2361 Cum
1226 2305 1298 2360 enini
1313 2313 1404 2361 vestes
1421 2304 1597 2361 ostenderent
1612 2320 1680 2376 quas
1696 2303 1751 2359 illis
1765 2302 1849 2359 iacie-

1048 2395 1103 2461 bat,
1119 2412 1182 2452 mort
1196 2411 1257 2451 earn
1272 2396 1371 2451 Petrus
1385 2394 1449 2450 vitm
1464 2394 1624 2451 restituebat
1638 2397 1711 2462 lact.
1722 2394 1774 2466 ix).
1792 2394 1845 2457 En,

1047 2485 1197 2555 karissimi,
1215 2493 1345 2557 qnantum
1369 2484 1526 2541 elemosinae
1552 2484 1656 2540 valent.
1675 2482 1737 2539 Nou
1758 2481 1850 2537 solum

1047 2578 1120 2633 enim
1135 2592 1150 2631 a
1164 2584 1251 2632 morte
1264 2574 1392 2643 liberant,
1407 2575 1555 2631 sedetiam
1578 2589 1595 2630 a
1618 2583 1704 2630 morte
1722 2570 1852 2645 corporis

1048 2665 1192 2723 suscitant.

1082 2783 1182 2866 Tobios
1202 2800 1321 2856 quoqne,
1338 2782 1385 2855 qni
1399 2780 1578 2856 quadriennio
1600 2778 1690 2834 lumen
1706 2776 1851 2834 oculorum

1047 2873 1183 2940 amiserat,
1201 2890 1251 2945 per
1265 2871 1431 2929 elemosinas
1446 2879 1473 2927 et
1485 2870 1586 2941 jejunia
1601 2866 1699 2941 angelo
1716 2867 1848 2923 visitante

1046 2971 1191 3034 receperat
1205 2963 1283 3033 (iob.
1304 2976 1335 3029 n,
1350 2960 1408 3033 xa).

1083 3074 1198 3145 Legitur
1218 3074 1254 3131 de
1276 3073 1396 3144 quodam
1419 3070 1587 3127 theloneario
1610 3070 1683 3140 quod
1706 3083 1850 3139 nunqnam

1047 3164 1226 3220 elemosinam
1248 3162 1398 3234 praebuerit
1421 3161 1502 3217 alicui
1529 3158 1705 3231 pauperculo.
1722 3157 1852 3227 Quadam

1047 3253 1093 3310 die
1107 3253 1171 3309 dum
1186 3268 1322 3324 pauperes
1335 3252 1406 3307 inter
1419 3266 1451 3306 se
1463 3248 1608 3307 differrent
1623 3248 1652 3320 Ιι.
1668 3247 1848 3319 dissererent}

1048 3352 1150 3415 quanta
1164 3343 1237 3399 bona
1251 3341 1291 3397 illi
1311 3350 1339 3397 et
1360 3340 1399 3395 illi
1420 3340 1460 3395 eis
1484 3338 1700 3409 impendissent,
1717 3335 1763 3391 ille
1778 3352 1850 3393 vero

1048 3432 1243 3491 thelonearius.
1258 3431 1386 3503 quamvis
1402 3428 1565 3496 ditissimus,
1580 3442 1720 3499 uunquam
1743 3426 1850 3499 aliquid

1048 3522 1113 3578 boui
1128 3522 1169 3577 eis
1182 3520 1364 3585 exhibuisset,
1382 3535 1452 3574 nnus
1465 3518 1576 3573 illorum
1598 3515 1690 3571 intulit
1713 3516 1788 3587 quod
1812 3515 1848 3569 ad

1047 3622 1172 3679 praesens
1190 3606 1367 3661 elemosinam
1381 3603 1417 3658 ab
1432 3620 1467 3659 eo
1480 3612 1642 3671 accepturus
1656 3601 1703 3655 sit.
1719 3600 1770 3657 Cui
1783 3600 1850 3655 dnm

1048 3692 1236 3763 unusquisque
1259 3698 1340 3760 prout
1361 3688 1457 3743 habuit
1470 3687 1642 3757 deposuisset
1656 3685 1680 3740 si
1692 3685 1728 3739 ab
1742 3701 1776 3741 eo
1791 3684 1851 3741 sal-

1048 3788 1103 3836 tem
1126 3780 1269 3836 minimum
1292 3778 1357 3848 qnid
1380 3777 1533 3848 acciperet,
1547 3775 1594 3831 ille
1608 3776 1732 3847 protinus
1745 3772 1783 3831 ad
1796 3774 1850 3829 do-

1043 3884 1126 3925 mum
1149 3867 1313 3925 thelonearii
1334 3866 1459 3923 cuctrrrit
1481 3866 1661 3922 elemosinam
1685 3862 1850 3935 importunis

1048 3953 1165 4010 vocibus
1178 3952 1264 4023 petiit.
1280 3952 1321 4007 Ea
1335 3967 1401 4007 vero
1417 3952 1486 4007 hora
1501 3950 1579 4021 panis
1593 3965 1611 4005 a
1623 3950 1753 4004 ministris
1768 3964 1850 4003 men·

1047 4059 1095 4104 aae
1101 4042 1305 4113 imponebatur.
1333 4041 1456 4111 Cumque
1479 4041 1664 4095 thelonearius
1690 4037 1783 4093 lurore
1801 4054 1849 4095 re-

1047 4132 1138 4203 pletus
1153 4132 1377 4202 circunspioerea
1400 4130 1424 4185 si
1447 4129 1515 4185 forte
1533 4129 1638 4201 lignum
1661 4126 1707 4182 vel
1730 4126 1802 4199 lapis
1817 4142 1847 4182 se

1049 4221 1148 4279 furenti
1162 4219 1275 4277 offerret
1287 4220 1402 4291 quadiu
1416 4216 1515 4275 faciem
1530 4217 1731 4275 vociferantis
1722 4225 1843 4286 motare.-

1048 4317 1100 4377 tnr,
1116 4326 1172 4381 pre
1184 4309 1226 4365 ira
1239 4325 1357 4366 cuneum
1371 4308 1497 4379 arripnit,
1513 4308 1543 4363 in
1556 4324 1604 4363 ora
1617 4306 1761 4364 clamantis
1776 4321 1846 4377 pau-

1007 4385 1035 4447 D
1050 4413 1124 4471 paris
1145 4400 1270 4471 proiecit
1295 4398 1385 4468 Quem
1398 4398 1445 4453 ille
1457 4397 1639 4469 amplectitur,
1654 4396 1733 4453 laetus
1749 4396 1785 4449 ad
1800 4410 1845 4450 so·

1049 4487 1107 4545 cio
1121 4487 1286 4559 regreditur,
1302 4501 1419 4541 cuneum
1431 4485 1610 4549 demonstrat,
1621 4499 1704 4555 quem
1718 4498 1748 4540 se
1763 4482 1800 4537 ab
1815 4496 1847 4538 eo

1050 4577 1193 4648 accepisse
1212 4578 1247 4649 ιιι
1266 4576 1312 4647 ιι)
1333 4582 1477 4632 ιιιιιιιοιιι.
1500 4575 1564 4639 Νοιι
1583 4582 1668 4630 murto
1690 4581 1753 4645 post
1774 4573 1847 4629 idem

1051 4666 1236 4723 thelonearius
1248 4674 1293 4724 est
1305 4666 1384 4738 pravi
1394 4664 1551 4721 intirmitate
1564 4672 1652 4719 tactus
1667 4670 1694 4719 et
1709 4661 1745 4718 ad
1759 4670 1847 4717 extre·

1050 4772 1095 4813 nra
1109 4758 1266 4828 perductus.
1281 4756 1322 4811 hd
1333 4771 1414 4826 quem
1424 4769 1487 4811 mon
1499 4754 1847 4816 daemonesconvenernnt,

1050 4856 1149 4907 eunom
1169 4849 1227 4917 ejus
1248 4854 1321 4902 mate
1334 4854 1418 4917 'gesta
1444 4860 1478 4899 eo
1505 4843 1613 4899 vidente
1632 4849 1844 4897 recensuerunt.

1048 4938 1171 5010 Cumque
1198 4935 1291 5007 augeli
1313 4921 1444 4991 adessent
1457 4942 1485 4989 et
1505 4934 1539 4988 ab
1559 4932 1617 5002 cias
1635 4930 1751 5003 custode
1776 4930 1850 4985 bona

1047 5024 1114 5093 ejus,
1132 5021 1326 5094 requirerent,
1348 5019 1415 5075 dixit
1438 5018 1513 5091 qnod
1526 5032 1666 5089 uunquam
1681 5013 1733 5071 sibi
1748 5029 1848 5071 assen-

1047 5128 1109 5169 sum
1129 5111 1165 5167 ad
1188 5111 1289 5167 bonnm
1309 5108 1434 5181 prebere
1456 5106 1592 5171 voluerit,
1614 5105 1676 5161 nisi·
1689 5104 1763 5177 qnod
1779 5120 1847 5177 qua·

1047 5202 1109 5259 dam
1138 5200 1184 5257 die
1210 5215 1330 5257 cuneum
1356 5198 1443 5258 iratus
1467 5197 1496 5252 in
1516 5211 1666 5269 pauperem
1689 5194 1845 5267 jactaverit,

1047 5308 1128 5365 quem
1149 5290 1209 5361 ipse
1227 5304 1299 5345 nuuc
1317 5304 1411 5345 secura
1431 5286 1566 5343 attulerit.
1592 5284 1698 5359 Angeli
1710 5299 1778 5341 vero
1797 5299 1847 5339 cu-

1045 5397 1127 5442 neum
1141 5378 1175 5435 ab
1192 5384 1405 5450 coacceperunt
1419 5384 1446 5433 et
1460 5376 1487 5431 in
1503 5376 1630 5431 minimas
1645 5374 1730 5431 micas
1744 5372 1845 5429 divise·

1045 5478 1119 5527 runt.
1134 5471 1167 5526 Et
1180 5485 1242 5526 cum
1256 5468 1395 5525 ammones
1409 5467 1508 5538 gravia
1526 5465 1652 5537 pondera
1671 5472 1846 5535 peccatorum

1045 5560 1072 5616 in
1089 5567 1190 5619 statera
1205 5565 1348 5629 ponerent,
1364 5555 1456 5629 angeli
1469 5555 1569 5613 micam
1582 5552 1761 5627 imponebant
1786 5566 1846 5623 quas

1044 5647 1283 5721 preponderabat.
1315 5647 1375 5706 lloo
1404 5645 1511 5731 tamdiu
1527 5644 1654 5715 ιιιιιιιιιι
1671 5657 1757 5721 nsqqe
1780 5639 1845 5697 dum
