3942 6067
127 220 135 273 l
146 220 196 276 050

466 207 649 269 srennnuu
666 204 837 265 annnam.
859 232 894 247 -
913 200 1000 262 nou.
1021 200 1064 261 ru
1083 164 1459 261 rosr'ranrunosmu.

1719 200 1790 261 1050

127 351 252 403 nostrum
264 339 436 415 pervernire,
450 354 547 399 raram
564 336 719 395 libertatem
732 334 859 393 obtinere
875 350 882 400 ;
903 338 932 391 ut
945 332 974 394 tt
988 330 1079 389 dbbas
1093 346 1160 391 sero
1171 330 1253 403 jussit
1267 346 1330 389 eum
1342 328 1438 405 projici
1453 336 1519 388 ante
1532 328 1679 397 Marinum,
1690 326 1800 385 dicens·

121 436 173 491 boc
189 447 399 505 consequamur,
416 446 466 503 per
481 429 598 503 vestigia
624 435 785 485 sauctomm
811 423 926 498 madia-

122 539 197 581 mur.
217 522 311 579 Solius
325 519 438 577 Marinae
465 530 527 578 sota
552 517 633 575 nobis
661 515 815 573 sufficerent
836 512 859 571 si
873 514 927 570 alia

122 612 248 683 exempla
262 612 405 667 deessent.
424 610 511 677 Hujus
524 617 600 681 pater
616 606 685 664 dixit
711 620 743 663 se
769 602 843 661 uelle
869 603 925 659 ani·

124 716 199 760 mam
227 715 309 756 suam
336 699 438 755 salvam
466 696 568 763 iacere,
592 695 723 754 menium
744 694 925 767 habitumque

124 798 242 855 mutare,
257 788 346 861 ipsam
360 802 455 843 rerum
476 803 590 843 suarum
611 786 750 842 baeredem
772 784 924 839 instituere.

124 884 161 936 nt
178 878 226 935 illa
243 896 250 932 :
268 900 279 925 α
299 879 332 933 Et
351 876 404 943 vis,
434 875 530 949 inquit,
557 874 677 931 animam
704 881 779 930 tuam
807 872 926 939 salvare,

123 984 216 1025 meam
230 982 294 1023 vero
309 965 435 1037 perdere.
449 988 461 1015 a
479 966 563 1020 Patre
574 962 783 1021 autemdicenta
794 962 860 1034 quid
875 960 928 1017 sibi

124 1057 255 1130 placeret,
274 1056 345 1113 dixit
358 1063 388 1110 ut
402 1070 433 1110 se
447 1048 583 1123 tonderet,
609 1052 715 1109 uirilem
737 1052 862 1109 habitum
886 1051 928 1107 in·

125 1147 233 1213 dueret,
260 1160 311 1216 pro
336 1142 393 1199 utto
419 1160 514 1201 seeum
528 1143 563 1199 ad
578 1142 775 1199 monesterium
803 1141 926 1198 duceret.

124 1234 178 1305 Qui
193 1249 244 1306 pro
258 1232 351 1291 verbis
365 1232 430 1304 ejus
443 1232 539 1288 laudes
553 1232 613 1288 Deo
627 1231 695 1287 dixit
708 1250 716 1299 3
733 1220 878 1286 detonsam
891 1228 929 1285 ad

123 1324 333 1381 conversionem
347 1338 442 1379 secum
455 1320 541 1377 duait.
556 1321 683 1393 Suscepti
711 1327 804 1376 autem
826 1334 845 1375 a
870 1318 927 1375 lra-

123 1412 210 1470 tribus
236 1412 365 1469 monachi
391 1409 459 1467 liunt
473 1430 481 1479 3
496 1410 524 1466 in
539 1410 614 1467 omni
629 1410 765 1484 religione
778 1408 860 1466 sitam
874 1407 928 1465 du·

125 1509 201 1559 sunt.
222 1502 286 1558 Post
299 1500 404 1573 aliquot
418 1514 507 1556 annos
521 1508 600 1571 pater
615 1500 721 1555 transiit
733 1499 762 1554 in
777 1497 869 1555 locum
883 1505 928 1553 ta-

981 427 1011 477 ut
1030 420 1146 479 nutriret
1172 419 1260 477 fitium
1287 436 1369 495 quem
1384 420 1454 477 male
1468 418 1638 493 acquisisset.
1651 416 1701 473 Ille
1716 432 1782 475 vero

981 511 1090 568 sublato
1104 510 1206 568 intanta
1220 518 1346 583 pastores
1356 509 1469 576 circuit;
1486 520 1599 581 accepto
1615 508 1649 565 ab
1661 507 1701 563 eis
1715 506 1786 563 lecte

981 615 1044 657 oum
1064 600 1141 655 omni
1159 600 1301 673 diligentia
1315 599 1414 655 nutrit.
1432 599 1474 655 ta
1489 607 1596 672 portam
1625 594 1799 653 monasterii·

982 688 1062 755 redit,
1078 687 1130 745 soll
1143 688 1202 745 Deo
1217 687 1313 747 secreti
1329 686 1371 743 sui
1387 688 1499 745 conscio
1512 687 1623 761 placere
1634 682 1783 751 contendit,

980 775 1093 833 Trienni
1116 777 1206 834 taliter
1219 785 1341 851 peraeto,
1364 786 1460 853 rogatu
1487 777 1602 834 fratrum
1628 775 1657 831 in
1686 783 1785 830 mona-

982 867 1095 923 sterinm
1119 866 1266 939 recipitur,
1282 884 1347 926 vasa
1363 868 1489 941 coquinae
1502 864 1612 922 lauandi
1627 872 1654 921 et
1668 862 1783 919 fratrum

981 956 1139 1013 habitacula
1153 956 1290 1030 purgandi
1305 958 1410 1015 aursei
1424 956 1578 1030 injungitur
1592 972 1599 1023 ;
1623 953 1695 1027 quod
1719 966 1784 1009 num

981 1044 1056 1101 omni
1071 1044 1209 1102 alacritate
1223 1047 1333 1120 peregit
1348 1064 1355 1102 :
1371 1046 1474 1119 primus
1495 1046 1532 1102 ad
1562 1042 1707 1102 ecelesiam
1733 1042 1784 1108 ire,

981 1133 1095 1189 ultimus
1116 1134 1192 1190 exire
1207 1136 1362 1192 consuevit.
1381 1138 1451 1193 Dum
1466 1136 1552 1210 igitur
1576 1134 1623 1189 din
1650 1130 1713 1187 talis
1741 1130 1785 1185 lu-

982 1238 1070 1281 cerna
1085 1223 1132 1280 diu
1149 1238 1242 1280 coram
1256 1224 1413 1281 hominibus
1435 1224 1512 1280 latuit
1535 1240 1597 1297 quae
1614 1236 1716 1295 magno
1733 1219 1787 1276 lul-

981 1336 1050 1393 gore
1065 1320 1093 1376 in
1107 1328 1255 1393 conspectu
1271 1322 1322 1379 Dei
1337 1322 1445 1391 claruit,
1462 1320 1507 1378 lux
1523 1321 1591 1377 lucis
1606 1336 1667 1377 earn
1691 1319 1726 1375 de
1746 1325 1786 1374 te·

982 1410 1075 1467 nebris
1096 1410 1204 1480 extulit,
1221 1417 1246 1467 et
1261 1410 1368 1468 cunctis
1384 1426 1444 1467 eam
1460 1410 1487 1465 in
1503 1410 1584 1466 domo
1600 1408 1725 1467 ecclesie
1746 1406 1789 1463 lu-

981 1515 1045 1555 men
1066 1499 1193 1571 prnbuit.
1220 1499 1317 1556 Incidit
1342 1500 1432 1572 itaque
1455 1498 1581 1571 corporis
1599 1496 1783 1554 infirmitatem

126 1589 270 1647 berneanli
283 1588 450 1645 admirabilis
465 1589 554 1659 (Prot.
570 1588 649 1659 xu);
665 1587 715 1645 sed
738 1586 796 1643 iilis
809 1586 927 1643 inomni
980 1603 1033 1660 per
1046 1604 1127 1661 quam
1140 1588 1227 1645 sunsit
1241 1588 1335 1645 mortis
1358 1596 1385 1645 at
1407 1588 1524 1645 miseriae
1552 1586 1732 1645 acerbitatem
1758 1592 1785 1640 et

125 1679 256 1736 uirtutum
282 1678 413 1735 exercitio
441 1677 472 1733 fit
499 1678 626 1734 omnibus
648 1676 829 1733 admirabilis.
845 1676 927 1747 Cuius
940 1693 969 1756 B
981 1677 1095 1736 intravit
1109 1678 1171 1735 vitre
1185 1686 1211 1735 at
1224 1678 1318 1751 gaudii
1330 1678 1539 1748 jocunditatem.
1553 1675 1606 1747 Qui
1620 1691 1682 1733 cum
1697 1675 1725 1731 in
1741 1687 1789 1730 ec-

122 1783 227 1825 nomen
242 1774 325 1840 pater
337 1767 444 1823 dixerat
453 1782 515 1823 esse
523 1766 656 1833 Marinus,
668 1766 706 1823 ob
714 1766 827 1823 nimiam
836 1776 926 1823 antem
983 1765 1068 1824 clasis
1083 1766 1234 1825 secundum
1248 1784 1355 1825 morem
1378 1783 1433 1825 non
1448 1766 1595 1833 videretur,
1608 1766 1687 1835 jubet
1701 1763 1788 1819 abbas

122 1857 288 1930 religionem
315 1855 350 1913 ab
375 1855 502 1913 omnibus
517 1856 661 1913 dicebatur
675 1854 858 1913 Christianus.
874 1852 930 1925 Qui
983 1856 1084 1928 inquiri
1101 1870 1136 1913 ne
1150 1856 1220 1913 lorte
1234 1855 1398 1913 infirmetur.
1414 1855 1505 1927 Quem
1521 1871 1584 1911 curn
1598 1852 1701 1910 obiisse
1714 1866 1788 1909 corn-

124 1953 183 2003 erat
198 1946 315 2003 multum
330 1945 482 2012 formosus,
499 1961 604 2002 morurn
620 1945 758 2018 gravitate
772 1950 800 2001 et
826 1946 931 2001 verbo·
985 1945 1066 2017 perit,
1091 1945 1221 2003 miserum
1249 1945 1436 2019 pronuntiauit
1450 1945 1496 2019 qui
1515 1958 1566 2002 nea
1582 1944 1664 2015 plene
1679 1949 1788 2014 tempus

127 2052 189 2092 rum
203 2035 344 2093 suavitate
357 2034 490 2092 omnibus
503 2034 743 2108 granceianam
757 2052 773 2090 a
788 2036 867 2091 Patre
875 2049 934 2090 mo·
984 2034 1151 2107 pmrritantiae
1165 2036 1324 2108 promeruit,
1341 2052 1459 2108 eumque
1469 2034 1552 2107 longe
1567 2048 1584 2089 a
1599 2032 1737 2088 iratribus
1748 2045 1792 2085 se·

125 2125 240 2181 nasterii
258 2113 389 2197 dirigitur
412 2140 475 2182 cum
498 2123 627 2179 iratribus
640 2141 692 2195 pro
706 2124 819 2182 utilitate
834 2139 930 2180 aoeno·
984 2122 1063 2194 peliri
1075 2124 1166 2195 jussit.
1183 2126 1255 2181 Dum
1270 2134 1362 2181 autern
1377 2140 1479 2197 corpus
1493 2122 1528 2179 ad
1539 2120 1685 2179 lavandum
1697 2121 1789 2176 denu-

126 2213 175 2269 bii.
199 2211 311 2271 lividus
323 2215 416 2286 itaque
429 2211 567 2280 diabolus,
583 2213 669 2270 draco
684 2220 835 2279 tortuosus,
865 2212 931 2270 olim
985 2212 1075 2281 datur,
1092 2212 1190 2271 mulier
1202 2214 1373 2285 conspicitur
1388 2230 1394 2281 ;
1409 2212 1517 2270 elamor
1530 2226 1593 2267 curn
1609 2209 1737 2266 lendibus
1755 2208 1790 2263 ad

133 2318 165 2359 sa
192 2302 290 2358 volens
311 2303 371 2359 Deo
391 2301 571 2374 aequiparare,
587 2301 661 2359 dolet
675 2310 796 2358 teneram
811 2301 931 2374 puellam
984 2302 1079 2359 sidera
1093 2301 1206 2359 tollitur.
1225 2304 1326 2359 Amans
1342 2302 1426 2358 abbas
1440 2300 1568 2370 accurrit,
1582 2314 1677 2356 coram
1692 2305 1788 2353 sancto

129 2405 265 2464 squamea
278 2390 348 2447 colla
363 2406 413 2447 sua
427 2391 546 2458 calcare,
560 2391 702 2447 virussme
712 2390 933 2448 malitiaaedodit
983 2390 1088 2447 corruit
1102 2406 1240 2463 corpore;
1257 2408 1318 2449 cum
1332 2407 1436 2465 magno
1450 2388 1552 2462 ejulatu
1566 2404 1597 2445 se
1610 2402 1729 2451 errasse,
1755 2401 1787 2443 se
1869 2417 1872 2427 ν

126 2481 156 2536 in
170 2479 303 2537 laminam
318 2480 377 2536 Deo
391 2480 546 2553 placentem
560 2496 611 2551 per
625 2478 755 2535 seminam
778 2479 833 2537 sibi
860 2481 930 2537 obe·
983 2496 1116 2552 pausasse
1131 2481 1224 2537 tandiu
1239 2481 1372 2539 vociferat
1400 2496 1543 2553 quousque
1556 2494 1609 2537 vox
1623 2476 1731 2535 coelitus
1742 2474 1787 2530 in-

127 2569 247 2625 dientem
259 2586 268 2634 ς
285 2567 336 2625 sed
348 2567 484 2626 lubricum
499 2575 582 2641 capnt
595 2572 653 2638 ejus
668 2569 703 2625 ab
717 2584 752 2626 ea
765 2568 929 2639 conteritur,
983 2578 1062 2627 tonat
1075 2586 1136 2643 quae
1151 2578 1254 2627 reatum
1266 2570 1493 2643 suaeignorantiae
1507 2584 1558 2641 per
1570 2566 1669 2623 merita
1684 2572 1788 2621 sancta

126 2658 244 2731 ipseque
255 2657 345 2729 palma
354 2656 476 2715 violarim
490 2657 619 2731 gloriosas
630 2658 743 2729 potitur.
984 2659 1096 2715 llarinae
1115 2675 1224 2731 sponsae
1238 2659 1336 2715 Christi
1350 2659 1485 2715 indultum
1500 2656 1678 2731 pronunciat.
1697 2656 1788 2725 Popu-

161 2746 280 2816 Quidam
293 2762 413 2820 namque
432 2762 506 2818 sape
521 2753 617 2803 euntes
630 2754 658 2803 et
671 2747 818 2803 redeuntes
832 2747 930 2806 iratres
982 2747 1027 2803 lus
1043 2749 1135 2821 itaque
1162 2748 1378 2822 obstupendum
1401 2746 1566 2805 miraculum
1580 2743 1701 2811 conllnit,
1718 2743 1789 2799 inter

127 2836 252 2907 hospicio
266 2836 389 2908 suscepit
405 2854 412 2903 ;
428 2836 506 2906 cuius
521 2833 577 2891 lilia
599 2850 616 2891 a
631 2837 749 2907 quodam
763 2836 848 2893 milite
862 2853 930 2895 con-
983 2851 1053 2910 quos
1068 2844 1093 2895 et
1109 2844 1187 2909 pater
1202 2836 1300 2910 puellae
1313 2838 1433 2896 aduenit.
1451 2836 1504 2907 Qui
1524 2836 1638 2893 audiens
1656 2834 1788 2893 Christia-

128 2925 209 2998 cepit.
224 2923 313 2995 Quam
329 2932 406 2997 pater
419 2923 625 2982 detumescente
640 2933 716 2981 utero
730 2924 862 2997 discutit,
879 2927 929 2984 sed
983 2942 1049 2983 num
1067 2926 1168 2994 obisse,
1192 2926 1281 2985 Deum
1305 2927 1357 2984 sibi
1374 2926 1518 3001 indulgere
1542 2926 1618 2998 petiit
1639 2928 1714 3000 qnod
1737 2928 1787 2985 dn-

127 3014 187 3085 ipsa
213 3013 343 3071 instinctu
371 3012 472 3071 diaboli
500 3013 654 3070 Christiano
675 3015 810 3071 monacho
824 3016 927 3072 crimen
942 3052 967 3115 C
982 3032 1059 3073 rnurn
1074 3032 1151 3073 suam
1175 3015 1355 3073 destruxerit.
1381 3016 1490 3073 Interea
1512 3013 1584 3071 filius
1605 3018 1667 3086 (sic)
1689 3017 1747 3086 ejus
1769 3034 1786 3074 a

128 3102 244 3174 imponit
259 3122 266 3170 ;
283 3103 355 3176 quod
369 3112 449 3175 pater
462 3101 556 3160 lurore
569 3103 678 3175 plenus,
706 3103 797 3159 abbati
825 3104 927 3162 retulit.
982 3106 1120 3163 daemonio
1134 3105 1260 3173 obsessa,
1284 3104 1388 3162 catenis
1404 3103 1551 3162 constricta
1565 3105 1712 3163 adducitur
1727 3122 1734 3178 ;
1751 3108 1785 3164 da

126 3192 199 3247 Dum
214 3207 283 3265 ergo
307 3191 426 3247 llarinna
437 3192 474 3247 ad
487 3190 589 3248 cellum
601 3191 765 3265 regreditur,
780 3193 815 3248 ab
828 3194 929 3252 abbate
982 3196 1062 3265 cujns
1093 3211 1142 3251 ore
1178 3193 1305 3251 diabolus
1332 3203 1472 3252 auctorem
1500 3194 1623 3263 sceleris,
1658 3194 1782 3265 injurium

127 3281 153 3337 ei
166 3279 272 3338 crimen
293 3278 381 3353 stupri
408 3280 569 3353 opponitur.
588 3279 641 3351 Qui
656 3297 719 3337 mox
732 3281 853 3353 pedibus
866 3282 929 3356 ejus
982 3284 1085 3341 Christi
1100 3282 1215 3357 virginis
1229 3282 1381 3356 profitetur.
1398 3282 1502 3341 Omnes
1519 3300 1588 3357 ergo
1611 3284 1709 3341 landes
1723 3286 1782 3343 Deo

127 3369 285 3437 advolutus,
309 3385 341 3425 se
364 3383 484 3437 errasse,
500 3386 531 3427 se
544 3376 574 3427 ut
588 3370 726 3427 bominem
742 3370 842 3431 iecisse
860 3389 928 3445 pro·
981 3374 1130 3442 personant
1153 3368 1231 3438 ouius
1254 3375 1329 3424 tante
1352 3366 1488 3425 beneficia
1503 3368 1531 3425 in
1545 3369 1702 3425 bominibus
1716 3386 1782 3427 exn·

126 3457 226 3515 fitetur.
242 3459 285 3514 nb
297 3458 396 3514 abbate
415 3474 483 3515 vero
496 3459 589 3515 multis
602 3458 698 3533 llagris
714 3459 749 3533 (D
761 3465 814 3519 298
829 3461 871 3533 νο)
886 3462 928 3518 ni·
983 3458 1091 3515 beraut.
1105 3457 1197 3513 Puella
1211 3464 1303 3515 autem
1317 3458 1364 3513 vlt
1379 3458 1447 3513 bora
1461 3456 1496 3513 ad
1513 3456 1670 3529 sepulcrum
1696 3458 1782 3533 virgi-

126 3546 227 3615 frcitnr,
241 3548 280 3604 de
293 3547 459 3604 monasterio
475 3555 504 3603 ut
518 3565 584 3605 reus
598 3549 704 3606 cicitur.
733 3550 928 3609 tentatores
981 3547 1025 3603 nis
1049 3546 1194 3612 liberatur,
1211 3554 1238 3603 et
1261 3546 1359 3601 iterum
1386 3545 1521 3603 Dominus
1545 3546 1574 3602 in
1601 3546 1705 3605 sanctis
1725 3548 1782 3605 suis

132 3636 291 3693 monasterii
314 3636 342 3692 in
365 3636 441 3694 omni
454 3636 548 3694 labore
576 3654 638 3695 curn
664 3654 775 3695 summa
794 3640 928 3711 pacientia
980 3634 1158 3708 glorificatur.
1175 3636 1251 3690 lianc
1266 3634 1377 3691 assidue
1401 3634 1601 3691 cumomnibus
1614 3636 1709 3693 electis
1723 3623 1794 3693 Do-¹

127 3726 316 3797 permanebat,
332 3724 469 3797 publicam
483 3726 672 3798 poenitentiam
682 3726 755 3785 velut
770 3727 927 3801 flagiciosus
980 3723 1047 3779 mini
1062 3722 1219 3795 flagitemus
1234 3730 1262 3777 ut
1278 3722 1372 3777 lurum
1386 3722 1482 3780 mundi
1496 3739 1658 3795 superemus
1668 3724 1702 3797 il·
1716 3726 1781 3799 300)

126 3816 289 3887 peragebat,
318 3814 346 3870 in
373 3814 445 3872 victu
472 3822 576 3872 tantum
596 3816 781 3888 elemosynam
806 3833 926 3891 perage·
981 3819 1115 3885 quatenus
1141 3825 1192 3867 nos
1220 3810 1354 3867 Dominus
1375 3810 1403 3867 in
1416 3812 1503 3883 portis
1517 3812 1613 3868 mortis
1629 3814 1735 3885 exaltet,
1752 3823 1782 3872 ut

128 3904 173 3959 bat
185 3905 263 3977 (sict.
283 3903 393 3960 Interea
407 3904 453 3961 illa
467 3904 562 3961 inielix
576 3904 675 3961 mulier
688 3906 794 3977 peperit
807 3905 925 3965 infantu-
981 3917 1078 3959 ornnes
1102 3899 1274 3957 laudationes
1298 3900 1357 3971 ejus
1371 3900 1460 3957 anima
1474 3908 1567 3959 nostra
1581 3902 1610 3957 in
1621 3904 1708 3973 portis
1718 3900 1780 3961 filiae

125 3990 192 4061 lum,
216 4008 299 4065 quem
324 3996 406 4065 pater
429 3991 529 4066 puella
549 3993 638 4052 attulit
655 3994 692 4050 ad
711 3994 922 4053 monasterium.
980 3990 1049 4051 Sion
1063 3988 1220 4059 annunciet,
1235 3988 1283 4047 ubi
1296 3990 1392 4047 oculus
1406 3990 1432 4063 (l
1444 3988 1508 4050 Car.
1526 3992 1572 4063 u).

735 4425 740 4436 .
776 4360 1038 4437 DOMINICA
1058 4360 1133 4437 tlt.

160 4564 264 4622 beatas
277 4566 321 4623 vir
334 4568 381 4624 cui
394 4582 452 4624 oon
464 4568 618 4642 imputabit
627 4568 921 4642 Dominuspaccctum
934 4565 962 4627 D
976 4567 1079 4624 Narrat
1093 4566 1194 4642 quippe
1208 4566 1277 4626 duos
1291 4569 1319 4625 in
1334 4570 1466 4644 templum
1480 4573 1680 4648 Hierosolymis
1695 4589 1779 4632 causa

125 4653 214 4723 (Prot.
230 4655 324 4727 xxxi).
341 4654 394 4725 Qui
422 4656 468 4712 bic
485 4664 601 4729 peccata
616 4673 664 4712 sua
678 4656 807 4730 lacrymis
825 4655 921 4722 abluit,
976 4656 1108 4714 orationis
1122 4656 1300 4727 ascendisse3
1316 4676 1399 4716 unum
1415 4662 1591 4731 Pharisaeum,
1613 4662 1718 4720 scilicet
1730 4666 1777 4721 Ju-

124 4740 293 4814 ⁰¹⁸¹¹¹⁰⁵l¹²i³
307 4742 426 4811 redimit,
442 4745 506 4802 huic
525 4745 658 4801 Dominus
673 4760 707 4801 08
720 4745 748 4800 in
762 4742 852 4801 000Γο
866 4761 921 4801 non
976 4752 1098 4813 daeorum
1111 4754 1253 4825 clericum,
1273 4757 1357 4813 aliurn
1382 4759 1554 4829 publicanum
1569 4758 1663 4817 inisse.
1691 4756 1777 4817 Phari·

123 4829 277 4902 ifflll¹¹¹³bib
301 4833 916 4907 (1¹15ssill³0m0²eflhilltfflliemdfflssssli‘·
976 4868 1059 4921 eaeus,
1085 4852 1164 4909 altari
1185 4854 1420 4927 appropinquans,
1445 4872 1544 4913 manus
1572 4864 1598 4915 et
1622 4858 1720 4915 oculos
1742 4856 1777 4915 ad

125 4917 177 4989 Qui
192 4928 282 4976 amem
296 4937 351 4977 ⁰⁰¹¹
365 4922 467 5023 ⁰⁰3i¹⁸f
493 4922 559 4996 qnid
578 4924 636 4994 Μ
662 4924 766 5026 ¹⁰⁰5¹⁹if¹
782 4924 836 5025 fed,
855 4923 922 4997 quid
976 4950 1077 5009 coelum
1092 4950 1214 5019 elevans,
1230 4952 1287 5009 Deo
1302 4962 1397 5027 grates
1410 4956 1502 5011 retulit
1516 4955 1589 5027 quod
1604 4956 1667 5013 aliis
1686 4957 1775 5014 homi-

124 5008 216 5109 adm
230 5008 323 5111 (⁰⁰3⁶
332 5020 428 5113 P⁰.³⁵.¹‘⁹
437 5012 481 5113 ¹3¹⁰
495 5020 625 5113 pr⁰v⁰f²⁸²
639 5014 749 5113 1,)οΜ
763 5011 919 5081 vmmm‘
975 5050 1057 5109 nibus
1067 5051 1208 5109 dissimilis
1222 5051 1313 5121 luerit,
1329 5052 1375 5125 qui
1389 5058 1524 5123 raptores,
1540 5052 1643 5123 iniusti,
1659 5054 1775 5111 adulteri

123 5113 188 5171 qma
203 5114 249 5171 qur
263 5100 352 5172 ddrgrt
363 5102 732 5173 iniquitatemodrtanrmam
742 5118 820 5159 suam
832 5104 919 5175 (Psol.
975 5146 1077 5216 forem,
1100 5155 1130 5204 ut
1154 5148 1200 5205 ifle
1228 5148 1391 5221 publicanus
1404 5148 1454 5220 qui
1467 5156 1542 5207 retro
1557 5156 1669 5217 umet,
1685 5150 1728 5206 bis
1747 5152 1775 5207 in

123 5192 154 5256 x)
172 5202 179 5258 ;
194 5194 224 5243 et
247 5188 293 5260 qui
320 5190 439 5245 animam
467 5205 545 5246 suam
567 5190 635 5260 odit,
651 5192 798 5249 Dominum
825 5191 922 5265 utique
1147 5246 1178 5259 ,,
1358 5246 1364 5258 ,
1508 5247 1514 5259 .

123 5274 180 5331 odit
197 5294 204 5343 ;
219 5284 247 5333 et
260 5278 308 5351 qui
321 5278 378 5335 odit
400 5279 557 5349 Dominum,
585 5282 666 5350 hujus
688 5280 818 5355 iniquit„
844 5283 920 5339 inve·
974 5246 1132 5303 ebdomada
1142 5254 1289 5317 Jeyunaret,
1305 5248 1426 5303 decimas
1441 5260 1564 5303 omniurn
1587 5262 1680 5305 rerum
1708 5262 1775 5305 sua-

122 5365 657 5443 uraturaucarum.s11npreeqaern
677 5370 921 5443 peccassemus
975 5360 1036 5399 ‘⁰¹¹¹
1063 5343 1150 5402 aeret.
1182 5344 1344 5402 Pub¹i⁰⁸¹¹1¹⁵
1368 5352 1458 5401 autem
1481 5345 1510 5400 1¹¹
1527 5345 1627 5421 ³⁰t¹³¹⁰
1655 5347 1774 5420 u⁰⁰d³¹¹¹

123 5452 170 5525 qui
180 5469 211 5511 ,0
221 5457 311 5525 justo,
324 5465 454 5530 reputant
468 5466 495 5513 ,q
508 5458 578 5516 ,150s
588 5459 664 5516 ,epm
675 5467 836 5532 pecatore,
850 5461 922 5517 dm.
973 5443 1075 5501 latebnt
1090 5451 1117 5501 at
1131 5444 1227 5503 oculos
1241 5446 1277 5503 ad
1291 5443 1391 5502 coelum
1406 5444 1499 5503 levare
1513 5459 1568 5503 non
1582 5444 1707 5517 audebat,
1722 5463 1773 5520 pe-

120 5550 199 5601 nant.
214 5545 316 5602 Horum
331 5547 515 5620 pervicaciam
537 5548 672 5605 Dominus
685 5549 818 5607 hodierno
836 5566 921 5609 evan·
974 5548 1036 5603 otus
1050 5552 1156 5602 tantum
1169 5545 1348 5618 percutiebat,
1363 5544 1452 5603 Deum
1475 5544 1529 5603 sibi
1551 5547 1699 5621 propitium
1713 5546 1774 5607 lieri

121 5630 195 5704 gello
210 5634 351 5707 reprimit;
367 5636 403 5693 ab
416 5636 457 5693 eis
466 5645 559 5695 autem
573 5638 719 5712 despectos
731 5638 817 5697 venie
826 5640 917 5713 erigit.
974 5643 1093 5714 petebat.
1122 5642 1227 5701 Deinde
1241 5642 1305 5702 dicit
1319 5642 1451 5701 Dominus
1466 5644 1539 5719 quod
1552 5652 1666 5719 peccata
1685 5644 1772 5707 eonfi-
