3942 6067
160 238 210 310 081

534 234 721 295 sracmnu
738 190 931 322 accensis.
951 265 987 281 -
1005 238 1043 296 ru
1062 240 1230 299 anunnru
1250 240 1393 310 norrrru.

1737 246 1805 307 ttae

119 436 122 440 ¹
140 364 288 423 adventum
298 369 361 421 sunt
370 364 529 437 purganda,
537 364 604 423 ideo
613 363 806 438 quadripertita
816 365 941 422 Ecclesia
955 367 985 429 Α
999 368 1123 427 cordiam
1137 369 1301 441 imbuerunt,
1318 377 1345 426 at
1359 369 1487 427 Ezechiel
1510 370 1723 445 benignitatem,
1748 375 1804 431 lia-

143 456 289 512 aduentum
305 455 365 524 ejus
379 453 520 513 celebrare
536 457 607 513 solet
623 473 673 528 per
687 463 820 528 quaterna
839 456 942 513 officia.

177 546 207 601 ln
223 545 304 614 bajus
319 554 410 619 autern
425 547 596 616 temporibus
609 545 762 619 caliginosa
774 554 855 602 nocte
869 563 946 618 quae-
960 575 967 592 κ

144 626 208 682 dam
235 625 323 681 stella
351 625 467 681 diversis
494 627 665 698 temporibus
690 642 751 683 cum
779 628 948 696 jocunditate

140 710 269 768 luxerunt
287 710 434 782 lumenque
461 727 542 766 suurn
567 727 725 782 supernos
748 710 897 779 luderunt;
921 723 948 769 et

143 800 267 873 quamvis
282 801 425 856 horrorem
444 801 534 857 noctis
553 799 675 874 effugare
696 816 753 856 non
778 810 946 872 potuerunt,

146 898 237 945 ιειιιειι
251 888 305 945 iter
318 889 510 963 gradientibus
522 890 558 946 ad
572 906 668 946 aarum
684 890 773 947 solem
788 891 948 965 praesigua-

140 987 247 1037 nerunt.

175 1070 207 1123 ln
221 1068 310 1139 prima
324 1068 425 1142 quippe
439 1068 534 1143 vigilia
549 1068 619 1125 Abel
642 1069 717 1126 velut
738 1068 817 1126 stella
836 1069 947 1128 claruit·

139 1158 185 1232 qui
201 1172 256 1215 non
270 1174 322 1230 pro
333 1157 445 1228 justicia
461 1159 532 1214 mori
558 1158 650 1216 docuit
665 1159 729 1215 dum
741 1160 802 1231 ipse
816 1159 949 1217 innocens

142 1247 279 1305 occubuit.
294 1247 362 1304 Post
376 1248 448 1304 hunc
463 1246 513 1304 alii
535 1255 564 1303 at
586 1255 660 1305 astra
686 1248 715 1304 in
738 1257 818 1305 nocte
841 1248 947 1305 micue-

140 1344 209 1393 runt
223 1337 286 1393 dum
301 1338 376 1393 Eros
387 1352 436 1409 per
449 1335 580 1408 pietatem
594 1339 683 1394 Deum
695 1338 840 1406 invocare,
853 1338 948 1396 Enoch

142 1442 195 1499 per
216 1425 383 1483 mundiciam
406 1443 469 1483 cum
491 1427 549 1484 Deo
572 1427 727 1495 ambulare,
753 1429 873 1485 Lamech
897 1445 947 1500 per

139 1516 214 1587 piam
241 1514 428 1588 operationem
443 1516 563 1573 laturam
600 1516 723 1590 requiem
758 1532 809 1573 nos
832 1533 946 1590 sperare

140 1605 305 1663 docuerunt.

1003 459 1057 514 niel
1085 458 1255 526 fidelitatem,
1286 467 1343 515 tres
1369 461 1446 532 pueri
1474 460 1671 530 laudationem,
1702 464 1802 521 Tobios

1003 548 1193 617 eleemosinas,
1210 550 1311 605 llester
1325 550 1508 617 honestatem,
1525 550 1619 607 ludith
1632 553 1805 621 modestiam,

1003 638 1151 694 blachahaei
1168 636 1355 694 sufferentiam
1371 640 1503 711 exemplis
1518 640 1709 698 ostenderunt.

1039 724 1068 779 In
1084 723 1152 777 lllla
1167 722 1260 795 vigilia
1275 724 1351 779 stella
1372 726 1458 781 maris
1480 725 1561 800 virgo
1587 726 1673 783 hlaria
1698 726 1807 783 llamma

1003 812 1148 883 splendida
1163 812 1284 868 rutilavit
1298 814 1362 869 dum
1378 815 1430 871 iter
1444 816 1478 871 ad
1494 824 1626 872 aeternum
1649 817 1738 873 solem
1753 818 1806 873 hu·

1002 901 1117 957 militate
1130 908 1212 973 atque
1227 902 1350 959 castitate
1364 904 1571 963 demonstravit.
1584 907 1615 961 ln
1630 906 1682 963 hac
1696 922 1806 980 quoque

1002 991 1139 1048 lohannes
1152 991 1273 1063 Baptista
1287 993 1363 1049 velut
1388 994 1548 1065 planetarea
1573 996 1651 1053 stella
1674 997 1804 1069 resplen-

1003 1082 1073 1148 duit,
1090 1081 1137 1151 qui
1151 1089 1298 1152 peccantes
1312 1082 1501 1154 paenitentiam
1523 1084 1628 1157 primm
1645 1085 1752 1142 docuit.
1770 1088 1801 1141 la

1001 1172 1054 1228 hac
1071 1172 1154 1228 etiam
1176 1168 1272 1244 uigilia
1295 1188 1377 1229 uerus
1406 1174 1525 1241 Luciler,
1555 1174 1639 1231 decus
1665 1182 1802 1232 astronim

1002 1261 1125 1317 Christus
1141 1262 1187 1316 lua
1199 1260 1361 1333 angelorum
1384 1261 1467 1328 fulsit,
1484 1262 1531 1335 qui
1545 1262 1683 1337 fulgorem
1707 1264 1802 1321 aeterni

1001 1350 1056 1406 diui
1070 1350 1186 1405 astruxit
1200 1350 1265 1406 dum
1292 1367 1343 1407 nos
1362 1351 1501 1409 caritatem
1529 1352 1663 1410 instruxit.
1692 1354 1722 1409 In
1752 1354 1803 1411 hac

1001 1438 1194 1495 nichilominus
1208 1438 1348 1495 rutilantia
1372 1441 1471 1512 sydera
1495 1440 1709 1501 flammivomum
1721 1443 1805 1513 jubar

1000 1544 1050 1601 per
1077 1529 1173 1585 orbem
1198 1538 1357 1601 sparserunt
1384 1530 1450 1587 dum
1478 1532 1594 1603 apostoli
1618 1532 1802 1599 dilectionem,

1000 1626 1136 1690 martyres
1151 1618 1347 1685 fortitudinem,
1361 1618 1536 1677 consessores
1550 1621 1738 1690 sobrietatem,
1756 1623 1805 1677 he·

175 1695 207 1750 ln
221 1696 344 1752 secunda
358 1694 452 1769 vigitia
467 1695 511 1752 atii
527 1703 558 1752 at
574 1697 673 1769 sydera
685 1696 946 1768 aeti-resplendue-
960 1718 988 1781 B
1003 1709 1109 1766 remita
1126 1708 1373 1777 mortificationem,
1389 1710 1512 1783 vrgines
1526 1711 1698 1782 pudicitiam,
1714 1710 1805 1767 vidue

139 1792 204 1841 runt
218 1784 251 1855 (θ’
266 1788 331 1857 332)
345 1786 411 1841 dum
422 1786 483 1842 Noe
504 1786 709 1855 rectitudinem,
735 1787 799 1841 Sem
815 1802 947 1843 verecun-

142 1873 226 1939 diam,
243 1874 333 1930 lleber
343 1874 532 1943 stabilitatem,
545 1875 750 1932 Melchisedech
762 1876 948 1945 devotionem,

138 1961 388 2031 Abraham‘lidem
417 1966 485 2021 Loth
512 1966 738 2037 hospitalitatem,
768 1965 860 2022 Ysaac
885 1967 952 2023 obe·

139 2052 281 2119 dieutiam,
296 2054 382 2110 Jacob
398 2054 579 2126 tolerantiam,
596 2056 703 2127 loseph
727 2055 881 2112 castitatem
899 2071 947 2112 no·

141 2141 183 2196 bis
197 2151 492 2213 praemonstraverunt.

173 2242 204 2295 ln
216 2240 294 2297 tertia
305 2241 399 2313 vigilia
409 2241 479 2299 varii
499 2242 637 2299 stellarum
650 2243 725 2316 globi
736 2250 846 2301 noctem
865 2243 951 2300 radiis

142 2330 325 2403 depinxerunt
339 2332 406 2387 dum
427 2333 536 2405 bloyses
559 2333 810 2401 mansuetudinem,
828 2334 950 2391 Phineas

143 2420 242 2487 zelum,
259 2421 344 2476 lasne
359 2421 551 2488 constantiam,
571 2422 623 2477 lob
641 2420 815 2493 pacientiam,
833 2422 949 2479 Gedeon

143 2508 293 2577 fidentiam,
311 2510 422 2566 Samuel
445 2511 665 2583 temperantiam,
696 2512 785 2567 David
810 2512 948 2567 humilitu-

144 2607 212 2663 tem,
230 2599 359 2656 Salomon
375 2601 560 2671 prudentiam,
571 2601 702 2657 Ezechias
714 2600 945 2670 obsecrationem,

140 2688 230 2744 iosias
245 2688 421 2762 religionem,
438 2690 531 2746 Helias
546 2691 749 2758 abstinentiam,
762 2691 888 2746 Heliseus
901 2693 948 2748 ho·

140 2775 349 2845 noribcentiam,
365 2780 473 2851 Esayus
497 2781 561 2853 (sic)
585 2780 768 2847 sanctitatem,
794 2781 947 2837 Hieremias

1004 1798 1203 1856 continentiam
1218 1814 1268 1855 nos
1281 1798 1479 1856 instruxerunt.
1500 1800 1543 1855 llii
1564 1816 1660 1857 omnes
1680 1808 1709 1855 ut
1731 1807 1807 1857 astra

1003 1888 1033 1943 in
1049 1888 1101 1944 hac
1114 1896 1193 1944 nocte
1206 1888 1365 1945 claruerunt
1386 1895 1413 1945 et
1433 1888 1513 1946 nobis
1541 1890 1591 1947 iter
1617 1890 1651 1946 ad
1675 1898 1806 1946 aeternum

1004 1976 1096 2033 Solem
1111 1978 1295 2050 praebuerunt.
1313 1979 1462 2035 Transacta
1478 1987 1569 2036 autem
1592 1980 1646 2035 ista
1660 1987 1739 2036 nocte
1755 1994 1806 2035 ve·
1872 1980 1876 1991 '

1003 2084 1052 2123 rus
1068 2067 1114 2124 Sol
1134 2066 1162 2122 in
1179 2067 1340 2123 virtutesua
1356 2067 1519 2139 splendebit,
1551 2085 1613 2125 curn
1643 2068 1727 2124 Filius
1755 2068 1806 2125 nei

1006 2157 1137 2227 splendor
1152 2156 1242 2213 Patris
1257 2157 1285 2211 in
1296 2156 1437 2225 majestate
1453 2173 1502 2213 sua
1521 2157 1548 2213 in
1570 2157 1703 2228 judicium
1720 2158 1806 2228 lutge-

1004 2245 1056 2301 bit.
1075 2246 1150 2301 Tunc
1173 2246 1275 2315 lunam,
1303 2246 1407 2303 scilicet
1429 2246 1594 2313 Ecclesiam,
1623 2247 1659 2303 de
1684 2247 1807 2303 tenebris

1003 2343 1158 2407 exemptam
1172 2342 1275 2391 aterna
1298 2334 1422 2391 claritate
1450 2334 1625 2406 illuminabit,
1653 2351 1806 2409 omnesque

1003 2424 1095 2479 stellas
1109 2424 1137 2479 in
1153 2423 1220 2480 solis
1241 2423 1358 2496 gloriam
1387 2424 1576 2482 commutabit.
1605 2426 1681 2481 Tunc
1705 2426 1804 2481 barum

1004 2513 1163 2587 uigiliarum
1179 2512 1353 2570 excubitores
1374 2516 1559 2571 remunerabit
1573 2514 1682 2587 quando
1699 2515 1804 2583 ajudi-

1002 2602 1045 2658 cio
1061 2603 1196 2659 transiens
1211 2602 1237 2658 in
1253 2602 1354 2673 nuptiis
1378 2604 1450 2675 Agni
1472 2604 1512 2659 eis
1534 2611 1636 2659 aeterna
1660 2602 1804 2661 dulcedine

1002 2687 1178 2743 ministrabit.
1192 2686 1281 2759 lgitur
1292 2687 1443 2754 Karissimi,
1456 2688 1483 2743 in
1498 2689 1552 2744 hoc
1566 2690 1684 2744 adventu
1696 2688 1807 2743 Domini

1002 2777 1104 2844 sobrie,
1117 2784 1143 2833 et
1155 2776 1237 2847 juste,
1255 2786 1282 2833 et
1296 2777 1341 2849 pie
1357 2776 1480 2833 tiramus
1495 2786 1633 2849 quatenus
1643 2777 1670 2831 in
1681 2778 1805 2833 secundo

140 2866 327 2924 sinceritatem
341 2885 392 2924 nos
406 2868 635 2927 informaverunt.
646 2870 798 2926 Duodecim
806 2871 948 2941 propbeta
1001 2866 1123 2922 adventu
1138 2866 1193 2923 taeti
1209 2882 1270 2923 eum
1285 2866 1427 2939 suscipere
1442 2874 1471 2922 et
1485 2866 1513 2923 in
1534 2874 1668 2923 aeternnm
1691 2882 1753 2924 cum
1770 2880 1804 2923 ao

142 2970 252 3030 quoque
265 2963 296 3012 ut
323 2958 434 3015 Pliades
456 2960 519 3033 (sic)
538 2959 694 3017 micuerunt
708 2960 773 3015 dum
798 2975 850 3016 nos
878 2974 947 3017 con-
1000 2972 1119 3029 regnare
1135 2956 1285 3013 valeamus.
1302 2956 1354 3013 Ubi
1368 2954 1462 3013 oculus
1477 2955 1504 3027 (l
1517 2956 1582 3013 dor.
1601 2956 1642 3029 u).

184 3189 220 3255 Si
234 3192 356 3273 potens
371 3188 555 3254 defunctus
570 3191 624 3254 ast
638 3188 874 3271 sepeliendus,
890 3188 1006 3255 taliter
1020 3186 1169 3271 populus
1186 3187 1239 3253 est
1255 3187 1509 3254 admonendus.

174 3405 218 3475 (F0
227 3404 279 3461 ιιι
288 3404 331 3475 ιιι)
342 3404 423 3460 Beati
435 3405 598 3477 mortuiqui
609 3406 640 3460 in
651 3405 768 3462 Donrinc
780 3407 943 3463 moriuntur
998 3410 1057 3461 turn
1071 3404 1192 3461 ducitur.
1209 3403 1276 3461 Inde
1289 3404 1354 3461 dicit
1369 3404 1529 3477 Scriptura:
1548 3405 1634 3461 Graue
1642 3404 1745 3478 jugum
1759 3420 1794 3461 su

143 3496 239 3569 (dpoc.
250 3498 322 3558 aaut.
333 3495 402 3550 Tres
417 3502 521 3552 mortes
536 3502 601 3550 sunt
613 3510 620 3549 :
632 3510 686 3550 una
696 3495 767 3552 bona
776 3504 803 3552 et
817 3496 945 3551 omnibus
997 3510 1049 3568 per
1058 3510 1156 3552 omnes
1166 3495 1239 3564 filios
1251 3494 1341 3552 ddum
1355 3514 1373 3553 o
1385 3496 1429 3553 dic
1444 3496 1546 3553 matris
1557 3510 1653 3551 eorum
1664 3510 1750 3566 usque
1761 3494 1798 3550 ud

144 3584 313 3655 appetenda3
330 3583 418 3639 altera
433 3584 504 3639 mela
518 3593 544 3639 et
557 3584 686 3640 omnibus
700 3584 847 3658 fugienda3
864 3585 946 3641 tertia
999 3584 1074 3640 diem
1090 3584 1193 3641 enati-ts
1209 3586 1338 3641 omnium
1364 3586 1462 3656 (dccli.
1480 3585 1537 3653 ιιι).
1554 3582 1657 3640 Omnes
1676 3584 1803 3640 homines

144 3673 250 3728 misera
266 3680 293 3728 et
306 3671 435 3728 omnibus
450 3672 578 3729 ferenda.
597 3673 650 3743 Qui
670 3673 802 3729 aaeculum
813 3690 865 3745 pro
888 3674 946 3729 Deo
1001 3673 1050 3727 lilii
1062 3674 1152 3729 Adam
1170 3674 1298 3729 dicuntur
1313 3674 1377 3747 quia
1391 3673 1480 3730 cuncti
1501 3674 1536 3729 da
1557 3673 1615 3742 ejus
1639 3672 1744 3730 semine
1758 3688 1806 3729 na·

143 3762 303 3834 relinquens
331 3778 361 3818 se
396 3760 475 3819 viciis
504 3771 529 3817 et
544 3762 772 3833 concupiscentiis
800 3762 945 3834 crucifigit,
1001 3766 1122 3817 scantur.
1140 3762 1341 3835 Gravejugum
1357 3761 1561 3835 estlaborquo
1577 3763 1658 3818 homo
1675 3762 1801 3833 hicpre-

144 3851 247 3908 mnndo
261 3859 383 3907 mortuus
397 3859 448 3915 est,
465 3851 514 3907 sed
534 3852 593 3908 Deo
608 3851 690 3917 vivit;
713 3858 741 3906 et
755 3850 819 3922 quia
833 3860 946 3921 peccato
1001 3851 1101 3920 mitur;
1125 3851 1215 3907 lorum
1232 3860 1273 3907 ost
1284 3851 1359 3924 jugis
1383 3850 1494 3906 miseria
1518 3867 1571 3923 qua
1594 3851 1802 3922 constringitur.

144 3940 270 4006 moritur,
286 3941 341 3997 vita
356 3941 415 4009 ejus
430 3955 493 3997 cam
503 3941 610 3997 Christo
624 3940 652 3995 in
667 3941 726 3997 Deo
751 3940 941 3997 absconditur.
1002 3942 1105 3996 Horum
1118 3942 1215 4013 iugum
1231 3949 1272 3995 est
1293 3956 1377 4011 super
1391 3955 1487 3996 ornnes
1513 3939 1670 3995 hominess
1690 3938 1734 3994 die
1750 3954 1804 4011 qua

145 4030 221 4087 Beati
237 4029 330 4087 taliter
344 4030 444 4087 morlai
465 4031 510 4104 qni
533 4030 573 4087 sic
595 4029 623 4085 in
642 4030 760 4087 Domino
783 4029 946 4098 moriuntur,
1001 4030 1164 4085 amatribas
1192 4028 1393 4100 profunduntur
1420 4044 1508 4101 usquc
1534 4028 1561 4083 in
1589 4026 1663 4083 diem
1693 4043 1747 4100 qua
1776 4026 1804 4081 in

146 4119 250 4193 quiain
265 4118 384 4185 Christo,
409 4120 455 4192 qui
470 4127 511 4175 est
524 4128 628 4176 aeterna
641 4120 706 4185 nita,
721 4119 941 4177 vivificabuntur.
1002 4126 1104 4175 terram
1131 4126 1246 4174 matrem
1273 4118 1395 4176 omnium
1421 4124 1605 4175 revertuntur.
1635 4118 1707 4172 Nam
1732 4115 1810 4173 sicut'

145 4211 211 4267 llaec
225 4217 267 4266 est
281 4209 407 4281 preciosa
421 4225 497 4266 mors
512 4217 681 4274 sanctorum,
692 4226 743 4281 per
756 4226 835 4283 qnam
849 4210 945 4281 acqui·
1001 4208 1059 4265 avis
1072 4209 1106 4263 ud
1122 4208 1251 4276 volatum,
1268 4209 1404 4265 sichomo
1419 4207 1541 4265 nascitur
1561 4206 1596 4262 ad
1620 4205 1721 4263 laboris
1739 4222 1803 4263 cnr-

126 4300 214 4355 ·ritur
225 4300 282 4355 uita
295 4299 468 4373 angelorum.
485 4297 538 4368 Qui
554 4301 604 4355 hac
621 4307 707 4355 morte
730 4299 855 4366 moritur,
872 4315 946 4354 nnn·
1001 4299 1101 4355 ciatum
1118 4299 1185 4367 (lob.
1204 4302 1239 4365 v),
1266 4299 1306 4354 De
1320 4299 1372 4353 hoc
1384 4298 1451 4370 jugo
1473 4297 1569 4353 uolens
1595 4295 1731 4353 Dominus
1752 4310 1804 4351 nos

147 4400 228 4456 quam
244 4384 270 4439 in
284 4392 418 4440 aeternum
433 4384 571 4440 morietur.
589 4384 677 4441 Porro
698 4384 850 4456 corporalis
874 4399 947 4440 mors
1001 4387 1154 4453 absolvere,
1165 4387 1248 4455 jussit
1259 4404 1309 4443 nos
1320 4402 1404 4443 suave
1417 4388 1512 4458 jugum
1527 4394 1553 4443 et
1567 4387 1628 4444 leve
1643 4402 1713 4442 onus
1724 4400 1804 4442 suurn

145 4474 283 4543 justorum
297 4489 410 4529 somnos
424 4474 532 4541 dicitur,
548 4490 599 4545 per
613 4489 696 4546 qnam
718 4474 828 4550 requies
845 4483 948 4530 aterna
1001 4478 1096 4533 tollore
1109 4477 1221 4548 (ttattn.
1236 4478 1297 4547 x1);
1313 4476 1472 4533 laborantes
1487 4485 1512 4533 et
1524 4485 1654 4534 oneratos
1668 4474 1800 4547 praecepit

147 4562 284 4631 tribuitur,
302 4562 517 4634 sicutscriptum
532 4572 573 4619 est
589 4578 597 4618 ε
615 4564 684 4621 Cam
702 4564 812 4620 dederit
833 4564 946 4621 dilectis
1001 4567 1036 4622 ad
1052 4582 1082 4621 se
1096 4565 1199 4622 lentem
1214 4566 1305 4623 virum
1328 4566 1432 4636 venire,
1458 4574 1487 4621 ut
1507 4582 1652 4639 possemus
1681 4565 1803 4639 requiem
1857 4568 1859 4571 '

146 4654 358 4720 sabsomnum,
369 4654 593 4710 eccelroereditcs
607 4654 722 4709 Domini.
735 4655 824 4723 (Prot.
837 4652 945 4725 cxxvi).
960 4686 987 4748 D
1002 4656 1145 4711 animabus
1159 4656 1261 4711 nostris
1276 4656 1398 4713 inuenire
1413 4655 1523 4727 (ibid),
1541 4658 1614 4711 Dum
1630 4671 1698 4727 ergo
1713 4656 1802 4711 lucem

148 4740 202 4811 Qui
216 4750 306 4799 autem
320 4742 461 4799 criminale
473 4750 614 4814 peccatum
639 4742 821 4803 committunt.
835 4743 865 4799 in
885 4741 946 4798 ani-
1003 4748 1067 4805 vitae
1082 4747 1232 4803 habeamus
1254 4744 1417 4820 [habemusl
1448 4745 1484 4801 ad
1512 4745 1582 4801 hunc
1610 4746 1713 4801 lentem
1742 4744 1803 4802 vitae

148 4846 196 4887 ma
209 4831 372 4901 moriuntur,
389 4832 455 4903 quia
483 4846 501 4887 a
528 4832 585 4889 vita
612 4833 671 4888 beo
694 4830 870 4890 deserantur.
891 4833 948 4889 llac
1003 4845 1118 4909 peccata
1137 4834 1294 4892 confitendo
1313 4842 1340 4891 et
1360 4833 1517 4905 paenitendo
1537 4848 1688 4898 curramus,
1704 4848 1739 4888 ne
1753 4849 1802 4889 su·

148 4928 235 4977 morte
248 4921 349 4976 mortui
362 4929 485 4978 mortuos
501 4920 636 4993 sepeliunt
654 4921 720 4976 dum
739 4931 948 4992 compeccantes
1001 4926 1057 4981 bito
1073 4925 1193 4982 tenebris
1206 4924 1302 4979 mortis
1317 4921 1512 4995 comprehensi
1531 4922 1625 4994 (loca.
1646 4922 1710 4991 xu),
1727 4919 1798 4977 ueli-

148 5026 199 5083 per
208 5008 395 5066 adulationem
418 5010 570 5081 decipiunt.
590 5011 655 5067 llaec
674 5025 749 5068 mors
771 5015 949 5082 peccatorum
1003 5030 1064 5070 mus
1079 5022 1108 5071 ει
1127 5013 1239 5069 minime
1268 5010 1418 5084 possimus.
1443 5011 1471 5067 Si
1493 5008 1566 5065 enim
1594 5010 1677 5065 homo
1705 5008 1801 5073 tardat,

148 5107 192 5157 est
206 5099 327 5170 pessima
341 5101 429 5172 (Prot.
446 5105 559 5169 xxmn),
575 5099 639 5171 quia
653 5099 729 5157 ducit
744 5099 779 5156 ad
793 5099 950 5157 daernonum
1004 5118 1080 5159 mors
1093 5118 1148 5159 non
1163 5102 1261 5157 tardat.
1278 5102 1311 5156 Et
1325 5115 1387 5157 cum
1401 5115 1488 5171 neque
1503 5098 1586 5165 diem,
1597 5096 1802 5170 nequetraat)

148 5188 300 5247 consortia.
319 5190 395 5246 llanc
407 5197 524 5245 mortem
534 5204 631 5244 omnes
645 5188 793 5261 fugiamus,
806 5190 882 5246 illam
896 5206 948 5246 an·
1003 5192 1100 5244 horam
1115 5187 1209 5244 mortis
1228 5189 1328 5240 nostra
1343 5185 1472 5252 sciamus,
1489 5199 1585 5239 omnes
1598 5181 1625 5237 in
1641 5182 1723 5237 bonis
1738 5182 1803 5237 acti-

149 5286 206 5335 tem
218 5285 379 5350 appetamus
393 5284 423 5334 ut
442 5278 471 5332 in
493 5286 623 5334 aeternum
644 5278 777 5335 vivamus.
792 5279 949 5350 corporalis
1003 5279 1054 5333 bus
1069 5276 1216 5349 pervigiles
1231 5288 1399 5339 maneamus,
1417 5280 1446 5328 ut
1463 5271 1490 5327 in
1505 5272 1549 5327 die
1570 5271 1666 5328 mortis
1684 5271 1802 5327 Domino

149 5383 227 5423 mors
241 5366 376 5423 malorum
390 5366 489 5424 dicitnr
503 5366 704 5434 exterminium,
725 5384 879 5441 perquam
901 5384 947 5424 ra·
1002 5367 1056 5423 laeti
1070 5381 1260 5430 occurramus,
1276 5370 1303 5419 et
1317 5380 1333 5417 a
1349 5362 1442 5417 labore
1462 5362 1517 5429 jem
1537 5376 1678 5417 cessamus
1698 5360 1760 5431 (sic)
1776 5367 1804 5417 ει

150 5457 262 5528 piuntnr
274 5457 308 5513 ad
322 5464 455 5515 arternum
469 5455 644 5528 suppliciam.
1003 5456 1030 5511 in
1041 5455 1143 5529 gaudio
1154 5468 1272 5526 pausare
1282 5451 1433 5507 valeamus.
1446 5450 1551 5507 llilicio
1561 5454 1603 5506 est
1612 5451 1670 5506 vito
1680 5450 1803 5507 leontinis

186 5555 285 5613 Tertia
298 5570 372 5613 mora
385 5563 427 5613 est
439 5553 564 5628 corporis
578 5570 639 5629 quaa
655 5555 782 5613 omnihus
805 5562 847 5612 est
870 5571 949 5613 com.
1003 5562 1087 5619 super
1098 5550 1215 5610 arrum,
1226 5546 1255 5599 et
1269 5543 1346 5599 sicut
1359 5540 1553 5597 mercennarii
1574 5538 1633 5595 dies
1648 5538 1709 5610 ejas
1731 5538 1800 5611 (lap.

150 5645 252 5714 munis,
269 5661 322 5718 qua
336 5645 425 5702 omnis
439 5645 522 5703 hamc
536 5646 571 5701 oh
583 5653 727 5717 peecatum
742 5646 809 5703 ndae
822 5646 946 5717 moritur,
1004 5630 1277 5706 un).llerceuuarius
1285 5628 1438 5701 diampacti
1446 5630 1664 5704 suimagnopere
1671 5628 1801 5685 advenire

152 5739 180 5791 et
190 5734 303 5807 proprio
317 5734 418 5795 merito
432 5742 479 5795 aut
491 5733 548 5809 [ad]
562 5734 704 5810 gaudium,
720 5741 767 5795 aut
780 5734 817 5795 ad
827 5738 948 5795 tormen·
1003 5740 1078 5807 opta,
1094 5745 1159 5807 quo,
1176 5728 1306 5788 mercede
1325 5735 1447 5803 recepta,
1462 5726 1533 5787 liber
1556 5742 1573 5785 a
1592 5726 1687 5787 labore
1710 5724 1799 5786 abeat.
