3942 6067
217 249 270 304 att

563 261 713 324 bouobtl
733 269 985 329 AUGUSTODUN.
1011 271 1087 334 OPP.
1108 276 1203 340 Paos
1221 285 1255 341 ΙΙ.
1277 315 1311 327 -
1325 287 1541 347 EXEGETICA.

1818 300 1873 358 atto

217 384 377 434 cernuntur.
396 381 483 440 Aliter
499 400 505 440 :
522 389 554 443 ln
568 393 719 463 principio,
735 394 762 451 id
772 396 849 453 estin
861 399 1018 470 primissa·
1031 398 1060 460 A
1074 411 1192 473 quatuor
1204 409 1281 466 horre
1295 409 1372 479 liunt,
1389 420 1416 469 et
1429 429 1514 469 unum
1528 413 1599 470 diem
1614 417 1775 477 conficiunt.
1804 421 1871 482 ldco

216 461 253 520 cit
268 465 341 522 Deus
356 469 456 528 coelurn
470 481 614 545 atterram,
628 481 728 539 deinde
738 491 851 542 ceetcra.
872 489 1016 547 Terraco-

216 556 274 609 tam
288 561 352 612 erut
366 559 472 630 innuis,
489 563 592 622 scilicet
601 567 761 632 asructibus.
774 578 804 629 et
814 593 912 646 vacuo,
923 578 1016 635 videli-

215 649 258 696 cet
283 643 318 698 ab
341 646 515 706 animalibus.
543 653 604 711 Hoc
627 655 689 714 ideo
714 659 748 716 de
771 662 842 720 coelo
867 655 922 722 nou
942 666 1015 724 scri-

215 723 295 797 bitur,
324 733 387 805 quia
413 739 541 808 superius
573 745 685 815 coelum,
715 751 788 820 quod
824 753 923 810 coelum
952 755 1016 812 coeli

213 815 321 888 dicitur,
351 837 412 879 mox
440 835 565 884 creatum
592 833 703 903 plenum
731 839 787 894 suia
815 841 1014 916 laudatoribus,

212 903 240 960 id
255 914 296 962 est
309 910 414 982 angelis
429 915 573 985 reperitur.
589 921 647 994 lpsi
661 923 814 984 enimastre
823 931 1014 989 matutinacx·

210 991 345 1066 stiterunt,
371 1015 432 1070 quae
455 1001 483 1058 in
505 1009 643 1066 creatione
661 1016 759 1071 mundi
774 1017 862 1074 Deum
876 1019 1013 1078 laudave-

209 1095 290 1152 runt;
307 1097 334 1144 et
346 1106 399 1162 pro
414 1095 532 1154 mirabili
542 1116 626 1172 opere
642 1106 702 1174 Dei,
719 1111 791 1182 quod
808 1113 898 1169 subito
921 1131 954 1172 ex
970 1117 1013 1171 ni·

207 1173 263 1230 hilo
277 1181 449 1248 processisse
464 1186 599 1258 viderunt,
609 1208 705 1251 omnes
714 1195 761 1254 biii
771 1201 821 1255 Dei
832 1217 933 1275 magna
942 1219 1012 1261 voce

204 1261 406 1330 jubilaverunt.
426 1273 505 1330 Astra
521 1293 586 1335 vero
600 1286 753 1354 vespertina
767 1289 802 1344 ad
816 1289 924 1347 laudem
940 1292 1011 1348 Con.

206 1349 301 1408 ditoris
322 1373 525 1432 processerunt,
551 1368 616 1424 dum
636 1372 759 1431 homines
784 1377 864 1435 electi
885 1391 1011 1451 postmo-

205 1438 271 1496 dum
286 1445 371 1500 creati
385 1457 467 1506 sunt:
486 1454 531 1524 qui
546 1455 574 1510 in
589 1468 686 1530 morte,
702 1471 731 1518 ut
743 1464 844 1532 sidera,
870 1471 1011 1526 occubue-

205 1535 276 1597 runt,
293 1534 369 1590 etad
385 1536 436 1595 boc
452 1539 479 1594 in
495 1551 590 1601 exortu
604 1551 695 1604 aeterni
712 1551 765 1608 diei
779 1553 813 1609 ad
828 1557 1010 1628 congauden-

204 1614 269 1671 dum
283 1635 332 1690 per
346 1629 576 1688 resurrectionem
587 1634 771 1708 effulgebunt.

238 1723 273 1780 Et
282 1729 695 1813 tenebroecrcntsupertaciem
703 1749 805 1821 abyssi,
817 1751 925 1819 hocost,
933 1761 1007 1809 terra
1021 1753 1048 1814 B

203 1819 260 1866 erat
281 1814 382 1888 abysso
395 1821 531 1892 immersa,
557 1829 585 1885 id
608 1841 648 1888 est
671 1836 856 1905 profunditate
877 1857 1007 1912 aquarum

202 1905 1009 1993 operta:quaeaquaerattenebrosa‚quiaadbucnullaluce

200 1983 347 2048 illustrata.
356 1995 436 2052 Nulla
444 2007 535 2057 autem
544 2013 665 2062 creatura
673 2017 741 2078 erat,
755 2029 815 2084 quae
825 2015 945 2072 tenebrae
955 2031 1009 2088 ap-

200 2073 359 2150 pellaretur,
372 2099 433 2141 cum
444 2090 564 2148 tenebrae
575 2093 641 2150 nibil
652 2096 735 2165 aliud,
745 2103 957 2172 quamabsentia
967 2104 1008 2161 lu·

199 2161 239 2218 cis
253 2170 473 2239 comprobentur.
487 2179 540 2235 Sed
551 2182 609 2238 baec
620 2190 691 2241 tetra
710 2204 800 2243 rerum
815 2190 907 2264 imago
922 2193 1007 2248 cbaos

199 2251 244 2306 vel
258 2253 380 2314 informis
395 2265 506 2320 materia
519 2273 737 2342 cognominatur.
755 2277 838 2333 Porro
854 2279 942 2336 forma
953 2281 1007 2336 ele·

199 2348 354 2401 mentorum
370 2357 433 2407 tunc
443 2356 572 2424 temporis
586 2367 642 2414 eret
657 2362 718 2418 talis
731 2364 920 2438 :Terraipsis,
941 2369 1005 2440 qui·

199 2426 250 2483 bus
260 2445 341 2501 nuuc,
354 2439 542 2498 terminisarat
556 2447 774 2524 circumscripta,
794 2453 843 2509 scd
856 2461 913 2511 tota
927 2457 1004 2529 aquis

199 2525 316 2586 operta:
333 2530 358 2579 et
373 2525 433 2598 ejus
447 2531 553 2601 species
569 2536 640 2602 talis,
653 2540 742 2610 qualis
757 2543 845 2599 adbuc
862 2545 914 2600 sub
937 2561 1003 2617 pro·

198 2603 283 2663 tundo
298 2614 396 2671 maris.
417 2617 500 2676 Porro
514 2621 586 2694 iguis
602 2625 629 2680 in
645 2626 782 2699 lapidibus
798 2638 824 2687 et
840 2631 913 2688 ierro
928 2633 1002 2689 late·

198 2691 264 2758 bam
279 2711 326 2754 uer
347 2717 413 2759 varo
436 2715 461 2762 et
485 2716 565 2767 terrea
588 2721 615 2770 et
629 2729 708 2788 aqum
721 2717 817 2774 mistus
831 2719 996 2778 inhaerebat.

197 2782 275 2855 Aqua
290 2795 381 2846 autem
397 2795 553 2854 universam
567 2802 739 2874 superficiem
759 2815 840 2865 terrae
866 2819 1001 2884 contege-

196 2868 252 2938 bat,
277 2881 304 2929 et
329 2885 413 2935 totum
436 2885 554 2955 spatium
578 2906 665 2962 usque
687 2893 722 2949 ad
743 2895 842 2952 coelum
856 2899 998 2970 replebat;

196 2971 280 3032 seque
300 2967 379 3037 aquis
403 2973 599 3044 superioribus,
625 2995 686 3051 quae
709 2983 798 3040 adhuc
822 2987 1000 3057 supercoelos

196 3055 260 3102 aunt
294 3055 486 3128 coniungebat.
523 3065 584 3121 Non
616 3074 707 3124 autom
742 3072 923 3131 crassitudine
958 3077 996 3132 uti

194 3149 266 3194 nunc
281 3140 449 3212 spissabatur
463 3151 511 3207 sad
526 3151 553 3208 iu
577 3156 688 3213 modum
712 3159 819 3218 nebulae
834 3165 922 3220 tenuis
936 3164 992 3221 dii-

195 3222 367 3289 tundebatur.

512 3392 626 3452 carba
639 3396 673 3453 11.

226 3513 264 3568 nt
285 3517 362 3574 dixit
384 3523 457 3580 Deos
482 3543 491 3580 :
512 3527 577 3585 Fiat
604 3531 666 3588 iau.
682 3533 749 3590 Cum
764 3535 798 3592 de
812 3538 874 3608 deo,
904 3541 991 3612 dixit,

193 3601 329 3676 scribitur,
358 3617 451 3668 nostro
477 3629 554 3674 more
593 3617 701 3689 dicitur,
731 3631 760 3681 ει
788 3625 906 3684 efficacia
945 3631 992 3700 J'u-

192 3687 282 3749 bentis
297 3697 469 3768 exprimitur.
487 3705 537 3761 Dei
553 3715 641 3763 autem
658 3709 751 3770 dicere
769 3715 835 3770 nibil
852 3725 891 3773 ast
906 3718 991 3790 aliud,

193 3795 275 3850 quam
298 3790 482 3856 perverbum
506 3811 583 3851 suum
605 3800 696 3856 omnia
719 3804 852 3862 condere.
872 3807 926 3865 Per
939 3810 992 3868 boc

1069 499 1160 548 autem
1174 511 1229 552 non
1244 497 1360 569 primus,
1376 502 1425 557 sed
1440 518 1510 558 uuus
1524 502 1584 559 dies
1596 503 1703 574 dicitur,
1719 508 1784 581 qnia
1798 510 1871 568 idem

1070 586 1367 656 semperrepetitur;ut
1375 590 1519 647 scribitur:
1530 591 1715 652 Ordinationes
1726 601 1872 672 tuupersc·

1052 663 1149 726 'verat
1163 671 1223 729 dies
1234 675 1326 741 (Psoi.
1345 693 1450 749 cxvrrr,
1466 679 1523 751 ct),
1542 679 1594 737 1110
1611 682 1699 753 primo
1714 686 1803 744 triduo
1816 705 1870 745 nox

1070 773 1181 827 prorsus
1195 764 1342 820 tenebrosa
1355 767 1482 823 manebat
1494 785 1501 835 ;
1515 768 1576 840 quie
1591 785 1649 826 eam
1664 787 1717 830 uec
1735 773 1809 843 luna,
1819 793 1870 834 nec

1069 845 1159 902 sidera
1172 847 1369 909 illuminabant.
1385 856 1540 911 Notandum
1554 865 1656 926 antem,
1682 862 1755 932 quod
1778 864 1870 921 diesa

1068 934 1131 991 luca
1145 936 1288 996 inchoatur
1307 950 1333 998 ει
1354 943 1384 998 in
1405 944 1467 1002 luce
1492 944 1655 1003 terminatur
1670 965 1677 1004 :
1693 951 1756 1021 quia
1777 953 1869 1009 omnia

1068 1039 1152 1094 opera
1167 1027 1216 1081 Dei
1231 1043 1248 1083 ε
1262 1029 1381 1099 Christo,
1398 1034 1445 1106 qui
1460 1041 1502 1088 est
1514 1033 1559 1090 lux
1575 1051 1648 1103 rere,
1663 1036 1869 1110 inchoantur,et

1067 1110 1096 1168 in
1110 1114 1207 1170 eodem
1221 1126 1319 1175 cuncta
1335 1129 1572 1178 consummantur.

1102 1255 1237 1329 dixitque
1246 1259 1674 1329 DeossFiotfirmumectumiu
1683 1267 1868 1342 medicoque·

1066 1358 1140 1397 rum.
1169 1344 1230 1401 Hoc
1250 1354 1293 1401 est
1322 1364 1329 1403 :
1355 1347 1573 1420 firmamentum,
1601 1353 1676 1424 quod
1707 1354 1734 1408 iu
1775 1357 1866 1413 medio

1065 1443 1196 1502 equarum
1228 1433 1352 1502 locatur,
1386 1445 1467 1509 atque
1500 1441 1597 1495 coelum
1626 1439 1800 1512 appellatur,
1830 1444 1866 1501 de

1064 1516 1133 1588 ipsis
1146 1519 1224 1591 aquis
1251 1522 1280 1578 in
1294 1524 1404 1582 modum
1419 1527 1540 1598 crystalli
1554 1527 1599 1581 ind
1605 1536 1711 1584 uratum
1741 1531 1865 1589 affirma-

1065 1613 1107 1660 tur
1121 1625 1129 1661 ε
1144 1609 1216 1680 quod
1228 1610 1290 1667 ideo
1304 1613 1377 1683 apud
1391 1613 1539 1684 Josepbum
1553 1616 1739 1686 crystallinum
1764 1619 1863 1676 coelum

1064 1696 1229 1753 nominatur.
1248 1701 1335 1770 bquae
1349 1708 1451 1767 autern,
1467 1717 1529 1774 quae
1542 1717 1625 1774 super
1637 1705 1692 1761 hoc
1704 1706 1806 1762 crelam
1820 1723 1865 1764 re·

1062 1793 1232 1853 manserunt,
1247 1786 1363 1843 formam
1377 1789 1475 1860 prioris
1487 1805 1564 1862 aquae
1578 1790 1607 1845 in
1620 1792 1731 1849 raritate
1744 1793 1863 1854 redunc-

1063 1880 1138 1928 runt.
1157 1873 1224 1943 Quae
1240 1885 1332 1932 eutem
1347 1876 1460 1933 iuferius
1474 1878 1589 1950 spatium
1604 1891 1814 1952 occupaverunt,
1838 1885 1867 1939 iu

1061 1959 1234 2033 densitatem,
1251 1979 1332 2035 quam
1348 1965 1429 2021 hodia
1441 1965 1552 2033 habeut,
1568 1967 1772 2026 collectansunt.
1782 1971 1863 2030 Unda

1061 2049 1185 2120 sequitur
1199 2051 1412 2124 donprcpentur
1425 2071 1513 2127 oque,
1522 2057 1641 2128 quoesud
1655 2059 1861 2121 celerantia

1062 2137 1153 2195 locum
1179 2154 1287 2206 unum,
1313 2146 1342 2196 et
1368 2147 1506 2215 appareat
1531 2145 1624 2200 arido.
1648 2147 1731 2202 tuasu
1762 2148 1863 2221 quippe

1059 2225 1110 2281 Dei
1143 2243 1231 2298 aquea,
1264 2245 1325 2301 quae
1355 2230 1433 2302 prius
1465 2231 1551 2286 instar
1582 2233 1690 2291 nebula·
1722 2251 1792 2292 rarae
1806 2235 1862 2292 dit-

1059 2312 1252 2385 lundebantur,
1268 2316 1296 2372 in
1306 2334 1389 2373 uuum
1401 2317 1492 2376 locum
1506 2320 1653 2394 spissando
1668 2322 1758 2380 subito
1779 2323 1861 2380 colli·

1058 2402 1200 2476 gebantur.
1227 2402 1281 2473 Qui
1302 2405 1380 2462 locus
1404 2422 1526 2464 oceanus
1549 2410 1712 2481 appellatur,
1740 2420 1766 2468 et
1787 2421 1861 2471 terra

1056 2490 1132 2562 prius
1147 2490 1244 2548 limosa
1258 2508 1397 2565 arescens,
1414 2505 1478 2568 apta
1492 2497 1664 2570 germinibus
1677 2499 1856 2558 reddebatur.

1059 2579 1209 2651 Postquam
1223 2589 1313 2638 autem
1327 2583 1416 2640 media
1430 2585 1517 2656 spatia
1531 2585 1601 2642 inter
1614 2587 1707 2644 colum
1716 2597 1743 2645 et
1756 2597 1859 2646 terram

1056 2683 1144 2724 vacua
1156 2679 1350 2743 apparuerunt,
1360 2672 1432 2743 ignis
1443 2682 1535 2742 elaea,
1551 2692 1612 2747 quae
1626 2676 1702 2747 prius
1717 2677 1767 2733 sub
1779 2677 1858 2750 aquis

1056 2771 1154 2827 pressa
1165 2757 1193 2812 iu
1207 2759 1288 2814 terris
1297 2759 1445 2828 latuerunt,
1456 2763 1707 2836 congruastbitocu
1716 2764 1803 2822 libere
1813 2781 1859 2823 oe

1054 2854 1236 2916 cupaveruut.
1252 2848 1857 2922 Etignisquidemaltiora,aerveroint'eriora

1054 2934 1148 2990 mundi
1163 2935 1321 2993 naturaliter
1344 2937 1528 3008 repleverunt,
1553 2947 1657 2996 ettuno
1680 2940 1741 2997 luce
1767 2957 1856 3012 nuper

1054 3029 1148 3078 creata
1162 3023 1261 3080 clarius
1276 3030 1375 3082 cuncta
1389 3026 1521 3083 illustrari
1534 3035 1698 3086 meruerunt.
1708 3028 1854 3086 Sciendum

1010 3107 1035 3170 C
1049 3119 1141 3166 autem
1155 3113 1229 3185 quod
1238 3129 1334 3170 omnes
1345 3114 1483 3172 lontasvel
1493 3116 1604 3172 flumina
1615 3117 1854 3174 deoceanotiuunt

1046 3207 1073 3254 et
1088 3199 1115 3254 in
1129 3200 1257 3257 eumdem
1269 3203 1350 3258 etiam
1366 3203 1493 3260 refluunt.
1505 3204 1854 3263 Amaritudincmvarona·

1047 3288 1162 3343 turalem
1177 3289 1204 3344 in
1220 3297 1293 3346 terra
1307 3290 1457 3363 deponam,
1473 3307 1523 3364 per
1536 3309 1619 3366 quam
1632 3292 1747 3350 occultis
1753 3296 1853 3351 meati-

1047 3375 1119 3431 tibus
1134 3386 1255 3434 currunt.
1264 3378 1395 3436 Similiter
1404 3388 1496 3436 autern
1511 3396 1583 3454 aqua
1596 3397 1612 3436 a
1625 3383 1851 3456 tractuspirami-

1046 3464 1090 3520 nis
1104 3473 1247 3523 ventorum
1262 3468 1291 3522 in
1305 3467 1392 3524 nubes
1407 3469 1517 3535 tollitur,
1527 3479 1555 3526 et
1567 3470 1666 3526 iterum
1689 3471 1725 3527 ad
1747 3479 1850 3530 terram

1046 3569 1096 3626 per
1110 3553 1230 3626 pluviam
1243 3555 1401 3628 deponitur.
1425 3557 1549 3614 Flumina
1562 3565 1664 3627 autern,
1680 3576 1741 3632 quae
1763 3561 1846 3618 hodie

1046 3643 1177 3717 regiones
1192 3644 1331 3714 dirimunt,
1345 3645 1462 3701 maxima
1477 3663 1509 3702 ex
1523 3647 1642 3719 partein
1662 3648 1765 3706 diluvio
1788 3667 1850 3707 eru·

1045 3740 1155 3804 perant.
1172 3731 1318 3802 Queritu'r,
1335 3750 1398 3791 cum
1411 3734 1522 3790 tlumina
1533 3735 1627 3792 omnia
1641 3753 1716 3795 mare
1736 3738 1846 3808 intrent,

1046 3836 1094 3876 cur
1109 3835 1185 3877 mare
1199 3838 1254 3878 non
1269 3823 1422 3878 redundet?
1438 3824 1493 3880 Sed
1508 3823 1633 3896 traditur,
1650 3826 1723 3900 quod
1738 3827 1780 3885 sol
1793 3843 1848 3883 ua-

192 3871 306 3928 verbum
322 3874 393 3933 banc
407 3885 576 3954 corporalem
592 3886 680 3946 lucem
703 3889 737 3947 de
762 3893 896 3952 elemento
919 3897 992 3970 iguis
1045 3909 1124 3965 tureli
1138 3917 1256 3968 attractu
1270 3919 1354 3966 totum
1369 3911 1396 3966 in
1408 3911 1452 3968 dia
1467 3912 1568 3981 ebibat,
1594 3914 1667 3988 quod
1692 3922 1748 3972 tota
1766 3925 1847 3974 nocte

191 3960 310 4030 protulit,
328 3971 354 4020 et
367 3981 429 4023 earu
443 3969 506 4030 huic
524 3977 625 4033 mundo
650 3979 746 4037 intulit.
772 3980 840 4051 Qus
865 3983 910 4041 lux
927 3993 991 4046 tunc
1045 3998 1080 4054 de
1094 3997 1219 4054 dulcibus
1233 3999 1312 4072 aquis
1327 3999 1393 4054 mari
1413 4000 1510 4068 influit,

190 4046 271 4104 talem
287 4049 449 4125 claritatem,
473 4064 582 4132 qualem
606 4082 676 4124 nunc
699 4070 836 4127 antesolis
851 4084 990 4145 exortum,
1045 4086 1106 4143 viaa
1120 4088 1156 4144 ad
1170 4095 1258 4145 terras
1273 4087 1424 4145 descendit.

191 4137 312 4240 exhibuit
335 4151 384 4198 :et
399 4153 494 4204 tenues
518 4158 582 4208 tunc
596 4169 690 4226 aquas,
708 4165 736 4212 ut
750 4175 822 4242 nunc
836 4177 939 4230 acrem,
955 4165 991 4222 it·
1079 4213 1115 4268 Et
1219 4214 1274 4269 ,w
1381 4213 1425 4270 ,da
1469 4219 1481 4271 t
1742 4219 1803 4276 mm
1834 4250 1847 4262 ο

189 4221 323 4284 ¹⁰⁵21'2l'12·
342 4231 399 4296 Ρθι
413 4235 560 4295 duodecim
574 4251 664 4298 autem
679 4245 760 4302 horas
775 4263 858 4318 super
878 4259 988 4325 terram,
1129 4229 1223 4270 ‘'⁰⁶⁰¹’‘
1275 4229 1325 4270 ’ω
1340 4231 1388 4270 ‘m
1426 4231 1456 4272 Μ
1481 4231 1587 4283 ‘mm‘
1602 4233 1741 4290 ‘mm
1804 4235 1834 4277 ⁶⁸

189 4319 220 4366 ut
233 4330 304 4372 nunc
323 4319 364 4375 sol
383 4323 484 4380 mansit
499 4341 506 4381 :
530 4344 580 4399 per
601 4329 747 4389 duodecim
762 4352 840 4407 vcro,
856 4339 989 4400 interiora
1043 4317 1096 4401 W
1108 4318 1249 4402 ww
1261 4303 1417 4403 “fflmf’u
1430 4306 1525 4362 mam
1542 4319 1550 4360 ³
1566 4307 1618 4364 ¹¹⁰⁰
1630 4313 1682 4375 ‘a’
1693 4307 1737 4366 ⁸i⁰
1750 4309 1846 4381 ⁸⁹9⁶1'

189 4400 264 4457 0rbis
279 4402 452 4468 illuminavit,
1045 4390 1093 4445 lam
1107 4390 1181 4453 fecit.
1197 4398 1339 4460 eleutrum
1353 4392 1521 4450 dictumest.

1001 4459 1028 4520 D
1091 4517 1099 4533 .
1146 4517 1181 4530 ..
1835 4521 1843 4535 .

224 4509 259 4565 Ει
281 4513 352 4569 vidit
377 4518 449 4575 opus
472 4521 572 4594 imm,
587 4528 659 4599 quod
677 4535 751 4589 meg
765 4532 845 4592 pom·
863 4537 920 4594 ΗΜ
935 4547 986 4608 esp,
1077 4517 1113 4572 lat
1126 4516 1196 4573 cedat
1210 4517 1293 4585 Deua,
1309 4518 1467 4590 quodenset
1483 4516 1589 4578 docum
1605 4535 1612 4575 ε
1628 4521 1681 4578 hoc
1695 4529 1746 4591 εει,
1758 4529 1844 4579 ments

188 4597 312 4657 rationali
340 4615 473 4666 creatura}
497 4611 650 4688 intelligere
676 4619 751 4676 dedit
776 4639 783 4678 :
809 4640 891 4696 qum
915 4627 989 4686 bona
1041 4605 1182 4661 rationalis
1196 4614 1326 4662 creaturae
1344 4606 1451 4675 indidit,
1467 4623 1553 4680 quam
1568 4608 1714 4665 bonasunt
1733 4619 1842 4681 cuncta,

187 4686 241 4744 sint
255 4701 362 4762 cuncta,
378 4711 438 4769 quae
450 4715 500 4772 per
511 4701 600 4760 lucem
614 4707 714 4764 pemp,
733 4713 769 4767 pp
784 4714 879 4772 pivfflp
895 4718 987 4776 Imm
1041 4710 1102 4766 quae
1116 4694 1189 4750 Deus
1202 4694 1332 4751 condidit.
1344 4695 1378 4751 Et
1394 4696 1432 4751 ait
1452 4695 1618 4755 :Geminei
1632 4701 1710 4756 terra
1725 4697 1842 4758 tamtam

187 4793 221 4833 uc
236 4772 367 4840 tenebris
382 4805 391 4840 .·
406 4787 554 4846 scilicetne
575 4792 621 4850 1111
645 4797 788 4858 duodecim
806 4802 888 4859 hom
903 4821 987 4878 super
1039 4783 1159 4841 uiridem
1180 4788 1209 4840 et
1234 4784 1345 4856 liparem
1366 4785 1561 4887 pomiferum..
1577 4788 1639 4843 blox
1662 4795 1702 4888 ut.
1724 4801 1798 4860 aqua
1825 4804 1843 4847 a

186 4871 297 4936 terram,
313 4881 339 4926 et
353 4871 498 4934 duodecim
513 4881 565 4936 sub
579 4889 650 4939 terra
665 4886 871 4956 splendesceret
887 4910 892 4950 :
909 4902 987 4952 tene·
1040 4872 1120 4927 ‘m
1139 4873 1264 4938 remur
1290 4872 1435 4929 ⁰⁰⁰f⁸⁸¹¹¹¹¹
1457 4881 1530 4929 “m
1549 4891 1630 4974 ,ΨΜ
1653 4875 1704 4932 ”⁰¹
1730 4885 1842 4934 mmm

185 4952 244 5012 brae
257 4973 365 5032 quoque
379 4977 395 5018 a
409 4963 470 5022 luce
485 4966 586 5042 iugatae
595 4971 740 5032 duodecim
754 4979 838 5034 horas
849 4981 899 5036 sub
913 4990 985 5040 terra
1038 4961 1146 5033 ⁸P⁰⁰i⁶⁸
1169 4961 1319 5017 herbarum
1341 4968 1369 5018 0‘
1387 4961 1525 5062 ‘fbf'mmv
1548 4978 1661 5035 ’ΜΨ
1687 4971 1715 5020 ⁰²
1736 4963 1841 5024 fffl⁰⁸¹¹⁸

187 5043 355 5122 totidemque
369 5067 452 5124 super
466 5062 567 5114 terram
575 5060 778 5122 delitescerent.
786 5069 983 5144 zonaquoque‚
1038 5063 1133 5105 mum
1144 5050 1202 5120 1²⁰¹
1216 5057 1337 5106 ¹¹¹⁸²¹¹f⁰⁸
1351 5050 1636 5122 Pw¹¹¹¹¹¹·N⁰t⁸¹¹d¹¹m
1646 5061 1749 5122 mma
1766 5054 1841 5127 ‘1⁰⁰⁶

185 5148 246 5204 quae
259 5135 286 5192 in
300 5139 393 5196 medio
404 5141 480 5211 orbe,
500 5144 564 5219 igne
585 5151 694 5221 panda,
718 5170 767 5225 per
788 5171 849 5212 eum
863 5158 983 5230 aequino,
1039 5137 1090 5194 boc
1104 5153 1190 5195 verno
1205 5145 1327 5210 tempore
1342 5138 1455 5211 contigit
1471 5157 1479 5194 ε
1495 5148 1522 5196 ει
1535 5138 1598 5241 ideo
1613 5141 1840 5217 aodemtemporc

184 5220 237 5277 ctio
250 5227 364 5297 gaudet.
1038 5228 1090 5283 boc
1103 5227 1177 5283 idem
1191 5242 1277 5284 annus
1291 5226 1439 5285 observare
1452 5236 1610 5286 cousuevit.

218 5331 429 5409 appellauitque
445 5337 537 5397 iucem
550 5342 635 5412 dmm,
650 5349 680 5403 et
694 5349 825 5407 tenebras
846 5357 958 5412 uectem
973 5375 980 5412 :
1071 5360 1154 5418 uteo
1166 5362 1264 5418 auum
1275 5363 1362 5418 beas:
1373 5362 1458 5418 Fiant
1470 5361 1627 5420 luminario
1635 5365 1839 5438 ammiate-

181 5413 211 5470 id
239 5427 280 5474 εει
307 5423 446 5493 appellare
472 5426 549 5486 iacit.
582 5432 657 5491 Sicut
687 5452 739 5494 noa
769 5439 894 5512 dicimus,
928 5444 981 5501 do·
1036 5454 1180 5508 marcente
1194 5452 1257 5508 coli
1273 5467 1281 5504 :
1296 5450 1348 5507 boe
1362 5457 1413 5518 εει,
1429 5449 1500 5506 intra
1526 5451 1729 5512 firmamentum
1755 5454 1833 5512 aoeli.

181 5519 257 5560 muru
273 5508 348 5578 lecit,
364 5527 425 5570 cum
441 5515 502 5588 quis
516 5516 740 5592 iacereJ'usserit.
752 5529 923 5605 Factumque
938 5543 981 5592 est
1035 5539 1083 5597 Sol
1110 5539 1211 5613 quippe
1238 5539 1267 5596 in
1294 5538 1386 5596 medio
1411 5540 1514 5596 mundo
1541 5541 1656 5613 locatus,
1689 5543 1755 5601 luna
1784 5558 1836 5600 au-

182 5609 297 5668 uespcre
320 5603 349 5655 ct
362 5617 457 5671 mccc,
473 5606 532 5664 dies
546 5626 630 5669 uuas.
646 5615 769 5688 Vespere
783 5625 825 5676 cst
838 5619 980 5697 finisdiei3
1035 5636 1088 5686 tem
1112 5628 1142 5685 in
1158 5629 1212 5686 hoc
1231 5645 1299 5685 aare
1319 5627 1485 5696 constituta;
1508 5630 1624 5702 panau
1642 5647 1754 5705 quoque
1777 5633 1837 5690 auia

182 5697 262 5742 mana
276 5693 368 5744 autem
383 5687 445 5748 finis
460 5697 548 5756 noctis
571 5715 578 5756 :
603 5718 665 5776 qua
685 5704 740 5764 duo
759 5708 863 5782 iuncta,
886 5713 982 5790 viginti
1034 5715 1143 5781 circulis
1155 5715 1229 5778 affini
1242 5717 1386 5777 traduntur
1401 5730 1407 5772 :
1423 5717 1516 5778 sidera
1544 5719 1716 5780 solummodo
1735 5719 1834 5780 firma-

1535 4001 1687 4077 iterumque
1707 4020 1760 4078 pcr
1781 4004 1845 4078 plu-
