3942 6067
40 330 43 336 .
87 290 156 352 iios
792 250 1026 353 mavirssuu.
1674 301 1739 357 un

122 414 571 503 manumitterentur·
585 431 634 542 φο
648 417 810 504 inevitabile
823 420 901 477 istud
914 422 1031 502 auctori
1044 437 1094 480 suo
1104 426 1246 481 assertum
1257 440 1298 493 eo,
1306 424 1432 498 primurn
1447 424 1499 485 titt
1513 424 1633 483 breuiter
1644 430 1739 485 osten-

89 488 311 575 conmunire,
384 486 570 573 immineret.
607 490 890 616 antiquissimas,
906 494 1062 566 inlettipes.
1095 564 1100 575 Ι
1130 564 1156 591 λ,
1399 565 1405 577 ¹
1708 534 1736 581 .'

125 563 249 619 loannes
264 562 322 616 iret
360 573 427 616 neus
439 560 523 616 altas
537 558 624 628 lidi),
638 563 667 615 el
682 577 694 616 i
707 562 734 618 lo
749 566 931 630 recentiores,
947 580 1015 637 auos
1031 565 1114 621 licuit
1131 560 1234 633 uidere,
1250 564 1481 637 pompandam,
1502 566 1552 625 sed
1575 582 1690 637 maana,
1705 586 1738 625 m

91 633 205 691 laudem
218 632 318 704 ipsius,
333 632 478 689 memoria
491 630 679 704 prodiderunt
696 647 703 687 :
719 648 754 689 ea
767 634 931 704 compendio
944 638 1052 706 referre
1072 635 1202 689 conabor.

126 706 208 760 Anno
221 702 500 759 circitermillesimo
509 703 816 775 oclopeaimoseptimo‚
824 722 843 758 a
851 707 980 768 transitu
991 707 1096 763 Ciristi
1106 706 1262 762 Seruotoris
1270 722 1306 761 en
1315 708 1366 763 tuoe
1374 708 1479 765 mundo
1487 710 1524 764 od
1533 712 1660 779 Patrem,
1671 716 1738 769 Pas-

90 773 307 859 ctsattponlipice
315 788 395 840 max,
404 774 617 845 alpuelienrico
625 772 796 845 laniarelut
804 779 848 829 est
856 779 888 831 in
898 777 1186 835 VitoSonclissimiP.
1196 778 1289 833 nostri
1297 778 1520 907 demandetis}
1528 784 1579 849 val,
1589 786 1621 839 ul
1629 799 1738 855 compa

92 848 164 902 teuit
172 844 321 902 illustriss.
333 844 411 899 card.
421 845 570 910 duronius,
580 852 691 916 quarto,
699 847 752 912 uel,
764 846 867 909 utaiii,
877 849 1045 918 quinloejus
1054 849 1178 905 norninis
1189 848 1298 903 Cursore
1307 851 1445 920 inposta
1454 853 1485 907 in
1518 858 1605 909 ucatu
1614 856 1670 919 Bur
1689 872 1739 909 uu·

91 914 428 987 dinunumiusputiam
453 872 1737 996 resipter,ploriaetnonore,iurecorooianrlus,inclero,oetutsidusinculo,resplenduit.

125 988 203 1059 liii)
217 988 376 1043 tirolenim
389 932 828 1068 indcnponrissnctosiusmm,
838 991 868 1042 et
878 988 1105 1053 oaldeeruditus,
1114 990 1143 1043 in
1153 990 1335 1047 sacularibus
1345 990 1474 1047 scientiis
1483 994 1736 1067 partiliterdactus,

89 1059 204 1131 inpenio
218 1058 342 1122 subtilis,
352 1058 485 1115 elaturus
499 1056 623 1129 emanso:
635 1061 665 1113 et
677 1058 738 1115 ideo
747 1058 944 1129 Aupustoduni
954 1060 1036 1129 (nota
1051 1062 1089 1117 ibi
1096 1060 1212 1117 ciuitate
1227 1062 1377 1117 uernacula
1391 1065 1506 1129 Austuu)
1515 1068 1677 1139 antiquitus
1685 1085 1739 1125 rne-

91 1132 228 1202 tropoliet
235 1128 389 1185 AEduoruns
396 1128 468 1192 sade.
476 1132 639 1199 assumptus
647 1129 679 1183 in
686 1130 899 1194 sciolaslieurn,
906 1130 1155 1189 uerumdoctorem
1163 1133 1220 1186 siue
1228 1133 1360 1187 Ecclesia
1368 1134 1598 1197 illuminatorem
1608 1142 1738 1209 supersit.

91 1201 178 1257 idest
193 1201 239 1269 (ul
252 1201 370 1255 illorum
383 1200 441 1271 ipse
455 1196 629 1270 dipnitatam
641 1201 1053 1273 munusauedescripsitlliiip
1062 1203 1139 1259 verto
1155 1202 1181 1257 el
1191 1202 1329 1273 exemplo,
1341 1202 1418 1259 vetut
1433 1208 1525 1263 stelle
1542 1209 1573 1263 in
1587 1214 1739 1281 perpetuos

88 1273 269 1329 aternitatis
289 1271 418 1340 idelilrm
438 1270 579 1327 doctrinae
594 1270 691 1327 iumen
706 1270 836 1340 infudit3
870 1274 1030 1345 modusque
1046 1276 1102 1344 ipsi
1116 1274 1267 1329 Dominum
1283 1276 1405 1331 moribus
1420 1278 1552 1333 inuocare
1566 1281 1736 1349 inciperent,

90 1346 120 1400 et
137 1342 395 1427 Christumvueram
414 1340 518 1425 terrain,
539 1358 654 1399 omnem
676 1343 805 1398 animam
825 1289 993 1401 tiferninus
1015 1344 1314 1415 inpeneinpesiam
1335 1346 1445 1403 seilicet
1469 1350 1621 1420 majorum,
1638 1352 1696 1409 dici
1707 1356 1736 1411 P.

97 1416 269 1486 Auentini,
283 1428 412 1485 swam,
426 1414 455 1469 et
467 1414 593 1469 aliorum
616 1416 743 1469 ueterum
763 1416 884 1470 rueram
899 1416 1031 1487 exemplo
1050 1416 1196 1473 scribendo
1216 1416 1309 1481 titros,
1331 1421 1360 1470 et
1381 1417 1504 1475 docendo
1525 1421 1662 1479 indoctos.
1681 1424 1740 1492 Quo

89 1486 122 1541 in
133 1501 164 1541 re
178 1487 223 1541 ita
233 1484 331 1541 diuum
343 1480 516 1541 andnim
531 1485 691 1554 expressim
705 1489 739 1539 ut
756 1484 822 1541 liiri
833 1488 895 1557 eius
905 1486 945 1541 De
960 1487 1081 1557 imagine
1095 1486 1197 1553 muudi,
1210 1486 1291 1541 illius
1305 1486 1376 1541 dicti
1389 1490 1512 1557 suerint.

129 1555 316 1639 denuntiauit
329 1557 426 1609 aulem
439 1554 634 1638 sumtmnitus
648 1555 849 1639 istispubticis,
859 1562 1052 1629 etopportune
1067 1558 1097 1613 in
1109 1557 1307 1641 rectitudinem,
1317 1574 1454 1641 ernistum,
1464 1562 1520 1617 siue
1536 1567 1741 1621 monasterinm

88 1626 587 1767 midjiitliid‘t‘lllil
592 1626 981 1756 liiidieltttittt.
996 1630 1246 1755 lttttttittc
1262 1646 1415 1769 illiti
1432 1636 1568 1772 dict
1581 1639 1743 1761 titii-iti

91 1770 244 1842 pusillum,
258 1766 426 1831 seminares,
436 1770 465 1823 el
479 1768 529 1839 qui
541 1766 609 1848 otiis
622 1765 757 1823 docendis
767 1769 905 1826 iactenus
919 1787 949 1826 se
964 1771 1157 1841 impenderat,
1168 1770 1275 1839 relipuo
1286 1772 1350 1827 uico
1363 1780 1485 1843 ternpore
1493 1776 1534 1831 sol
1539 1778 1548 1829 i
1558 1723 1612 1831 geo
1627 1777 1741 1839 uiueret.

92 1844 124 1896 et
138 1838 297 1911 spiritualis
314 1837 394 1894 lsomo
409 1837 501 1906 perer.
521 1838 590 1893 tiene
602 1855 724 1904 nnrnnue
736 1840 908 1896 ononnntlis
924 1840 1109 1897 Scholasticus
1125 1851 1149 1897 at
1164 1838 1317 1909 solitarius,
1327 1840 1361 1897 ab
1373 1844 1580 1913 atiisInuiusus,
1592 1848 1744 1919 aliquando

93 1910 185 1967 etiarn
199 1911 372 1968 emenonis
385 1918 570 1980 nuncupatus
583 1910 741 1967 inuenitur.

131 1980 253 2052 Scripsit
263 1985 326 2039 nm
338 1978 384 2035 nie
417 1994 483 2036 uam
497 1980 545 2060 iti,
559 1981 653 2061 multo
686 1980 806 2061 saciare
821 1982 1010 2053 opuscula,de
1025 1982 1124 2055 quitus
1133 1982 1250 2054 ipseper
1259 1998 1298 2049 se,
1310 1983 1342 2039 in
1353 1982 1423 2039 libro
1433 1984 1593 2043 illustrium
1607 1987 1744 2055 Virorum,

93 2066 178 2124 quem
191 2053 363 2124 pranotnuit
381 2066 387 2105 :
428 2067 444 2105 e
460 2050 649 2105 Luminunbus
664 2000 803 2117 sseclesrae,
818 2054 962 2109 recensuit
977 2054 1149 2121 inevitabile.
1171 2054 1228 2111 siue
1248 2052 1393 2125 Diagulum
1409 2054 1444 2111 da
1465 2055 1551 2113 libero
1571 2054 1698 2126 arbitrio,
1714 2060 1745 2116 in

94 2138 112 2181 e
162 2124 170 2137 ’
208 2122 270 2193 ejus
284 2123 422 2181 iactam
437 2123 514 2194 lypis
526 2139 587 2179 non
601 2138 778 2193 expressum.

184 2195 189 2205 '
266 2190 292 2249 li
306 2193 397 2264 iailur
408 2192 474 2265 plus
488 2193 585 2249 minus
597 2195 670 2250 anni
682 2196 760 2260 sunt,
776 2192 848 2265 auod
862 2192 922 2261 ejus
937 2190 988 2247 lsoc
1004 2207 1073 2264 opus
1095 2191 1140 2261 (ul
1156 2207 1173 2247 a
1213 2190 1288 2261 oret)
1303 2190 1407 2265 latuit;
1424 2208 1502 2248 nunc
1518 2208 1581 2249 uero
1595 2209 1632 2251 en
1648 2192 1747 2253 ilitio-

96 2266 181 2321 tteeca
194 2268 296 2345 nostra
304 2266 395 2334 juata
409 2264 442 2319 tt.
461 2262 490 2320 S.
506 2263 747 2345 inibisecustum,
762 2268 863 2320 nostra
873 2262 1117 2387 ‚operwoditin
1131 2208 1252 2346 posticis
1266 2262 1412 2319 occasione
1427 2264 1574 2345 cujusdam
1588 2264 1698 2338 Dialogi
1713 2266 1747 2321 de

95 2334 340 2406 praeduuuuiom
352 2343 381 2390 et
393 2334 481 2390 libero
494 2334 607 2391 arbitrio
621 2335 673 2391 sut
687 2335 803 2394 namus
823 2334 929 2405 ipsius,
1008 2348 1094 2391 onnes
1108 2336 1303 2405 septuopmta,
1318 2350 1369 2407 per
1384 2334 1535 2407 Georgium
1550 2336 1746 2407 Cassandrum,

98 2406 222 2464 &unia
234 2422 312 2463 auno
328 2404 458 2461 uidelicet
474 2409 524 2461 tii
540 2408 613 2478 lupis
627 2408 771 2463 Lamterti
786 2405 869 2462 Siluii
886 2404 999 2459 excusi.

132 2478 254 2548 Pralert
268 2480 365 2533 autem
379 2492 482 2534 nomen
497 2475 667 2544 lueritabiie,
677 2479 746 2550 auia
759 2476 809 2531 tm
823 2476 857 2531 ule
871 2478 987 2531 auclore
1002 2474 1048 2529 illi
1062 2473 1174 2543 datum,
1190 2474 1247 2541 cui,
1264 2478 1297 2529 ut
1312 2474 1457 2545 inicorum
1477 2478 1688 2545 restitueretur,
1713 2478 1748 2533 dc

94 2548 257 2605 mullorum
265 2548 356 2619 juata
370 2564 404 2603 ac
416 2547 546 2618 prasium
560 2549 695 2614 umorum,
710 2548 837 2611 comitio,
848 2546 931 2601 nullu
945 2546 978 2600 in
985 2550 1068 2617 purte
1083 2548 1237 2601 contentus
1252 2562 1269 2599 a
1284 2561 1329 2601 me
1344 2548 1387 2601 esi
1401 2551 1547 2603 mutatum
1562 2548 1604 2603 uel
1618 2552 1745 2615 auctum,

95 2618 148 2676 sed
161 2620 280 2675 tantum
290 2620 322 2675 iss
335 2620 417 2675 mani
431 2619 499 2675 estis
514 2618 723 2702 orllioprapliia
736 2617 858 2683 meniu,
874 2618 934 2672 suis
947 2616 1142 2685 interpunctis
1154 2618 1182 2671 et
1197 2616 1383 2673 incisionibus
1397 2621 1536 2687 pausatum
1552 2635 1665 2677 neeesse
1678 2621 1745 2691 suit,

95 2690 271 2747 distinctum
282 2694 312 2747 el
327 2704 343 2745 e
448 2694 521 2756 lum,
536 2695 665 2757 notosque
679 2688 717 2745 al
731 2690 889 2759 marainem
902 2686 1086 2759 aliquetenus
1107 2686 1291 2743 adornatum.

133 2759 195 2817 Non
208 2765 251 2817 est
264 2761 363 2832 imitor,
378 2760 450 2831 quod
463 2761 624 2833 smpicelar
633 2761 775 2833 quamam
788 2776 833 2815 ene
846 2758 883 2816 ad
897 2759 1021 2828 alicujus
1035 2756 1196 2829 opinionem
1214 2756 1324 2831 aliquid
1346 2756 1391 2813 liic
1410 2760 1534 2815 variasse
1553 2758 1596 2817 oei
1609 2760 1746 2817 aliorsum

97 2835 213 2889 torsisse
225 2848 311 2904 paam
322 2834 462 2904 scriptum
475 2834 551 2902 luit,·
563 2838 615 2887 aut
648 2834 695 2889 uid
715 2833 774 2887 ium
789 2829 868 2885 uelut
881 2844 1032 2895 araneum,
1049 2846 1086 2883 ee
1098 2844 1144 2907 ⁸me
1160 2830 1192 2885 in
1206 2845 1236 2885 eo
1252 2828 1435 2897 conticuisse.
1453 2830 1590 2888 Securum
1614 2834 1640 2887 te
1663 2832 1746 2887 reddo

94 2906 275 2975 certumque,
287 2907 393 2971 prater
406 2904 525 2959 latorem
538 2901 630 2959 teser
647 2920 661 2959 e
703 2905 713 2958 i
728 2918 765 2957 en
778 2902 842 2969 fide,
859 2900 893 2955 de
908 2917 979 2963 meo.
998 2904 1054 2955 toto
1070 2898 1147 2957 nihil
1161 2916 1220 2955 esse
1236 2900 1340 2955 libello.

133 2974 174 3031 He
189 2989 254 3029 roro
268 2973 389 3040 mordet,
399 2974 472 3046 puod
485 2976 562 3029 sicut
576 2978 607 3029 in
620 2974 751 3046 partitus
764 2975 829 3029 istis
839 2972 944 3027 nostris
959 2972 1008 3025 otc
1024 2970 1156 3027 hebernus
1171 2972 1270 3027 uinum
1284 2972 1341 3027 nisi
1356 2969 1492 3037 dilutum,
1504 2974 1550 3027 itu
1560 2972 1749 3043 quorumdam

94 3047 357 3117 uernumnnpta,
373 3047 504 3101 nonnisi
519 3050 633 3101 mutata
653 3047 747 3101 dicam
766 3062 805 3099 an
825 3045 989 3113 deprauata,
1012 3042 1174 3113 recipimus.
1197 3042 1262 3109 Quis
1286 3044 1364 3099 enirn
1387 3046 1491 3109 nescit,
1508 3060 1582 3099 unus
1606 3044 1748 3113 Erasmus,
1859 3093 1865 3101 .
1919 3047 1923 3061 '

94 3120 238 3189 quantum
249 3118 309 3171 suis
322 3115 432 3182 scoriis,
447 3116 573 3182 scholiis,
588 3121 714 3188 inquam,
728 3116 858 3188 plurium
871 3113 960 3169 etium
974 3112 1020 3167 33.
1038 3114 1156 3167 Petrum
1172 3118 1357 3169 resonumentn
1371 3114 1509 3185 p'oednrit?

135 3186 246 3253 Ossanlo
260 3187 290 3243 id
301 3187 454 3257 procliuius
469 3190 512 3243 est
525 3186 558 3243 de
572 3186 730 3245 Cassandro
739 3187 951 3253 sentire,ouern
965 3184 1174 3253 irrefrapnbilis
1185 3185 1374 3241 sanctissime
1387 3186 1517 3241 nornine
1529 3186 1601 3242 scriis
1611 3202 1742 3257 cerrsuro,

96 3256 137 3315 ad
147 3259 274 3329 pansam
285 3257 507 3313 interdictorum
520 3258 696 3331 Scriptorum
710 3260 841 3321 uicissem,
860 3255 1063 3311 condemnauit
1076 3252 1173 3322 (itm
1188 3254 1259 3327 quod
1274 3272 1313 3311 an
1329 3258 1434 3311 temere
1448 3258 1568 3326 [actum.
1586 3274 1666 3315 neruo
1689 3258 1746 3315 nisi

97 3328 280 3392 temerarius,
296 3334 416 3400 naarai.
433 3329 623 3387 Nihilominus
637 3330 664 3385 si
676 3334 782 3400 ploret,
797 3328 932 3383 ausculta
949 3342 955 3381 :
973 3326 1047 3381 unde
1063 3340 1120 3381 non
1136 3324 1231 3381 ricinus
1246 3331 1323 3383 certo
1339 3327 1400 3399 puis
1413 3327 1514 3398 suerit,
1527 3344 1601 3397 eum,
1613 3346 1697 3403 quom
1710 3346 1748 3388 aa

96 3416 120 3457 u
184 3401 190 3413 '
208 3415 240 3455 us
255 3401 376 3465 tearum
391 3415 552 3470 capnoscos,
568 3405 597 3457 et
612 3404 796 3471 impostorem
809 3402 900 3469 puisse
914 3413 972 3452 non
985 3412 1079 3466 nepes.

156 3469 295 3525 assander
307 3472 536 3543 patronymicum
549 3476 605 3536 est,
620 3473 698 3527 sicut
716 3471 866 3525 laeander
879 3469 936 3523 siue
954 3466 1116 3533 Cassander,
1132 3472 1161 3523 et
1173 3466 1268 3525 decem
1283 3468 1342 3523 alia
1357 3484 1374 3523 o
1387 3468 1493 3539 patria
1507 3470 1565 3525 solo
1577 3471 1685 3528 similia
1700 3472 1749 3529 de-

96 3541 186 3598 ducta
199 3541 327 3599 nmina.
346 3540 476 3613 Gouraios
498 3541 588 3612 ipitur
601 3542 758 3599 Cassander
772 3558 790 3596 a
803 3542 878 3612 Papo
892 3538 1038 3605 cadsand,
1061 3538 1117 3595 siue
1135 3538 1262 3605 Catsuut,
1285 3543 1335 3595 out
1354 3538 1503 3611 euphonia
1525 3558 1612 3597 causo
1635 3542 1752 3600 Cessent

96 3610 187 3680 (unde
200 3610 299 3669 Insula
313 3611 427 3669 Slusom
441 3613 520 3669 inter
533 3617 562 3671 et
579 3613 782 3671 Germanicum
798 3627 877 3667 mare
891 3612 958 3679 sita,
971 3608 1138 3665 Cassandria
1153 3608 1230 3665 dicta
1245 3609 1299 3679 est)
1315 3612 1452 3683 tanquam
1471 3628 1489 3667 a
1515 3610 1573 3669 loco
1587 3615 1750 3675 natiuitatis

95 3698 160 3740 sua
172 3698 278 3739 nomen
290 3683 410 3755 aceepit.

135 3754 189 3811 Cui
195 3754 412 3826 mmmando,
423 3753 596 3811 dubitationi
604 3753 707 3820 iocum
713 3750 812 3826 patrio
817 3749 998 3807 celebriorem
1005 3750 1163 3819 Bruporum
1174 3746 1272 3803 urbem
1281 3751 1472 3819 opportunum
1479 3750 1621 3805 irzvenisse
1629 3751 1750 3809 uitelm.

98 3826 209 3892 arten,
224 3826 236 3881 i
274 3840 352 3891 mm,
361 3824 393 3881 in
407 3842 472 3899 pure,
482 3827 559 3881 circa
571 3828 683 3898 tempus
697 3842 750 3897 pao
760 3821 926 3879 [inevitabilis
940 3820 1026 3891 liujus
1042 3827 1143 3874 auctor
1155 3819 1294 3875 Honorius
1309 3820 1438 3875 omnibus
1453 3821 1648 3877 ineuitabilem
1662 3824 1751 3880 subiit

95 3842 364 3963 mortenandqarolus
378 3900 560 3967 eopnomento
578 3896 681 3963 Bonus,
697 3892 825 3951 murelsio
838 3890 981 3948 Flnndrioe
997 3890 1199 3971 (olii'prinnnu
1215 3891 1275 3961 epus
1289 3888 1458 3973 nominiset
1470 3892 1550 3973 pium
1565 3894 1751 3967 conritempue

96 3968 251 4033 dixerunt)
267 3982 326 4021 non
339 3967 447 4023 minori
459 3966 548 4038 plorin
565 3968 644 4024 inter
656 3964 806 4031 rinnai-os,
821 3980 907 4037 ouum
922 3978 1027 4035 parens
1042 3978 1101 4031 epus
1118 3962 1245 4017 Canutus
1261 3976 1314 4015 rece
1330 3958 1452 4015 octonos
1468 3966 1545 4017 enter
1566 3978 1631 4019 suos
1647 3965 1750 4033 ltanos,

95 4038 704 4112 mnroyrncuiuit,etsensimmieorpnns
713 4038 748 4093 nd
756 4036 863 4093 Sancti
871 4032 1037 4099 timotiani,
1045 4034 1232 4087 insncrnrum
1242 4035 1386 4087 restiumu
1407 4031 1751 4105 odpleriorcliquit(il9).

135 4110 184 4166 iile
199 4108 357 4167 Cassander
370 4110 402 4163 in
420 4110 573 4165 thtorum
586 4108 668 4167 dom
683 4108 793 4165 erudite
808 4104 1053 4167 uersutus.oerarii
1068 4104 1173 4170 pattici
1187 4102 1369 4159 saturiacum
1400 4119 1486 4159 ruens
1500 4108 1561 4159 tum
1573 4105 1689 4163 Latinas
1703 4108 1750 4163 do·

96 4180 186 4238 cende
201 4182 361 4246 casurusne
373 4179 517 4235 sentence
544 4196 588 4235 ua
597 4199 616 4237 a
629 4181 751 4237 Cernere
760 4183 787 4234 et
799 4174 1162 4244 ilorciantiorcseruntur,
1173 4174 1376 4229 idconseculus
1387 4178 1439 4241 est,
1448 4178 1480 4231 ut
1494 4176 1628 4233 domnoli
1639 4180 1751 4236 univer-

96 4251 170 4307 salis
186 4250 318 4307 Ecclesia
349 4197 678 4323 ancipites,3irnpensrs
689 4266 748 4307 esse
761 4248 944 4313 crederetur;
960 4262 1058 4301 verum
1075 4246 1121 4309 iti,
1138 4244 1215 4301 inter
1231 4246 1326 4301 Cleuos
1342 4246 1369 4299 et
1385 4244 1562 4302 Alamannos
1579 4249 1610 4303 in
1624 4248 1680 4317 fide
1690 4266 1749 4310 cor-

97 4338 135 4379 ru
157 4324 211 4386 tus,
227 4321 305 4380 dius
356 4322 509 4377 istercnon
533 4316 1095 4390 otuit‚sedabscessit,elposceoColonia
1106 4316 1649 4387 multotemooresortnsseoipintionn.
1662 4321 1746 4377 uicit.

134 4337 175 4447 qli
188 4394 311 4449 diuersos
325 4391 468 4464 sculpant
483 4338 582 4460 lidron·
597 4396 625 4449 et
640 4395 717 4450 inter
731 4394 814 4456 alios,
829 4386 1030 4462 supradictum
1047 4386 1202 4459 Dialogum,
1218 4387 1317 4459 quitus
1332 4388 1451 4443 occessit
1466 4388 1618 4463 Religionis
1634 4392 1747 4453 eonsul-

96 4460 174 4528 tatio,
188 4466 253 4534 post
264 4462 374 4519 obitum
388 4463 449 4535 ejus
462 4480 539 4521 anno
557 4466 622 4521 rsit
639 4462 920 4533 Colonieimpressa:
930 4474 1016 4530 paam
1030 4458 1208 4515 doctissimus
1220 4459 1269 4513 iile
1280 4458 1404 4514 nolanus
1414 4456 1500 4539 (259),
1510 4464 1593 4517 citat.
1610 4463 1748 4537 illumque

94 4534 321 4608 perstrinpeudo,
329 4532 461 4599 ostendit,
479 4536 633 4591 excessisse
657 4534 769 4590 modum
791 4532 963 4588 Christiana
984 4526 1137 4585 modestice.
1160 4528 1212 4597 Qui
1227 4528 1295 4584 dum
1316 4532 1403 4585 extra
1418 4530 1469 4585 Dee
1484 4530 1641 4589 Ecclesium
1660 4538 1744 4602 esset,

95 4604 215 4675 scripsit
222 4621 338 4663 munere
353 4608 468 4663 lantum
483 4607 601 4677 uestipiu
615 4606 774 4663 communis
787 4620 821 4661 ne
831 4602 977 4659 canonica
991 4600 1064 4665 uita,
1077 4599 1107 4653 in
1123 4598 1251 4667 adificiis
1267 4615 1300 4655 nc
1311 4600 1483 4657 nominibus.
1497 4602 1612 4659 Addidit
1623 4604 1742 4661 deiicis:

97 4675 209 4747 Repula
221 4674 378 4732 desertores
391 4680 550 4733 monstroso
564 4678 679 4733 nomine
693 4674 784 4732 dictos
798 4690 856 4730 esse
871 4672 1019 4729 canonicos
1034 4668 1191 4733 saeeulares,
1205 4668 1255 4723 tuoe
1269 4673 1322 4735 est,
1340 4670 1483 4753 regulares
1493 4670 1671 4743 irregulares.
1687 4676 1745 4742 Qua

97 4763 133 4828 re
145 4744 221 4802 linai
234 4747 345 4818 injuria
358 4745 512 4828 Aliertum
526 4748 694 4805 crantzium
708 4746 877 4803 mannicum
890 4740 1062 4807 sacuiararn,
1079 4756 1178 4799 occure
1194 4747 1345 4795 monstrum
1360 4756 1419 4797 siue
1433 4742 1575 4815 exemplo,
1592 4744 1745 4817 reputarem

100 4818 464 4955 asamonaei-segelum
473 4834 862 4956 immmaculatum.
873 4885 1132 4968 uelunsspiritunit
1148 4882 1200 4969 Qui
1215 4902 1272 4941 non
1287 4888 1413 4953 uocatus,
1424 4882 1460 4941 od
1474 4886 1627 4944 eonsilium
1641 4888 1747 4955 uenire,

100 4958 136 5016 dt
149 4958 322 5033 capessenda
334 4958 471 5031 relipiom
485 4962 658 5017 sententiam
672 4961 780 5028 dicere,·
795 4959 1000 5017 canonicorum
1013 4956 1140 5027 callepio.
1157 4970 1212 5011 cmo
1228 4957 1337 5013 elerum
1362 4960 1464 5023 toturn,
1482 4957 1636 5013 Ecclesiam
1656 4958 1749 5031 ipsam

102 5032 269 5098 itomanam,
291 5028 413 5104 emaque
433 5046 596 5103 supremum
621 5038 651 5088 et
674 5030 864 5095 Catiolicum,
881 5027 1013 5101 judicare
1032 5030 1060 5083 et
1085 5028 1240 5096 reformare
1257 5030 1438 5100 presumpsit
1454 5048 1462 5081 .·
1476 5030 1600 5101 putasne
1621 5032 1750 5105 pepercit

104 5102 276 5158 Scholastica
288 5100 419 5164 Honorio,
434 5105 462 5156 et
475 5103 552 5158 iane
565 5102 626 5173 ejus
640 5105 732 5171 [etum
748 5104 847 5173 tinpun
861 5117 914 5158 suo
929 5100 981 5155 illa
996 5096 1137 5153 maledica
1153 5098 1298 5154 lambendo
1314 5112 1369 5154 non
1386 5100 1574 5168 reformauit?

140 5173 194 5231 Sed
208 5174 303 5230 uideor
316 5172 625 5246 audire-quiotstrepit
640 5190 647 5230 :
665 5178 796 5232 uocatam
809 5171 964 5246 aliquando
978 5186 1045 5229 cum
1063 5170 1152 5241 fuisse
1174 5171 1205 5225 in
1225 5170 1386 5235 consilium,
1404 5170 1558 5242 etquidem
1577 5176 1610 5229 ut
1628 5174 1752 5245 formam

101 5244 255 5317 Relipianis
268 5242 395 5301 andern.
411 5242 511 5300 Fateor
527 5260 535 5299 ι
549 5244 599 5301 sed
612 5263 631 5303 a
643 5244 755 5319 quibus,
768 5263 825 5318 aua
837 5246 991 5317 potestate,
1007 5246 1035 5299 et
1050 5238 1185 5313 punem?

139 5367 214 5440 (iil)
228 5368 290 5424 Lib.
308 5367 344 5423 de
357 5366 444 5439 scrip.
463 5366 542 5423 Eacl.
950 5373 1069 5427 aucium,
1086 5370 1114 5420 at
1128 5364 1238 5424 demum
1254 5364 1332 5435 jussu
1354 5364 1501 5423 Clementis
1517 5365 1563 5423 Vll
1579 5369 1749 5443 recognitum

138 5440 214 5507 (ild)
231 5438 395 5510 Patrolagire
411 5446 432 5493 t.
450 5436 571 5495 ccxvi.
954 5451 981 5493 es
1014 5437 1174 5503 ubticatuin,
1190 5436 1224 5492 nd
1241 5450 1339 5491 nornen
1357 5452 1363 5493 :
1382 5436 1550 5495 Cassander.

151 5510 359 5581 utilititlsem.
375 5525 472 5593 supra.
718 5576 725 5589 ·
798 5574 828 5589 ¹·
991 5454 1066 5580 &top
1089 5508 1184 5561 Petrus
1203 5510 1350 5589 ¹liuntunus
1372 5508 1396 5565 in
1426 5508 1557 5583 descript.
1580 5510 1615 5569 ad
1634 5511 1753 5569 Tabulas

152 5583 215 5652 aii)
234 5581 388 5638 Commeat.
408 5598 436 5637 in
451 5575 569 5639 Cantica.
585 5578 664 5637 Geni.
680 5593 796 5649 amma,
810 5574 862 5639 hh.
879 5593 900 5649 s,
975 5576 1109 5705 eugraph.
1129 5576 1313 5662 discrimina.
1334 5578 1487 5638 Marchaut.
1509 5581 1632 5656 minuat
1650 5600 1754 5643 aunum

105 5666 133 5710 a.
152 5654 195 5711 lt.
210 5660 238 5708 et
251 5652 351 5709 Rudas.
365 5652 418 5708 lib.
438 5668 458 5707 n
472 5651 592 5722 speculi,
609 5666 670 5721 cup.
688 5650 733 5706 17.
977 5652 1008 5709 lt
1031 5706 1035 5717 ,
1053 5664 1157 5705 mensis
1174 5648 1261 5704 ilariri
1279 5650 1321 5706 diu
1335 5654 1365 5706 2.

143 5724 218 5795 (itti)
233 5723 300 5779 Vide
314 5723 435 5779 Iudicem
451 5725 581 5777 libroruin
596 5722 794 5793 prohibitorum
807 5730 901 5779 aucto·
993 5724 1066 5795 (250)
1081 5724 1111 5776 in
1125 5721 1215 5777 indice
1231 5721 1281 5778 lits.
1300 5722 1433 5797 prohibit.

105 5798 186 5855 ritate
207 5793 248 5849 Pii
265 5792 312 5862 ti,
336 5795 454 5867 primum
482 5793 599 5861 aditum,
619 5800 716 5865 postea
734 5808 752 5849 a
772 5792 848 5852 Sixto
869 5794 902 5863 V,

206 5890 337 5957 Parnon.
358 5890 515 5959 CLXXII.
