3942 6067
93 212 146 265 757
761 206 1096 268 stcnnttnttttttttttt.

1694 211 1748 287 raa

91 334 180 389 centis
194 333 258 391 vite
282 332 348 389 Adae
363 332 477 401 canitur,
493 334 542 391 scd
564 334 629 408 qnia
650 349 706 391 non
727 332 775 389 luit
797 333 893 389 eadem
907 332 936 393 A
951 341 980 389 ut
988 333 1152 406 ⁴superbiam
1176 332 1314 403 dejiciant.
1333 336 1400 411 lpsc
1421 333 1580 394 celebratur
1607 334 1744 406 inlunio,

89 422 249 479 innocentia
264 422 440 493 sempiterna,
457 422 572 479 Alleluia
586 424 615 479 in
629 424 757 480 'tractum
772 437 891 480 conver·

89 511 166 567 titur.

126 608 226 665 Unctio
249 606 404 665 altrismalis
429 607 463 663 ab
480 608 611 681 episcopo
627 609 690 665 data
705 608 731 664 in
747 608 835 681 capita
851 626 892 667 se·

90 704 166 769 ptem
174 698 272 753 diebus
281 697 450 767 observetur,
462 698 577 770 quiebtts
587 699 683 754 diebus
692 699 823 754 adrentus
833 696 892 770 Spi-

89 786 158 841 ritus
174 786 262 841 sancti
277 802 362 859 super
378 787 520 858 apostolos
536 788 570 843 ab
589 786 713 843 Ecclesia
726 786 891 843 celebretur.

90 875 216 948 Cumque
231 874 347 946 Spiritus
363 876 388 929 in
407 884 510 946 septam
527 876 687 931 mulieribus
704 875 738 930 nd
753 892 832 933 snum
847 892 893 932 ve-

90 964 162 1019 nerit
177 964 335 1035 hospitium,
354 964 502 1037 unicuique
518 966 626 1021 mulieri
642 982 692 1037 pet·
700 966 823 1038 singulos
834 965 893 1020 dies

88 1060 208 1123 paretur
221 1052 388 1109 convivium.
408 1054 516 1125 Hospes
530 1054 649 1126 Spiritus
662 1055 750 1111 sanati
765 1062 806 1110 est
816 1070 893 1109 mens

90 1140 213 1196 bominis
225 1140 327 1215 singuli
341 1142 400 1197 dies
415 1142 556 1213 protectus
571 1144 678 1209 mentis,
705 1143 831 1200 convivia
852 1144 894 1199 hae

89 1230 145 1284 sint
160 1230 289 1286 virtutes.
309 1232 339 1285 ln
355 1228 408 1287 lide
423 1230 562 1301 virtutem,
579 1232 607 1287 in
622 1233 721 1289 virtute
741 1232 893 1301 scientiam,

88 1319 117 1373 in
142 1318 258 1374 scientia
279 1318 481 1391 abstinentiam,
497 1320 704 1377 inabstinentia
724 1321 893 1392 patientiam,

87 1406 117 1461 in
128 1406 262 1478 patientia
271 1408 410 1479 pietatem,
419 1407 447 1462 in
457 1409 558 1479 pietate
570 1425 694 1465 amorem
706 1409 893 1477 fraternitatis,

88 1494 118 1549 in
133 1510 228 1551 amore
242 1494 421 1552 fraternitatis
437 1497 608 1553 charitatem.
629 1496 727 1555 Oleum
746 1498 817 1555 solet
838 1498 895 1553 les·

89 1600 186 1640 sorum
200 1584 322 1641 membra
338 1583 440 1655 fovere,
454 1585 608 1642 balsamum
631 1602 697 1643 vero
720 1586 790 1643 solet
819 1587 895 1643 redo-

88 1672 159 1728 lere.
179 1671 248 1728 Oleo
261 1672 342 1744 ungit
357 1672 476 1744 Spiritus
491 1684 613 1741 sanctus,
625 1691 685 1733 cum
696 1674 895 1733 conlassaenni-
910 1690 938 1751 Β

88 1776 143 1816 mae
157 1778 209 1833 per
223 1761 409 1833 poenitentiam
425 1773 538 1834 peccata
553 1765 626 1820 laxat
643 1781 649 1820 :
666 1764 789 1821 balsamo
805 1766 893 1838 ungit,

90 1865 156 1905 cum
171 1866 219 1906 cor
233 1866 284 1921 per
299 1850 442 1906 scientiam
458 1852 564 1909 doctrin
574 1854 725 1911 aeillustrat.
738 1853 837 1910 Oleum
845 1852 894 1909 luit

91 1936 219 2009 Spiritus,
233 1940 343 2011 quando
357 1941 436 1995 datus
451 1948 492 1996 est
507 1942 639 2012 apostolis
653 1944 682 1997 in
694 1951 777 2010 terra,
789 1952 817 1999 ut
826 1958 892 2013 pec-

90 2034 151 2083 cata
190 2028 373 2085 relaxarent:
398 2029 573 2097 balsamum,
607 2032 717 2103 qnando
749 2032 784 2087 de
815 2032 893 2089 coelis

91 2115 172 2170 datus
195 2124 246 2183 est,
280 2125 309 2171 ut
333 2132 429 2175 omnes
455 2119 541 2175 verbo
565 2119 746 2177 illustrarent.
775 2120 844 2177 Olea
866 2129 893 2178 et

92 2202 214 2260 balsamo
239 2206 384 2279 ungimur,
411 2214 440 2261 nt
474 2206 534 2279 fide¹
560 2218 587 2265 et
610 2210 769 2281 operatione
800 2210 891 2267 salve-

91 2310 165 2349 mur.

948 421 1025 495 quod
1039 430 1154 494 tempus
1168 430 1261 494 aptum
1276 430 1319 480 est
1332 422 1419 480 bello.

981 520 1073 577 Tertia
1087 521 1257 577 consecratio
1270 519 1428 577 celebratur
1442 519 1469 576 in
1487 518 1643 594 Septembri
1666 522 1747 579 tertia

947 608 1067 677 Sabbati,
1085 609 1159 681 quod
1171 617 1216 665 est
1229 609 1336 665 initium
1350 610 1422 666 tertii
1436 609 1570 683 catalogi.
1584 611 1648 667 llaec
1655 610 1750 684 depu-

946 706 1021 753 tatur
1035 698 1175 755 Jechoniae
1189 698 1372 770 generationi,
1388 700 1438 771 qui
1458 700 1558 756 dicitur
1575 704 1750 773 preparatio

947 787 1084 857 Domini,
1099 787 1251 843 consecrati
1273 787 1346 842 enim
1367 788 1471 844 dehent
1489 804 1520 843 sa
1539 804 1697 860 praeparare
1720 791 1748 846 in

946 877 1094 932 adventurn
1116 875 1226 932 Christi.
1251 874 1318 945 Quae
1340 878 1511 933 consecratio
1529 878 1612 933 hahet
1627 877 1748 935 finemin

948 966 1009 1036 ipsa
1025 964 1162 1020 nativitate
1177 964 1296 1025 Christi:
1312 982 1373 1037 quae
1387 966 1535 1039 aliqnando
1549 966 1577 1022 in
1591 967 1672 1024 tertia
1681 968 1749 1025 heb-

948 1054 1067 1109 domada
1080 1051 1180 1118 linitur,
1197 1060 1224 1108 et
1237 1054 1318 1108 habet
1332 1054 1520 1111 hebdomadas
1543 1055 1692 1111 tredecim:
1709 1055 1748 1112 ali

948 1143 1058 1215 qnando
1073 1142 1100 1197 in
1110 1148 1218 1214 quarta,
1230 1152 1258 1198 et
1265 1143 1348 1198 babet
1358 1143 1678 1216 quatuordecim.Neqne
1688 1150 1748 1202 hoe

949 1232 1009 1287 sine
1024 1231 1126 1286 ratione
1141 1239 1192 1297 est,
1209 1230 1273 1303 qnia
1288 1231 1311 1286 si
1334 1240 1505 1303 computetur
1528 1232 1672 1307 catalogus
1696 1248 1748 1289 no·

949 1319 1068 1376 sissima
1092 1326 1193 1375 tessera
1217 1320 1338 1388 decadis,
1354 1327 1383 1374 et
1397 1320 1482 1376 semel
1504 1328 1677 1392 computetur
1698 1322 1748 1377 Je-

949 1405 1072 1471 chonias,
1088 1419 1141 1460 non
1156 1402 1275 1476 amplius
1291 1404 1467 1460 inveniuntur
1480 1420 1543 1461 curn
1557 1404 1618 1476 ipsc
1639 1406 1747 1461 Christo

950 1508 1032 1566 quam
1046 1492 1178 1549 tredecim
1192 1492 1398 1565 generationes.
1424 1493 1452 1549 Si
1472 1492 1532 1566 ipse
1555 1498 1747 1566 computetur,

949 1581 1156 1655 quatuordecim
1171 1581 1358 1638 inueniuntur.

983 1786 1051 1843 Car.
1066 1784 1160 1843 xxtt.
1179 1818 1212 1827 -
1228 1786 1379 1860 Dejajnnic
1391 1788 1517 1859 Qantaor
1530 1789 1711 1873 Temperans.

983 1964 1106 2035 Quatuor
1129 1966 1232 2037 jejunia
1265 1965 1371 2022 initium
1401 1974 1465 2022 sunt
1500 1968 1750 2041 quadragesimalis

946 2051 1079 2122 temporis
1094 2069 1101 2105 :
1118 2051 1247 2107 denarius
1263 2068 1392 2107 numerus
1407 2060 1490 2107 totam
1509 2052 1680 2125 disciplinam
1695 2070 1749 2112 no-

947 2148 1033 2197 stram
1046 2140 1176 2205 continet,
1191 2156 1253 2211 qua
1274 2141 1338 2196 talis
1362 2150 1404 2196 est
1425 2149 1455 2196 ut
1478 2148 1618 2198 creatura·
1630 2146 1748 2201 cremori

947 2229 1060 2286 serviat.
1080 2230 1195 2285 Creator
1209 2230 1284 2285 Deus
1298 2228 1397 2286 colitur
1410 2229 1439 2284 in
1453 2230 1684 2301 tribuspersonis3
1701 2248 1748 2289 co·

945 2318 1010 2373 litut·
1023 2318 1058 2373 ab
1072 2318 1164 2373 animo
1177 2318 1223 2390 qni
1238 2334 1299 2373 eum
1315 2316 1404 2391 diligit
1418 2334 1452 2373 ex
1465 2318 1628 2385 totocorde,
1649 2336 1681 2376 en
1691 2328 1748 2377 tota

946 2406 1048 2475 anima,
1064 2421 1101 2462 en
1114 2412 1175 2462 tota
1188 2406 1305 2474 virtute;
1320 2406 1367 2463 cui
1380 2423 1483 2478 corpus
1498 2407 1642 2477 subiicitur
1652 2409 1686 2465 ad
1698 2426 1746 2466 re·

90 2497 160 2553 Ctr.
179 2498 257 2555 xxt.
272 2502 890 2575 ·-Detcmporcsccrascrdineaconserendi.
945 2496 1077 2569 gendum,
1093 2503 1256 2568 ⁰¹q1¹³l⁰⁰r
1276 2494 1418 2553 elementis
1441 2496 1628 2568 tompfflilttm
1651 2496 1680 2553 id
1703 2505 1747 2555 etl

945 2584 1046 2652 calido,
1062 2583 1146 2651 sicco,
1163 2584 1274 2657 frigido,
1286 2584 1412 2640 humido.
1427 2583 1505 2654 Quod
1518 2585 1622 2642 sibene
1642 2587 1746 2644 rexerit

124 2667 270 2723 Sabbatum
296 2668 441 2725 duodecim
464 2668 610 2726 lectionum
634 2686 688 2727 non
719 2680 833 2745 propter
853 2681 891 2729 tot
944 2668 996 2723 tria
1010 2667 1120 2734 animae,
1145 2675 1263 2739 quatuor
1288 2667 1424 2738 corporis,
1449 2682 1511 2739 quse
1528 2666 1595 2724 fiunt
1617 2678 1744 2739 septem,

88 2755 232 2821 lectiones,
258 2754 307 2811 sed
319 2766 432 2827 propter
447 2758 591 2815 duodecim
600 2760 718 2817 lectores
730 2761 885 2818 dicabatur.
945 2756 1069 2811 subditur
1093 2757 1174 2812 homo
1198 2755 1325 2823 creatori,
1351 2764 1378 2809 el
1405 2764 1469 2811 sunl
1489 2756 1598 2812 decem·
1621 2755 1745 2826 Quctuor

88 2846 142 2901 Sex
158 2844 230 2901 enim
246 2852 307 2901 sunt
324 2845 465 2913 lectiones,
482 2865 543 2920 qnae
555 2850 589 2904 ab
613 2848 733 2922 antiquis
760 2851 890 2907 Romanis
944 2846 1118 2917 temporibus
1132 2861 1221 2899 annus
1235 2843 1365 2911 volvitur,
1382 2861 1458 2911 rere,
1473 2852 1579 2912 astate,
1601 2855 1740 2916 autumno,

88 2930 186 2985 Craece
202 2937 230 2983 et
243 2926 335 2984 Latine
356 2928 533 3003 legebantur.
548 2934 578 2988 ln
588 2935 767 3005 temporibus,
779 2936 889 3007 qnando
943 2934 1034 2989 hieme
1058 2952 1065 2988 :
1091 2934 1150 2989 haec
1171 2941 1288 3004 quatuor
1310 2941 1436 3003 tempora
1454 2933 1544 2989 solent
1558 2950 1609 3006 per
1623 2933 1742 2992 delecta·

86 3019 197 3089 agimus
221 3016 366 3074 duodecim
400 3020 551 3091 lectiones,
586 3022 706 3079 solemus
742 3017 1762 3113 jejunare,CmentasuanosrarocareabnmoreCreatcrisCucde,

86 3106 195 3162 etiamst
221 3107 393 3177 pervenerint
408 3108 541 3165 inautava
559 3113 752 3179 Pentecostes3
777 3112 886 3185 quando
941 3108 1161 3177 rejejnnandun
1186 3107 1281 3163 estin
1306 3122 1470 3180 unoquoque
1494 3115 1629 3178 ternpore,
1644 3116 1673 3165 nt
1692 3126 1743 3166 no·

85 3194 243 3251 celabratur
256 3194 389 3251 festivitas
404 3197 571 3269 septiformis
586 3201 707 3270 Spiritus
721 3210 747 3257 et
761 3204 887 3275 neophy-
941 3204 998 3252 stra
1012 3206 1131 3269 quatuor
1143 3197 1281 3251 elementa
1294 3196 1464 3269 castigentur
1481 3211 1487 3250 :
1503 3212 1540 3252 ne
1555 3212 1572 3251 a
1594 3196 1742 3254 dilectione

85 3295 188 3349 torum,
206 3282 351 3340 duodecim
376 3286 508 3343 lectiones
521 3297 628 3359 oportet
643 3306 693 3347 nos
707 3289 846 3347 inchoare.
865 3294 887 3349 Α
942 3287 1036 3341 mundi
1059 3285 1259 3355 subripiantur.
1288 3286 1351 3356 lpsa
1376 3285 1449 3341 enitn
1473 3292 1589 3357 quatuor
1602 3285 1743 3352 elementa

84 3382 209 3443 tempore
223 3371 307 3443 primi
323 3374 424 3429 mensis
439 3375 467 3431 in
482 3376 627 3434 duodecim
638 3378 809 3444 lectionibus,
822 3396 888 3436 con·
942 3374 1094 3447 conjuncta
1107 3380 1168 3429 sunt
1192 3375 1220 3428 in
1243 3389 1294 3429 sna
1308 3381 1412 3429 natura
1434 3382 1551 3446 quatuor
1572 3376 1743 3446 temporibus

86 3461 205 3518 sacratio
220 3474 363 3515 sacrorum
387 3463 514 3519 ordinum
538 3466 709 3537 celebratnr;
733 3468 791 3539 ipsa
814 3469 885 3524 enim
942 3463 1019 3519 anni.
1048 3462 1102 3517 Ver
1124 3470 1166 3517 εει
1188 3461 1294 3519 calidus
1308 3468 1336 3517 et
1348 3462 1487 3519 humidus.
1511 3464 1591 3520 tneo
1610 3463 1745 3521 iaciemus

85 3548 295 3605 consecratione
327 3549 380 3606 hoc
407 3552 559 3624 agitur,„ut
580 3556 662 3611 homo
691 3555 748 3611 Deo
774 3558 887 3627 conjun·
941 3568 1025 3606 unum
1050 3551 1192 3620 jejunium,
1215 3558 1246 3605 nt
1265 3550 1429 3606 elementum
1452 3551 1576 3608 humoris
1594 3553 1744 3627 castigatur

85 3647 179 3711 gutur.

118 3754 205 3809 Primi
213 3754 328 3825 apostoli
344 3771 452 3827 semper
467 3755 494 3811 in
512 3759 656 3817 Decembri
672 3778 775 3829 mense,
792 3764 886 3836 inquo

83 3842 213 3897 nativitas
235 3842 343 3899 Domini
367 3844 532 3916 celebratur,
561 3852 779 3906 consecrationes
804 3852 885 3907 mini-

83 3932 225 3985 strabant:
244 3948 299 4003 quo
319 3943 495 3991 consecratos
518 3938 677 4011 propinquis
696 3940 794 3995 Christi
819 3956 883 3997 cor-

83 4020 144 4091 pori
164 4020 380 4092 conjungebant.
412 4024 462 4079 Per
484 4036 539 4081 tres
555 4026 746 4085 enim‘tessera
764 4029 884 4087 decades

82 4110 221 4163 annuales
230 4107 296 4163 irunt
306 4109 486 4167 hebdomada
498 4116 681 4189 qnadraginta
691 4118 751 4175 duae
763 4136 770 4172 :
783 4126 821 4174 tot
831 4134 883 4191 ge—

80 4197 237 4253 nerationes
252 4198 403 4255 secundum
421 4201 564 4259 ldnthaenm
574 4204 673 4260 Christi
685 4222 788 4263 cumeo
799 4216 881 4271 sunt;
938 4256 944 4267 .

81 4284 216 4341 lutetiam
232 4283 412 4343 hebdomadae
427 4288 602 4347 inveniuntur
615 4310 631 4348 a
655 4295 744 4365 prima
767 4296 882 4353 Sabbati

80 4374 163 4446 primi
185 4374 288 4429 mansis
311 4391 397 4447 nsque
420 4378 456 4432 ad
485 4389 609 4451 quartam
640 4383 748 4439 Sabbatl
780 4386 920 4457 decimiD

80 4464 195 4523 mensis.

116 4582 296 4641 Consecratio
310 4587 398 4657 prima
412 4586 567 4643 celebratur
582 4586 672 4658 prima
687 4588 800 4643 Sabbati
820 4590 880 4661 pri-

79 4670 117 4723 mi
141 4672 343 4747 mensiszqutn
371 4674 449 4747 quasi
483 4676 509 4729 in
540 4675 602 4731 loco
628 4677 745 4733 Abrabae
766 4686 881 4749 generat

79 4753 229 4820 Christum,
251 4772 301 4827 per
325 4774 409 4829 qnam
442 4758 639 4815 benedicuntur
662 4775 757 4815 omnes
772 4770 878 4833 gentes.

80 4843 143 4911 lpsa
159 4846 331 4901 consecratio
357 4854 479 4919 tempore
510 4848 585 4902 verni
610 4846 781 4915 celebratur,
808 4850 881 4921 quod

78 4938 186 5001 tempus
196 4932 285 4989 habile
297 4941 397 5006 estpro
407 4933 609 4991 creationibus.
625 4936 692 4991 Nam
705 4946 730 4993 et
741 4937 881 4993 Abraham

79 5019 161 5075 tertia
176 5028 256 5077 aetate
271 5022 353 5093 hujus
369 5022 462 5077 ntundl
478 5022 566 5079 lactus
580 5024 646 5091 lnit3
663 5042 724 5097 qnae
734 5035 800 5083 aetas
810 5028 880 5083 ado·

78 5104 220 5164 lescentiae
233 5120 407 5181 comparatur
421 5128 481 5183 quae
496 5112 595 5168 habilis
609 5121 650 5169 est
664 5116 838 5188 generationi
850 5116 880 5170 lr-

78 5194 195 5251 liorum.

941 3638 969 3693 in
1002 3639 1081 3695 nobis
1104 3656 1111 3692 ε
1137 3638 1291 3695 εοιιεειιιίει
1318 3637 1395 3695 tatse
1432 3637 1627 3710 pulchritudini
1650 3644 1737 3699 veris.

940 3728 981 3783 Ex
1004 3729 1118 3783 humore
1146 3735 1173 3783 et
1193 3728 1285 3783 calore
1308 3728 1429 3784 nascitur
1451 3727 1623 3799 pulchritudo
1650 3739 1739 3789 terrae.

940 3817 1030 3871 AEstas
1044 3816 1119 3872 sicca
1132 3823 1173 3871 est
1187 3824 1214 3870 et
1228 3815 1327 3883 calida,
1343 3815 1372 3870 in
1395 3831 1449 3887 qno
1472 3815 1586 3873 alterum
1605 3816 1738 3887 jejunium

938 3904 1066 3971 tacimus,
1083 3912 1112 3959 ut
1125 3903 1275 3977 castigetur
1297 3903 1462 3959 elementum
1476 3904 1576 3960 caloris
1590 3906 1618 3961 in
1642 3906 1737 3978 nobis;

938 4006 973 4045 nc
988 3990 1143 4045 consentiat
1157 3986 1284 4044 incendio
1298 3987 1414 4043 carnali.
1434 3988 1590 4043 Autumnus
1605 3988 1738 4064 esttrigi-

938 4079 990 4133 dns
1010 4085 1035 4133 at
1060 4077 1160 4143 sicana,
1176 4077 1205 4131 in
1226 4092 1280 4149 quo
1296 4076 1406 4133 tertium
1432 4076 1461 4131 tit
1471 4076 1618 4151 ieiunium,
1635 4095 1670 4136 nc
1684 4078 1737 4137 ali-

938 4182 994 4239 quo
1015 4167 1148 4239 languora
1179 4166 1262 4222 animi
1283 4180 1453 4233 arescamus,
1477 4182 1511 4223 ac
1530 4166 1682 4225 defluamus
1710 4177 1737 4226 el

937 4256 1107 4313 inveniamur
1124 4255 1185 4312 sine
1198 4255 1366 4329 pinguedine
1379 4256 1432 4313 olei
1443 4255 1469 4311 iu
1487 4264 1590 4315 aeterno
1604 4258 1736 4315 lahama·

937 4354 1012 4408 culo.
1032 4351 1139 4407 Etenim
1154 4351 1201 4408 illo
1219 4360 1342 4425 tempore
1364 4368 1576 4428 congregamus,
1592 4354 1686 4427 quoin
1697 4354 1737 4412 iu-

935 4449 998 4497 turo
1012 4439 1142 4496 truamur.
1157 4440 1287 4510 Quanum
1299 4441 1430 4511 jejunium
1445 4441 1475 4497 iit
1493 4442 1521 4497 in
1544 4442 1652 4511 hieme,
1676 4462 1738 4519 quae

936 4538 978 4586 est
992 4530 1093 4603 frigida
1107 4538 1134 4585 et
1148 4529 1277 4596 humida;
1294 4546 1327 4585 ne
1341 4531 1465 4587 membra
1478 4540 1575 4588 nostra
1588 4533 1663 4589 fluxu
1676 4535 1736 4609 sol-

936 4627 1039 4674 vantur
1051 4626 1133 4689 atque
1148 4619 1211 4673 luxu
1223 4618 1252 4674 in
1266 4619 1520 4687 comessationibus,
1537 4628 1565 4677 et
1587 4623 1734 4693 potationi-

935 4708 997 4774 bus,
1013 4716 1095 4779 atqne
1111 4708 1222 4777 perhoc
1235 4724 1311 4763 amor
1326 4709 1375 4764 Dei
1391 4708 1562 4782 negligatur.
1582 4707 1651 4778 Quia
1666 4726 1734 4784 ergo

935 4799 1053 4863 quatuor
1067 4800 1193 4863 tempora
1208 4791 1458 4862 sosimpediuntab
1468 4808 1562 4847 amore
1572 4793 1732 4861 caelestium,

935 4879 1042 4936 scilicet
1056 4880 1227 4948 matutinum,
1255 4879 1445 4945 meridianum,
1469 4881 1665 4950 vespertinum,
1688 4898 1735 4938 no-

934 4978 1059 5025 cturnum
1076 4987 1083 5024 t
1099 4985 1150 5039 per
1169 4971 1228 5026 haec
1242 4969 1314 5024 enim
1329 4968 1449 5042 qnotidie
1463 4969 1500 5024 ab
1511 4983 1603 5024 amore
1613 4978 1735 5026 aeterno-

933 5074 996 5112 rum
1020 5058 1201 5125 retrahimur3
1224 5058 1298 5113 unde
1320 5057 1351 5112 in
1374 5071 1542 5129 unoquoque
1559 5056 1662 5126 ieiunio
1677 5066 1734 5116 tres

933 5146 994 5203 dies
1007 5156 1088 5211 sunt;
1105 5147 1166 5218 qnia
1181 5146 1393 5218 unumquodque
1417 5154 1526 5216 ternpus
1546 5152 1604 5201 tres
1623 5162 1733 5207 menses

933 5235 1026 5302 habat,
1048 5251 1100 5306 pro
1122 5250 1286 5307 unoquoque
1303 5250 1396 5291 mense
1419 5233 1523 5308 singuli
1547 5234 1606 5290 dies
1627 5235 1733 5307 jejunio

114 5312 244 5369 Secunda
258 5316 432 5371 consecratio
447 5324 488 5371 est
504 5317 530 5371 in
545 5324 641 5389 quarto
657 5335 750 5377 mense
759 5324 880 5380 secunda
933 5332 1140 5381 consecrantur.
1158 5321 1228 5391 Quia
1244 5339 1310 5380 vero
1325 5323 1487 5396 quotidiana
1500 5331 1673 5394 paccatanos
1683 5340 1734 5399 ag-

78 5398 203 5467 Snbbati,
220 5403 293 5473 qnod
306 5412 348 5459 est
362 5405 466 5459 initium
481 5406 594 5461 secundi
609 5408 728 5480 catologi
745 5418 879 5481 quatuor·
933 5421 1057 5485 gravant,
1071 5428 1125 5468 non
1140 5410 1239 5469 sufficit
1253 5428 1334 5468 unum
1345 5412 1479 5483 jejunium
1493 5428 1543 5484 per
1557 5429 1639 5468 unum
1648 5416 1734 5485 quod·

78 5488 166 5543 decim
181 5488 432 5547 hebdomadarum.
447 5494 510 5551 llaec
522 5499 665 5564 deputatur
675 5496 701 5551 in
713 5497 877 5569 locoDavid,
933 5517 988 5573 que
1003 5510 1109 5571 tempus
1122 5519 1129 5556 ε
1141 5516 1174 5557 ac
1183 5509 1330 5571 propterea
1344 5502 1564 5574 quadragesimae
1574 5510 1684 5575 tempus
1693 5503 1734 5560 in.

78 5577 123 5649 qui
144 5578 290 5645 prostravit
304 5580 420 5650 Goliam,
437 5582 463 5637 id
487 5592 529 5638 est
553 5583 689 5640 humilitas
712 5589 877 5658 superbiam.
932 5590 1069 5654 ducimus,
1086 5606 1140 5661 quo
1155 5590 1434 5662 quotidianapeccsta
1448 5589 1617 5664 affliguntur.
1638 5592 1732 5649 Dena-

78 5662 136 5733 Qui
145 5676 449 5739 consecrantur,mann
459 5670 545 5729 lortes
560 5673 672 5745 sintper
686 5675 876 5748 humilitatem,
933 5679 989 5735 rius
1012 5696 1019 5733 ε
1045 5678 1092 5751 qui
1115 5677 1233 5749 pertinet
1256 5678 1292 5735 ad
1313 5678 1486 5752 disciplinam
1512 5688 1644 5746 nostram,
1667 5696 1736 5753 qua·
