3942 6067
204 218 257 276 bl'l
476 213 625 273 Honorati
644 213 895 273 nbubstobbtt.
916 211 1005 270 OPP.
1026 212 1117 269 PARS
1136 212 1158 270 l.
1178 241 1213 253 -
1232 208 1371 268 brbasc.
1391 209 1437 265 itt
1455 207 1594 267 tttstott.
1801 211 1854 268 ιιι

209 363 221 391 r
243 346 272 400 et
285 339 373 400 oculis
388 358 396 411 ;
409 347 438 398 nt
452 341 524 398 enim
539 339 638 398 dicitur
650 339 685 396 ab
699 353 747 396 ore
760 339 876 413 regula,
899 337 1051 397 ostenditur
1073 337 1124 394 sub
1147 336 1234 394 oeulis
1252 337 1280 392 iu
1304 335 1402 410 figura.
1429 334 1627 392 tlstbematicia
1649 341 1712 392 aunt
1737 342 1853 409 quatuor

209 435 220 460 r
242 413 350 485 species
366 429 373 468 r
390 411 570 478 arithmetica,
584 409 698 478 musica,
714 411 874 483 geometria,
892 409 1068 466 astronomis.
1083 409 1198 481 Physica
1212 422 1278 465 vero
1293 407 1328 463 de
1343 407 1449 463 naturis
1463 413 1490 463 et
1504 405 1741 478 complexionibus
1756 421 1854 478 corpo·

209 503 221 534 i
243 499 304 540 rum
319 491 369 551 est,
384 483 481 556 physis
496 483 568 540 euim
583 487 625 537 est
639 489 745 536 natura.
766 480 874 537 liusicai
888 489 956 536 sunt
970 480 1077 552 species
1089 488 1145 536 tres
1161 498 1168 534 z
1185 477 1412 545 instrumentalis,
1430 475 1576 545 mundana,
1593 477 1721 533 bumana.
1747 478 1852 533 lustru-

209 573 222 606 ι
246 554 372 611 mentalis
385 562 441 608 tres
457 569 464 609 :
481 551 587 618 melica,
604 550 724 618 metrica,
740 551 877 608 rithmica.
896 550 1000 608 bielioae
1015 558 1093 606 tras:
1110 550 1256 616 diatonica,
1272 548 1461 612 enarmonion,
1477 548 1640 604 cromatica.
1670 549 1711 605 De
1724 548 1853 605 omuibus

211 645 224 673 s
245 623 329 696 igitur
340 623 444 679 artibus
457 623 484 678 in
500 622 551 678 hoo
565 636 651 693 opere
664 621 766 702 aliquid
780 620 953 690 continetur3
969 620 1004 677 de
1018 621 1140 691 panotios
1153 621 1181 676 in
1196 619 1421 691 recapitulatione
1435 617 1568 701 positivae
1573 618 1690 691 justitiis
1701 638 1709 686 i
1722 619 1758 676 de
1772 619 1853 699 theo·

212 715 223 740 r
245 693 330 768 logia.
347 693 393 748 ubi
408 691 442 747 de
457 691 599 757 efficiente,
617 690 723 747 lorinali
736 700 762 746 ει
777 689 848 746 finali
864 706 946 748 caiisa
961 691 1055 746 mundi
1070 690 1145 748 etde
1158 691 1246 746 anima
1261 689 1355 745 mundi
1369 690 1507 761 loquitur;
1522 689 1570 744 ubi
1584 703 1652 744 vero
1674 689 1710 746 de
1730 705 1854 745 numeria

212 785 223 812 i
245 771 272 819 et
290 762 520 835 proportionibus,
536 763 570 818 de
585 762 795 830 mathematica;
812 761 858 818 ubi
873 777 938 818 vero
953 761 990 818 de
1001 769 1120 833 quatuor
1142 761 1286 818 elementis
1304 769 1331 817 et
1352 760 1489 816 creatione
1511 759 1684 828 animalium,
1699 767 1725 816 et
1739 760 1775 816 de
1789 762 1855 831 pri·

212 855 223 882 ι
244 833 370 890 mordiali
383 832 505 901 materis,
540 833 651 904 hysicae.
668 832 772 887 Titulus
795 833 855 888 talis
880 839 922 888 est
937 849 944 886 :
960 854 971 880 ε
990 831 1087 903 lucipit
1108 831 1246 887 Thimenos
1267 829 1404 896 Platonis,
1429 829 1518 886 dictus
1540 831 1695 901 aquodam
1716 815 1853 902 uisenda

212 925 223 951 s
246 919 306 960 suo.
324 925 335 952 i
351 903 410 958 llos
424 903 496 957 euim
514 849 624 958 ignium
639 901 687 956 luit
701 901 837 957 intitulare
852 901 1022 958 voluminaa
1041 901 1197 958 nominibus
1211 901 1426 973 discipulorum
1446 907 1477 956 ut
1498 899 1635 956 conferret
1654 901 1787 957 bonorem
1810 901 1854 958 di·

211 997 222 1021 s
245 973 358 1044 scipulo,
374 980 404 1027 ut
418 980 443 1027 ει
458 973 555 1028 vitaret
576 973 771 1044 arrogantiam,
786 980 812 1028 ει
826 980 855 1027 ιιι
869 973 1043 1028 subtraheret
1063 972 1169 1028 aemulis
1191 973 1365 1029 occasionem
1387 970 1618 1042 reprehendendi.
1648 970 1698 1027 Vel
1710 971 1853 1028 Thinissut

210 1065 222 1090 i
244 1043 333 1098 dietus
347 1050 388 1097 εει
402 1043 481 1113 quasi
496 1042 546 1098 ilos
562 1059 569 1098 :
586 1042 679 1098 thimio
694 1043 753 1112 (aie)
769 1043 840 1098 enim
855 1050 899 1099 est
911 1042 1013 1111 llore03
1030 1043 1094 1114 quis
1107 1042 1135 1097 iu
1157 1058 1191 1098 eo
1205 1050 1247 1098 est
1267 1042 1318 1098 iios
1340 1040 1532 1112 philosophiae.
1549 1042 1697 1109 lsocrstes,
1711 1050 1767 1099 etc.
1784 1041 1855 1097 Thi·

211 1134 223 1160 s
244 1127 328 1169 maeus
339 1111 464 1168 Platonis
477 1111 524 1168 diu
538 1111 655 1169 difficilis
667 1113 776 1168 habitus
792 1120 850 1177 esti
867 1128 920 1170 uon
935 1113 997 1184 quia
1011 1121 1067 1168 tam
1082 1111 1217 1183 perlectus
1228 1121 1325 1168 auctor
1338 1112 1443 1194 aliquid
1456 1112 1579 1168 obscure
1586 1111 1710 1181 dixisset,
1722 1113 1773 1170 scd
1786 1112 1854 1184 quia

210 1204 222 1232 i
244 1183 363 1239 lectores
377 1181 542 1264 ignorabant
556 1190 628 1237 artes
642 1197 757 1254 quarum
773 1197 806 1238 ex
821 1182 984 1240 necessitate
998 1182 1064 1239 iecit
1077 1183 1251 1238 mentionem.
1268 1183 1337 1239 Cum
1351 1197 1425 1238 enim
1437 1182 1474 1237 de
1485 1182 1624 1238 creatione
1638 1182 1734 1238 muudi
1746 1189 1851 1258 ageret,

211 1273 223 1300 i
244 1252 280 1309 de
293 1252 410 1309 dirersis
424 1252 528 1308 artibus
543 1251 709 1309 mentionem
725 1252 815 1309 iacere
829 1253 959 1324 oportuit.
972 1252 1049 1322 juxta
1067 1253 1283 1324 uniuscujusque
1298 1253 1479 1324 proprietates
1492 1251 1667 1323 probationes
1681 1252 1851 1310 inducendo.

212 1343 224 1370 r
245 1325 295 1380 Est
308 1321 391 1394 igitur
403 1322 546 1394 ignoratus
559 1339 575 1376 a
589 1322 690 1378 Latinis
703 1338 791 1394 nsque
804 1322 841 1377 ad
858 1331 964 1394 tempus
979 1322 1039 1378 Osii
1054 1338 1143 1395 papas,
1158 1323 1204 1395 qui
1218 1338 1281 1379 cum
1300 1323 1385 1378 sciret
1398 1322 1425 1377 in
1440 1337 1475 1377 eo
1490 1321 1574 1377 multa
1598 1322 1684 1376 uuilia
1707 1337 1760 1380 nec
1786 1322 1851 1379 fidei

211 1414 223 1442 i
244 1393 379 1450 contraria
393 1393 535 1458 contineri,
552 1392 660 1464 rogavit
674 1392 842 1450 chalcidium
857 1392 1077 1449 archidiaconum
1092 1409 1186 1459 suurn,
1203 1393 1231 1447 iu
1245 1401 1305 1448 utra
1325 1407 1358 1448 ue
1373 1392 1466 1464 lingua
1514 1391 1606 1458 rituam
1619 1401 1650 1448 ut
1663 1394 1698 1448 de
1713 1393 1810 1449 Graeco
1824 1393 1853 1448 in

211 1483 223 1510 r
246 1463 370 1518 Latinum
383 1461 451 1518 iilud
466 1461 638 1518 transferret.
657 1463 738 1531 Cujus
751 1463 903 1520 auctoritati
918 1462 1052 1519 obediens
1067 1463 1170 1534 primas
1183 1471 1278 1533 partes
1292 1410 1365 1518 illius
1377 1470 1484 1518 transtu
1496 1460 1528 1516 it.
1558 1462 1612 1519 Sed
1627 1462 1690 1532 quia
1705 1462 1855 1536 ignorabat

211 1555 224 1581 i
245 1539 334 1588 utrum
349 1531 469 1604 placeret
482 1547 517 1588 aii
532 1548 603 1602 non,
620 1531 693 1588 misit
707 1532 742 1588 sd
757 1533 831 1588 illum
845 1540 874 1589 ut
888 1533 923 1590 de
936 1533 992 1588 illis
1002 1533 1153 1604 iudicaret,
1169 1542 1207 1600 nt,
1224 1532 1248 1588 si
1262 1532 1410 1604 placerent.
1424 1547 1488 1589 cum
1502 1533 1600 1600 majori
1616 1533 1730 1590 audacis
1753 1541 1853 1590 cratera

213 1625 224 1651 i
246 1601 457 1676 aggrederetur.
483 1603 516 1657 Et
531 1602 659 1674 quonium
674 1601 798 1659 difficiles
812 1612 891 1659 erant
906 1603 940 1658 ad
955 1603 1173 1677 intelligendum,
1189 1617 1273 1674 super
1286 1603 1348 1658 illas
1363 1613 1546 1660 commentum
1560 1601 1638 1669 ierit,
1654 1611 1682 1659 et
1696 1619 1760 1660 oiim
1775 1611 1852 1674 parte

213 1695 224 1720 a
247 1673 378 1728 translata
392 1680 419 1728 ει
432 1680 587 1729 commento
601 1673 650 1728 has
664 1673 768 1729 litteras
782 1674 864 1740 misit,
881 1689 997 1746 quarum
1011 1673 1177 1731 continentia
1191 1674 1250 1730 baec
1265 1681 1315 1728 εει.
1341 1674 1370 1728 lu
1395 1671 1531 1798 principio
1550 1683 1662 1728 excusat
1676 1689 1706 1728 εε
1720 1675 1755 1730 de
1769 1674 1852 1747 igno-

212 1765 224 1790 r
245 1743 345 1807 santia,
360 1749 454 1814 postea
468 1751 561 1814 captat
573 1743 633 1812 ejus
647 1743 883 1827 beneuolentiam3
906 1743 1006 1801 deinde
1026 1744 1146 1802 ostendit
1166 1759 1252 1816 quare
1276 1751 1362 1799 totiim
1385 1742 1464 1799 iluna
1484 1757 1540 1800 uon
1560 1743 1711 1810 transtulit,
1728 1752 1756 1800 ει
1768 1759 1853 1818 quare

211 1835 223 1862 α
244 1813 619 1966 {uffmaebgfirgatdaflflgrtgg
632 1814 907 1942 ffiffilstubniliifigicllils'
918 1900 961 1967 res
974 1892 1032 1942 erit
1055 1884 1206 1942 transferre
1229 1884 1329 1967 librum
1348 1882 1475 1966 ⁸Plu-tonis
1496 1883 1532 1940 da
1551 1884 1652 1966 iissem
1665 1883 1693 1940 in
1707 1883 1851 1967 latinumi

211 1975 223 2000 e
244 1953 295 2009 sad
308 1961 398 2010 virtus
413 1960 458 2008 tua
471 1959 499 2009 et
514 1963 631 2011 amicitia
645 1955 709 2012 iecit
724 1971 783 2012 eam
798 1956 864 2012 mibi
877 1955 998 2012 iaeilem.
1012 1956 1066 2012 Sed
1082 1955 1118 2012 sd
1133 1957 1186 2014 lico
1200 1955 1311 2036 qmdeni
1320 1955 1521 2026 aliquisposset
1531 1952 1629 2012 dicere
1642 1953 1791 2012 :Potestne
1801 1973 1854 2011 mr-

211 2046 223 2070 i
244 2031 288 2080 ιιιε
308 2025 359 2080 hcc
373 2023 487 2080 lacere‘i
515 2022 619 2080 Probat
632 2025 758 2097 quidam.
769 2066 794 2084 ..
812 2027 971 2083 auctoritate
987 2027 1126 2092 isocratis,
1140 2027 1181 2082 sic
1195 2027 1291 2084 dicens
1313 2025 1448 2082 isocrates
1463 2043 1471 2081 ε
1487 2025 1620 2081 isocrates
1650 2024 1697 2082 iile
1712 2027 1804 2083 rhetor
1817 2027 1862 2084 de.

211 2115 223 2142 i
245 2109 299 2166 quo
313 2093 341 2149 iu
352 2093 489 2150 rhetorica
502 2092 612 2168 legitur,
628 2097 660 2152 in
674 2097 929 2154 dehortationibus
943 2098 1013 2165 suis,
1025 2097 1053 2153 id
1067 2105 1109 2154 est
1122 2097 1150 2152 iu
1166 2112 1199 2154 eo
1213 2096 1284 2154 libro
1296 2096 1340 2154 sic
1353 2104 1460 2159 nocato,
1472 2096 1595 2152 muduns
1608 2097 1754 2163 ιιινιιιιειιι,
1766 2097 1853 2153 virtus

210 2183 223 2214 i
243 2171 285 2220 cst
298 2163 406 2220 habitus
426 2163 509 2220 animi
527 2165 609 2222 modo
623 2175 728 2224 nature
743 2167 840 2223 rationi
853 2177 1068 2235 consentaneus,
1084 2169 1162 2224 uiris
1179 2189 1191 2219 i
1206 2183 1294 2240 penes
1312 2183 1375 2223 cum
1390 2167 1553 2237 (uirtutem)
1567 2167 1721 2224 coadstans
1737 2183 1854 2224 couscm

210 2253 222 2284 i
246 2235 334 2290 totius
347 2236 563 2307 prosperitatis.-
573 2258 584 2284 i
596 2251 633 2292 es
643 2237 742 2294 virtute
756 2238 829 2293 enim
839 2238 927 2294 omnis
942 2238 1117 2310 prosperitas,
1128 2238 1202 2309 quis,
1214 2247 1242 2292 ut
1253 2235 1351 2320 probat
1361 2237 1499 2301 Boethius,
1513 2236 1606 2294 omnia
1616 2253 1679 2310 que
1687 2239 1854 2311 contingunt

210 2324 222 2352 s
240 2303 319 2360 bouis
339 2301 412 2359 bona
425 2312 502 2370 sunt;
514 2321 574 2378 quae
586 2319 651 2362 vero
661 2307 740 2362 malis
749 2307 819 2363 mala
828 2316 910 2374 sunt;
921 2317 948 2366 et
958 2308 1081 2364 omnium
1096 2309 1241 2374 bonomm,
1255 2308 1282 2363 id
1294 2316 1336 2364 est
1344 2305 1536 2379 temporalium
1546 2315 1574 2362 et
1583 2315 1759 2365 eternorum.
1771 2309 1852 2380 (Sic.)

209 2392 221 2422 i
243 2375 351 2430 Etcum
367 2373 425 2430 haec
439 2374 552 2441 diceret,
565 2375 671 2432 addidit
684 2391 745 2432 eam
759 2379 909 2448 (virtutem)
930 2377 1017 2435 solam
1031 2395 1096 2436 esse
1110 2395 1172 2452 quie
1184 2379 1323 2451 redigeret
1344 2378 1380 2433 sd
1403 2375 1562 2449 possibilem
1575 2377 1749 2444 facilitatemi
1763 2379 1793 2435 id
1811 2387 1855 2434 εει

210 2465 222 2490 s
244 2442 345 2500 iaceret
359 2443 454 2524 lucilas
469 2460 514 2501 res
530 2445 726 2518 impossibiles,
737 2463 792 2504 nou
806 2457 907 2505 natura
921 2449 973 2505 ssd
988 2466 1050 2506 usu.
1067 2451 1100 2506 Et
1113 2465 1148 2504 ue
1162 2457 1272 2520 putaret
1285 2449 1322 2504 ali
1343 2448 1385 2504 oia
1399 2464 1461 2504 euni
1475 2449 1619 2504 meantum
1633 2463 1697 2506 esse
1709 2450 1854 2531 subjungit

210 2535 221 2562 ι
242 2512 385 2586 preclare,
398 2513 426 2570 id
441 2521 484 2570 est
497 2523 590 2587 aperte
604 2523 631 2573 et
644 2533 708 2576 sere
721 2533 727 2572 :
741 2519 813 2588 Quid
826 2521 915 2576 enim.
931 2519 1036 2576 Probat
1050 2519 1124 2591 quod
1135 2520 1227 2576 uirtuti
1237 2536 1280 2576 res
1294 2465 1411 2575 difficilis
1425 2517 1515 2574 facilis
1525 2526 1578 2583 eat,
1588 2519 1756 2578 mmoiendo
1769 2535 1853 2577 avir-

209 2605 220 2632 ε
242 2590 299 2640 tute
313 2599 348 2642 ea
362 2599 422 2670 qum
431 2593 564 2658 generant
578 2586 776 2676 difficultatem.
795 2591 861 2648 Hac
875 2597 939 2672 suut
950 2590 1035 2672 invita
1048 2591 1190 2662 incoeptio,
1205 2589 1375 2672 impatientia
1385 2588 1500 2656 laboris,
1513 2597 1542 2644 ει
1549 2589 1609 2671 ‘hoc
1622 2597 1665 2672 εει
1678 2590 1752 2672 quod
1764 2589 1830 2646 dicit
1842 2608 1852 2672 ³.

208 2675 222 2774 ε
241 2653 1160 2812 articulariaultramuralutrtunt
1169 2659 1854 2813 alatrinaieirtraluuraa

208 2816 219 2912 ἰ
240 2795 1463 2994 ,illilffbbl'bilbiliillidiumf‘ffliii·a⁵⁰bll¹i·
1477 2799 1852 2930 ”bithltttttsttt

208 2955 220 2982 a
253 2947 285 2988 aa
312 2950 341 2990 se
376 2949 450 2990 vinci
477 2951 503 2990 ra
526 2951 607 2992 iias.

208 3025 219 3052 ι
240 2975 321 3070 oilla,
337 3020 399 3076 qum
414 2953 540 3088 quaedaffu
554 3007 637 3064 uirtus
651 3016 697 3065 est
709 3009 804 3067 dicem
821 3027 827 3068 :
843 3012 941 3069 ecdem
955 3018 998 3069 cst
1012 3015 1054 3069 uis
1067 3013 1193 3070 amicitie
1208 3029 1270 3086 quae
1284 3021 1310 3068 ει
1324 3012 1433 3069 uirtutis
1447 3021 1502 3069 est.
1526 3013 1575 3068 list
1588 3012 1707 3071 amicitia
1721 3013 1852 3070 voluntis

207 3097 218 3122 ι
240 3073 373 3156 bonorum
388 3089 455 3147 erga
470 3075 588 3148 aliquem
600 3093 683 3135 causa
697 3079 769 3136 illius
783 3081 869 3153 ipsius
883 3083 929 3155 qui
943 3082 1078 3157 diligitur,
1090 3100 1153 3140 cum
1167 3085 1228 3154 ejus
1242 3084 1302 3154 pari
1317 3083 1464 3140 voluntate.
1489 3083 1608 3164 Exponit
1624 3084 1740 3156 qualiter
1756 3084 1791 3140 sit
1804 3101 1853 3140 ca·

207 3167 219 3192 i
241 3143 303 3200 dani
313 3161 364 3209 vis,
381 3152 464 3226 otest
472 3163 529 3227 pur
543 3151 709 3228 extricatio,
725 3151 753 3207 id
768 3159 810 3208 εει
821 3153 964 3225 expositio,
978 3171 1077 3210 rerum
1088 3171 1161 3228 pens
1174 3155 1402 3227 impossibilium,
1414 3152 1443 3210 id
1457 3162 1499 3210 est
1513 3153 1676 3210 difficilium.
1687 3154 1775 3212 Tricas
1787 3163 1853 3212 sunt

206 3235 219 3265 s
239 3214 355 3296 maculae
367 3221 455 3296 retis:
471 3215 535 3272 iude
549 3217 676 3298 intricare
689 3220 787 3279 dicitur·
802 3222 952 3294 involvere,
967 3224 1102 3281 extricare
1117 3225 1253 3281 evolvere.
1274 3225 1344 3282 dum
1358 3227 1445 3281 aller.
1466 3223 1609 3298 Subiungit
1624 3226 1738 3297 qualiter
1751 3226 1850 3283 amici·

207 3305 218 3332 ι
241 3293 276 3368 tia
291 3300 350 3341 rem
363 3283 500 3369 difliodein
513 3285 594 3343 iuerat
607 3287 724 3358 facilem,
739 3291 845 3350 scilicet
861 3308 924 3350 cum
938 3296 1014 3351 ulter
1026 3311 1064 3351 cx
1078 3296 1188 3362 uminis,
1205 3295 1277 3350 iuter
1290 3294 1359 3352 dnos
1374 3297 1447 3351 euim
1460 3294 1494 3350 ad
1509 3295 1600 3351 miuus
1622 3304 1664 3353 est
1684 3297 1851 3354 amicitiara

207 3377 218 3402 i
240 3369 313 3426 ipsa.
333 3355 473 3436 liobgiose
487 3373 622 3441 imperare
637 3368 678 3416 εει
692 3362 785 3418 debita
799 3371 825 3418 et
838 3364 951 3421 honesta
961 3366 1099 3436 imperare
1114 3374 1141 3422 et
1155 3365 1293 3437 possibilia
1303 3383 1310 3421 τ
1322 3366 1580 3436 adminiculentur,
1590 3366 1619 3422 id
1633 3375 1676 3422 est
1688 3367 1852 3424 subveniant

206 3435 224 3475 ε
241 3423 349 3480 effectur
363 3424 521 3508 complaciti
535 3443 641 3498 operis,
655 3430 684 3486 id
698 3440 738 3487 est
752 3432 788 3488 ad
802 3431 975 3514 allicientium
990 3437 1083 3507 operis
1093 3437 1202 3509 utrique
1217 3435 1317 3508 placiti.
1333 3437 1402 3494 dier
1416 3440 1478 3493 uoto
1491 3438 1624 3509 parcndi',
1640 3437 1667 3492 id
1682 3445 1724 3493 εει
1738 3453 1771 3493 ex
1785 3445 1849 3494 uoto

208 3518 220 3542 i
241 3503 270 3579 et
283 3495 421 3576 voluntate
436 3496 605 3578 obediendo.
619 3501 664 3582 'Ex
681 3509 743 3560 voto
758 3502 869 3560 obedire
883 3505 999 3562 estsine
1014 3523 1063 3578 spe
1075 3507 1313 3572 remunerationis,
1327 3508 1387 3563 aine
1400 3506 1542 3563 coactione
1558 3506 1672 3574 timoris,
1696 3509 1756 3564 sine
1779 3522 1849 3565 con-

207 3583 219 3682 :
237 3569 1341 3718 ιιιιιιεειιιειιειιιιιιιιιιιιεειεειιῑιι
1353 3585 1520 3702 ⁸⁸¹¹
1530 3577 1851 3718 salictarius

641 2938 722 2997 udoni
738 2945 790 2997 cst.
803 2941 922 2997 Probata
937 2942 1011 3014 quod
1027 2942 1110 2998 uirtus
1127 2943 1204 2999 iaciat
1219 2957 1278 2998 rem
1292 2941 1429 2998 difficilem
1443 2939 1561 3006 facilem,
1576 2942 1717 3000 basidem
1731 2943 1765 3000 dc
1779 2945 1854 3000 cmi·

206 3727 218 3752 a
240 3714 383 3833 antep'uam
398 3708 523 3764 ostendat
537 3657 656 3782 quiifem,
668 3728 704 3769 ne
719 3713 859 3770 videretur
873 3715 944 3771 mala
958 3720 1111 3789 conceptio,
1126 3665 1298 3775 commendat
1310 3717 1405 3774 Osium
1420 3719 1479 3775 sic:
1495 3715 1626 3775 Flos-anic
1642 3721 1772 3776 omnibus
1784 3725 1849 3776 stu-

206 3798 218 3822 ·
240 3777 309 3858 dits·
328 3779 510 3858 umcni'icli’s.
521 3778 647 3863 Studium
659 3783 858 3840 estvebemeus
871 3786 1017 3858 applicatio
1033 3790 1115 3844 animi
1130 3789 1165 3844 ad
1179 3788 1280 3862 aliquid
1294 3789 1429 3862 agendum
1444 3804 1507 3846 cum
1520 3803 1622 3862 magua
1634 3791 1781 3847 voluntate.
1795 3790 1850 3846 Sed

206 3871 217 3894 i
239 3845 329 3929 studia
342 3847 396 3928 alia
410 3850 673 3930 aunt'humanitatis,
689 3861 719 3908 ut
733 3855 871 3924 practicae,
884 3858 937 3913 alia
952 3857 1115 3927 divinitatis,
1130 3864 1162 3916 nt
1176 3860 1314 3915 theoricae.
1331 3860 1386 3915 Sed
1400 3860 1528 3916 carniste
1542 3859 1571 3914 in
1585 3860 1711 3917 omnibus
1726 3861 1850 3930 llorerct,

206 3939 218 3965 ε
239 3933 356 3998 mamma
369 3919 509 4000 inustudiis
524 3921 707 4004 humanitatis,
724 3925 789 3996 quia
803 3925 936 3983 humanus
950 3929 1034 3984 homo
1051 3939 1122 3987 erat.
1149 3929 1199 3986 Vel
1223 3930 1313 3986 studia
1335 3930 1456 3986 humans
1477 3930 1606 3986 dicuntur
1627 3934 1717 3988 omnia
1740 3947 1801 4014 qum
1814 3931 1851 3986 ab

206 4009 218 4036 i
239 3988 359 4114 ιοιοῐιιιιάιιιῐιῐει
365 3999 568 4117 εἰῗιιιιάρὲιεειιῖιι,
584 3995 724 4066 inquibus
738 3995 864 4053 omnibus
878 3997 931 4053 iste
945 3996 1076 4056 florebat.
1104 4000 1159 4057 Sed
1179 4001 1243 4072 quis
1266 4000 1385 4057 studium
1400 4001 1462 4058 sine
1476 4000 1587 4074 ingenio
1602 4015 1656 4058 non
1670 4001 1785 4071 sufficit,
1802 4017 1850 4058 se-

203 4077 218 4109 s
257 4075 272 4113 u
314 4075 330 4113 u
404 4075 421 4113 ii
479 4075 581 4116 orsu:

747 4137 803 4208 Epo
821 4151 873 4194 nec
892 4139 1020 4196 studium
1042 4139 1103 4194 rinc
1123 4139 1210 4197 diuite
1222 4157 1309 4208 uena,

205 4241 219 4276 i
239 4223 374 4302 uec'rnde
388 4223 453 4295 quid
468 4225 813 4311 possitvidoouingenium,
829 4231 905 4314 addit
920 4242 954 4315 Ιει
976 4235 1131 4308 ingenium.
1156 4237 1299 4310 Ingenium
1315 4247 1357 4296 εει
1369 4239 1497 4296 naturalis
1513 4240 1554 4297 iiis
1567 4240 1603 4297 ad
1617 4238 1721 4313 aliquid
1735 4239 1790 4298 cito
1805 4238 1850 4296 in-

205 4314 218 4339 ·
240 4290 438 4374 telligendum;
454 4296 526 4376 unde
541 4296 638 4353 dieitur
652 4314 793 4425 ingenium
816 4317 894 4384 quasi
919 4313 994 4360 intus
1007 4305 1143 4376 genitum.
1169 4309 1224 4365 Sed
1247 4310 1308 4382 quis
1328 4310 1502 4382 ingeniorum
1516 4312 1571 4368 slis
1584 4321 1650 4370 sunt
1662 4327 1784 4378 summa,
1798 4312 1852 4368 alia

205 4386 217 4411 a
240 4377 362 4443 minima,
376 4363 427 4418 alia
441 4366 542 4432 media,
558 4367 594 4422 ad
607 4384 689 4425 cumii
701 4387 745 4426 um
759 4371 849 4428 laudis
863 4374 939 4430 addit
955 4378 1121 4434 excellenti.
1135 4379 1253 4445 Deinde,
1267 4381 1459 4438 commendato
1473 4398 1516 4450 eo,
1532 4383 1652 4441 ostendit
1684 4381 1739 4440 uod
1752 4395 1852 4440 conce·

205 4439 318 4503 «perat
331 4432 441 4505 dignam
457 4452 534 4508 spem
549 4439 641 4510 operis
650 4447 798 4522 prouentu,
810 4443 838 4498 id
854 4453 895 4500 est
907 4447 1000 4514 operis
1014 4447 1139 4505 Platonis
1150 4449 1185 4506 de
1196 4449 1291 4507 Graeco
1305 4451 1332 4506 in
1347 4451 1471 4508 utinum
1504 4453 1652 4510 inventuri.
1700 4451 1851 4510 dneuide-

205 4525 218 4552 a
241 4508 315 4558 retur
329 4505 470 4586 superflua
484 4507 543 4564 liaeo
557 4509 709 4592 translatio,
721 4511 795 4593 addit
809 4517 967 4580 interstitii
983 4516 1074 4573 nullus
1089 4520 1163 4576 enirn
1173 4520 1264 4577 adhuc
1272 4523 1460 4578 transtulerat.
1470 4469 1505 4579 El}
1514 4541 1686 4597 pannonum.
1697 4522 1759 4580 Alio
1768 4523 1852 4580 modo

206 4595 219 4623 a
241 4580 332 4654 captat
344 4575 469 4700 cepusdem
485 4576 712 4650 benevolentiam,
730 4583 832 4642 seilicet
848 4589 1014 4644 remorando
1028 4589 1064 4644 ab
1078 4605 1111 4644 cii
1125 4593 1322 4663 arrogantiam.
1345 4593 1490 4660 Continuo,
1506 4595 1557 4652 boc
1571 4595 1646 4667 quod
1668 4594 1735 4650 mibi
1757 4593 1851 4663 injun-

206 4667 218 4692 ·
240 4649 346 4724 xistum
376 4661 513 4728 nusquam
528 4663 581 4722 ego
596 4666 692 4723 posses
707 4651 867 4736 lacerasti
880 4673 1042 4740 omninum
1056 4659 1107 4716 lior
1123 4663 1192 4742 ipse,
1212 4662 1241 4718 id
1261 4671 1305 4719 est
1325 4664 1397 4721 banc
1416 4664 1621 4721 translationem
1641 4680 1739 4736 posses
1762 4663 1851 4720 lacere

205 4733 219 4766 a
243 4711 360 4795 facilius,
378 4731 441 4799 quia
456 4717 562 4803 doctor,
578 4723 758 4792 commodius,
793 4741 838 4782 uis
853 4742 966 4796 maioris
989 4734 1167 4799 auctoritatis,
1188 4739 1279 4789 tamen
1293 4735 1320 4789 ei
1333 4735 1428 4805 potius
1441 4737 1579 4792 malueris
1591 4736 1752 4807 injungere,
1767 4735 1794 4790 id
1809 4743 1851 4790 est

207 4805 218 4832 r
239 4784 316 4865 mihi,
329 4801 411 4870 quens
418 4789 564 4860 iudicares
577 4791 703 4849 ollarum
718 4799 756 4860 tc,
766 4743 793 4851 ia
809 4804 851 4852 est
863 4814 945 4872 quoin
960 4805 989 4854 ut
1001 4808 1028 4854 te
1037 4799 1185 4873 diligebas.
1196 4803 1231 4858 Et
1244 4811 1359 4860 tractum
1372 4814 1438 4861 esta
1447 4805 1535 4862 Tullio
1548 4807 1595 4878 qui
1605 4805 1633 4862 lu
1643 4805 1714 4863 libro
1723 4804 1851 4862 amicitiae

205 4877 216 4903 ε
239 4853 441 4937 dioittiimacns
456 4864 668 4920 meusestnllcr
675 4879 735 4936 ego.
745 4865 854 4933 Sed,ne
868 4867 1164 4939 uidereturim'unxisse
1173 4873 1218 4928 rel
1227 4882 1338 4945 proptor·
1347 4874 1539 4947 ignorantiam,
1549 4878 1592 4932 iel
1602 4885 1716 4949 propter
1724 4875 1851 4949 indigns·

206 4947 217 4974 ι
241 4933 352 4996 ιιειιειιι,
362 4935 413 4982 ait:
423 4930 630 5010 credopropler
639 4933 836 5016 admirabilem
847 4939 1122 4998 verecundiamiiist
1137 4943 1210 4998 cuim
1224 4945 1348 5025 quaedam
1359 4947 1525 5003 verecundia
1539 4947 1620 5013 bona,
1632 4947 1758 5019 quaedam
1769 4947 1848 5002 mals.

207 5019 218 5045 s
241 4995 311 5052 hiala
325 5004 366 5122 eslt
381 5000 491 5070 quando
506 5017 534 5054 in
552 5000 625 5059 bono
647 5001 738 5086 frigidi
761 5008 863 5064 malum
886 5010 959 5091 quod
982 5011 1097 5092 lecimus
1119 5011 1246 5094 confiteri
1266 5014 1309 5070 vel
1325 5015 1462 5096 dimittere
1487 5017 1693 5098 erubescimus.;
1716 5017 1789 5100 bona
1810 5025 1854 5074 est

206 5089 217 5186 ἰ
240 5073 1454 5221 tlttttltilithittlbtttttttttttttt.tltittt.ittttttlttttt
1475 5087 1852 5240 ’ἐιιιιξξιιιιιιιιιέι

207 5229 218 5255 a
240 5221 300 5262 cum
319 5215 345 5290 te
360 5224 456 5280 posses
471 5227 615 5296 excusarei
631 5216 729 5298 probat
742 5219 815 5288 quod
830 5233 885 5300 tion
901 5229 1005 5290 posset,
1021 5230 1049 5276 ct
1063 5223 1116 5278 hoc
1129 5231 1186 5280 est:
1231 5241 1246 5281 o
1261 5228 1300 5284 lc.
1315 5240 1331 5280 ο
1345 5225 1453 5306 aliquis,
1465 5227 1519 5293 iel,
1533 5228 1621 5284 oOsi.
1632 5229 1777 5285 decusare
1786 5245 1851 5284 mu·

206 5297 218 5328 i
240 5293 304 5345 nus,
321 5277 349 5333 id
363 5287 405 5361 εει
420 5281 472 5337 hoo
487 5282 616 5363 cilicium,
632 5291 797 5367 injunctum
812 5289 878 5344 mibi
893 5307 910 5345 a
925 5295 963 5356 le,
975 5293 1166 5364 quamuisrcs,
1181 5293 1209 5350 id
1219 5302 1262 5350 est
1270 5294 1411 5352 translatio
1420 5297 1513 5368 operis
1522 5297 1596 5354 illios
1606 5304 1680 5356 essct
1688 5299 1790 5368 ardun,
1801 5315 1852 5371 ego

206 5365 218 5397 s
239 5347 273 5402 ilc
288 5363 345 5417 quo
360 5355 402 5420 ita
417 5368 547 5408 senseras
558 5353 609 5424 (sic
623 5356 697 5420 cod..
715 5357 783 5412 edit.
802 5363 952 5430 censeres),
969 5379 1050 5434 quem
1076 5373 1102 5420 te
1125 5365 1242 5421 alterum
1254 5364 1409 5437 judicabas,
1430 5383 1464 5424 ac
1487 5369 1511 5425 si
1533 5369 1636 5427 diceret
1652 5387 1659 5424 ε
1676 5385 1742 5426 ιιοε.
1756 5369 1791 5424 Et
1804 5372 1853 5442 qui

207 5438 217 5464 i
241 5430 388 5490 nunquam
400 5440 409 5476 :
420 5422 519 5502 probat
533 5423 608 5495 quod
623 5440 687 5507 nori¹
692 5435 795 5508 posset,
812 5443 843 5483 ar
865 5440 975 5489 umento
990 5448 1008 5488 a
1021 5433 1129 5500 minori,
1145 5436 1207 5507 quia
1220 5451 1272 5493 nec
1287 5437 1313 5492 iu
1327 5437 1418 5509 aliqua
1432 5455 1516 5511 parva
1529 5455 1561 5496 re
1574 5438 1706 5496 uoluntati
1719 5437 1793 5496 illius
1802 5458 1852 5508 uu·

205 5508 216 5534 i
237 5499 320 5555 quam
333 5491 548 5576 contradixerat,
565 5495 709 5578 uedumuin
722 5505 791 5579 istsi
806 5508 833 5554 et
843 5446 903 5557 qiua
914 5511 978 5560 est:
995 5512 1023 5559 et
1072 5520 1089 5561 o
1103 5507 1322 5564 contradicerem
1336 5509 1402 5566 buic
1419 5513 1521 5580 tnnlo,·
1534 5510 1571 5566 ad
1604 5510 1776 5578 uentitatem,
1787 5511 1852 5584 quia

204 5555 378 5635 ‹multama
417 5562 513 5644 avalia
528 5571 598 5634 sunt,
615 5565 756 5640 subiungit
772 5587 779 5626 ι
794 5573 896 5628 etlam
911 5573 1028 5632 honesto
1062 5576 1485 5653 esidsrloqui'nisaqunm....id
1499 5589 1539 5638 est
1553 5528 1675 5640 otfliimn
1690 5581 1727 5638 ad
1742 5588 1772 5639 te
1786 5597 1852 5653 pcr-

205 5649 216 5676 i
239 5631 345 5698 tinens;
362 5629 480 5689 odorum
496 5632 524 5690 id
539 5643 580 5692 est
593 5651 734 5712 congruus
748 5648 834 5709 actus,
848 5659 930 5717 quein
941 5645 1020 5716 iuxta
1033 5661 1124 5704 mores
1138 5655 1164 5705 ει
1178 5648 1303 5708 instituta
1314 5649 1441 5719 civitatis,
1457 5651 1502 5710 sel
1517 5654 1628 5729 exlege
1642 5652 1686 5712 sel
1702 5668 1735 5712 ex
1750 5661 1851 5710 astura
