3942 6067
111 300 165 358 stt

472 247 655 365 SPECULUM
674 296 865 361 stettein.
890 326 924 343 ·-
943 296 992 356 DE
1011 297 1062 356 SS.
1089 298 1203 359 terno
1223 300 1268 357 ΕΤ
1286 299 1413 360 PAULO.

1717 301 1770 361 978

150 480 186 545 Si
199 479 357 545 festivitas
370 482 473 545 sancti
486 480 651 547 Benedicti
665 478 698 541 in
712 478 764 543 die
777 477 941 548 Dominico
954 478 1133 559 contigerit,
1151 479 1198 543 sie
1213 480 1348 561 populus
1363 479 1403 543 de
1418 496 1456 543 eo
1470 476 1582 541 instrui
1591 478 1724 562 polerit:

227 698 391 757 Translutio
405 698 502 755 ccccli
518 697 664 755 Benedicti
678 693 801 753 ablutis.

143 843 244 901 luetur
253 842 426 915 geminabit
438 842 515 899 rieul
524 842 620 899 lilium
628 845 656 898 ct
670 840 781 911 florebit
790 842 822 898 ia
832 843 909 897 teter·

108 948 181 989 aum
194 934 265 989 unm
282 933 435 989 Dominum
451 932 516 1001 (fro.
533 932 641 999 xxxvl.
665 929 764 988 lilium
787 928 910 987 exterius

108 1020 234 1088 albescit,
248 1020 363 1090 interius
375 1035 461 1079 auree
473 1020 567 1079 celere
582 1019 720 1094 fulgescit,
735 1019 811 1076 suavi
825 1019 909 1076 odore

107 1109 246 1183 gratescit,
260 1109 301 1167 sie
327 1109 380 1166 iste
406 1110 490 1166 Peter
516 1109 716 1177 machelmus,
745 1108 855 1165 nemine
882 1114 910 1164 et

108 1200 217 1257 actione
231 1198 405 1267 Benedictus,
418 1200 497 1271 culus
519 1198 601 1257 hodie
624 1198 760 1255 solemnia
777 1197 904 1265 colimus,

107 1288 227 1347 exterius
254 1295 314 1345 erat
341 1288 486 1347 albescens
513 1286 633 1346 madore
659 1286 810 1355 metimus,
837 1286 910 1345 inte·

107 1377 168 1435 rius
194 1377 354 1452 fulgescens
376 1394 464 1438 auree
487 1377 581 1436 colore
601 1377 738 1445 caritatis,
758 1376 832 1433 omni
851 1376 910 1434 rir-

106 1475 164 1525 tule
178 1468 286 1539 spirans
308 1467 423 1525 odorem
451 1467 603 1525 suavitatis.
628 1466 694 1523 Ideo
722 1467 751 1522 in
777 1473 911 1525 ueternum

110 1566 175 1615 ante
189 1556 336 1613 hommum
350 1556 379 1613 in
401 1556 492 1630 gloria
514 1554 621 1613 florebit
639 1562 667 1613 et
682 1570 742 1613 cum
761 1554 869 1626 angelis
883 1553 911 1610 in

106 1646 209 1721 gaudio
221 1648 399 1718 perhenniter
412 1646 557 1719 gaudebit.
579 1646 630 1702 llic
648 1644 738 1701 multis
759 1644 847 1718 signis
861 1660 911 1715 pa-

109 1736 190 1793 trctis
202 1736 269 1791 dum
284 1736 320 1792 ad
334 1744 456 1792 montem
471 1734 617 1792 cassinum
631 1734 751 1791 venisent
771 1742 798 1791 et
817 1731 911 1789 fratri-

110 1824 162 1880 bus
175 1824 231 1882 illic
255 1824 409 1882 habitacula
435 1832 596 1883 construere
623 1824 762 1896 coepisset,
788 1822 914 1895 apperuit

107 1915 134 1971 ei
148 1913 272 1971 horribili
293 1913 363 1971 faeie
390 1914 518 1971 diabolus
546 1914 594 1970 ubi
622 1913 708 1984 jacuit
733 1913 762 1969 in
788 1911 913 1969 eratione

107 2011 272 2075 prostratus,
297 2019 359 2059 eum
381 2004 473 2075 potins
495 2002 671 2059 meledictum
693 2017 774 2074 quarn
796 2000 911 2058 benedi·

109 2102 182 2148 ctum
198 2091 252 2149 dici
275 2092 410 2159 clamavit,
426 2107 478 2149 eur
497 2108 529 2149 se
551 2099 762 2163 persequeretur
782 2090 851 2146 diris
865 2104 913 2145 vo·

108 2181 188 2239 cibus
204 2180 372 2238 vociferavit.
390 2180 450 2249 Cui,
461 2181 529 2237 dum
544 2180 710 2237 illeminime
722 2177 914 2251 respuudereh

109 2272 177 2329 dixit
190 2272 262 2343 quod
279 2271 375 2327 fratres
390 2271 418 2326 in
436 2273 592 2327 extruendo
612 2286 693 2327 mure
712 2271 806 2341 jurare
833 2285 915 2341 opor-

109 2369 191 2430 teret,
208 2361 369 2433 abiensque,
384 2377 492 2416 murum
506 2361 535 2415 in
550 2376 606 2433 que
622 2360 720 2417 fratrea
741 2366 805 2417 tune
827 2374 915 2415 occu·

110 2450 166 2522 pati
180 2459 259 2507 erant
271 2450 388 2522 impulit,
405 2450 452 2523 qui
468 2450 548 2521 lapsu
562 2466 614 2506 seo
641 2464 726 2505 unum
753 2449 788 2504 de
816 2463 913 2503 mena-

110 2540 170 2596 chis
183 2539 351 2611 opprimens,
367 2540 407 2595 illi
434 2547 560 2606 mertem,
592 2539 653 2596 aliis
680 2538 781 2595 luctum
808 2536 910 2591 intulit.

111 2626 165 2699 Qui
179 2629 223 2685 nir
235 2643 304 2700 sago
319 2628 354 2683 ad
369 2628 544 2685 benedictum
558 2644 621 2684 eum
642 2643 745 2701 magno
767 2625 841 2682 luctu
863 2640 915 2696 ap·

112 2724 247 2790 portatur,
263 2716 315 2773 scd
335 2718 371 2773 ab
392 2732 426 2773 ee
447 2716 538 2772 statim
555 2717 681 2788 precibus
701 2714 845 2773 incolomis
869 2730 915 2769 re-

112 2807 267 2863 suscitatur.
283 2805 371 2875 Quem
381 2822 444 2863 mox
455 2822 565 2861 murum
574 2822 637 2862 cum
646 2804 774 2861 fratribus
784 2818 915 2876 reperere

113 2895 230 2967 imperet
244 2893 279 2951 de
293 2895 373 2967 cujus
399 2894 432 2965 (B
459 2896 520 2961 hill)
550 2895 630 2951 ruina
656 2894 780 2951 diabulus
807 2892 914 2964 gaude-

113 2984 169 3043 bat.
550 2997 555 3007 ·

149 3098 209 3155 Alie
226 3100 296 3166 vice,
313 3100 376 3154 dum
393 3098 502 3171 quidam
518 3100 590 3171 lepis
608 3099 707 3155 debuit
720 3098 748 3153 in
769 3095 915 3155 adituum

113 3188 224 3260 poui,n
245 3188 338 3245 multis
351 3204 406 3245 non
420 3188 509 3259 potuit
530 3187 603 3244 tolli.
624 3186 755 3243 Oratione
783 3186 874 3258 itaque
898 3199 915 3240 a

117 3277 265 3334 Benedicta
276 3278 355 3344 facta,
375 3276 511 3345 diabolus,
525 3277 572 3349 qui
581 3276 699 3349 desuper
713 3274 784 3333 sedit
794 3275 913 3347 fugatur,

116 3368 187 3439 lapis
201 3382 217 3422 a
233 3366 326 3439 paucis
339 3367 454 3435 levatur,
471 3374 534 3438 apte
548 3366 609 3423 loce
623 3365 650 3421 in
665 3364 783 3423 aedilicio
797 3365 913 3421 locatur.

924 695 952 758 Α
1002 695 1143 763 Pensate,
1172 694 1271 751 fratres
1299 692 1452 762 karissimi,
1482 694 1559 764 cujus
1580 693 1670 752 meriti
1696 694 1766 768 apud

963 802 1053 858 Deum
1071 800 1123 857 iste
1142 800 1183 857 vir
1200 800 1297 870 fuerit,
1320 800 1366 874 qui
1386 798 1500 857 mortuis
1521 800 1604 858 vitam
1635 800 1765 873 reddidit,

964 892 1070 949 animas
1085 906 1166 948 carne
1181 890 1283 947 solutas
1297 898 1351 947 tem
1366 898 1490 963 potenter
1503 888 1592 964 ligare
1612 897 1639 948 et
1658 890 1768 950 solvere

963 980 1063 1054 potuit.

1000 1069 1085 1127 hlulta
1099 1076 1163 1125 sunt
1180 1068 1261 1140 hujus
1283 1067 1334 1127 viri
1355 1068 1488 1127 miracula
1507 1084 1568 1142 quae
1586 1066 1699 1143 longum
1721 1075 1767 1127 est

964 1158 1046 1217 vobis
1061 1174 1186 1215 enarrare
1201 1174 1252 1231 per
1266 1156 1392 1232 singula:
1410 1166 1501 1217 tamen
1514 1174 1600 1231 pauca
1615 1156 1705 1216 adhuc
1718 1174 1767 1215 re·

963 1249 1085 1306 feremus
1098 1248 1134 1305 ed
1146 1248 1257 1305 laudem
1283 1248 1343 1318 ejus
1362 1246 1409 1321 qui
1428 1246 1492 1306 fecit
1515 1246 1650 1305 mirabilis
1673 1247 1762 1307 solus.

965 1336 1084 1409 Quidam
1098 1337 1243 1409 presbyter
1257 1350 1273 1392 e
1288 1336 1413 1393 daemone
1433 1335 1563 1394 obsessus
1582 1352 1597 1393 a
1620 1336 1696 1394 nullo
1713 1352 1768 1409 po-

964 1426 1016 1484 tuit
1026 1426 1157 1492 liberari;
1174 1427 1210 1485 nd
1226 1426 1405 1483 Benedictum
1420 1440 1486 1483 vero
1496 1426 1702 1484 adductusmex
1712 1440 1769 1483 me-

965 1518 1019 1573 ruit
1047 1516 1160 1590 expulso
1187 1517 1311 1573 damone
1340 1512 1445 1573 curari.
1481 1514 1630 1572 Monachus
1658 1515 1769 1589 quidam

965 1604 1054 1663 eset
1069 1606 1109 1677 ιο)
1125 1606 1160 1661 nd
1187 1604 1367 1662 beurIendam
1395 1620 1493 1679 nquam
1521 1619 1652 1677 egressus
1678 1603 1771 1661 lueret

967 1710 1049 1769 quem
1072 1694 1178 1751 daemon
1193 1694 1336 1767 ingressus
1358 1692 1478 1767 graviter
1492 1692 1630 1750 vexabat:
1649 1692 1768 1750 Benedi-

966 1793 1026 1841 ctus
1042 1798 1108 1842 vere
1122 1783 1271 1841 adveniens
1286 1785 1408 1856 protinus
1422 1784 1528 1840 hostem
1552 1780 1667 1854 imperia
1690 1781 1771 1855 fuga-

965 1874 1021 1929 bat.
1038 1874 1131 1930 Frater
1144 1873 1256 1947 quidam
1267 1872 1302 1930 de
1316 1872 1388 1930 celle
1409 1871 1547 1929 Benedicti
1566 1871 1708 1929 discedere
1724 1872 1771 1927 di-

967 1970 1082 2035 sposuit,
1098 1962 1146 2019 sed
1168 1962 1193 2019 ei
1216 1962 1300 2021 draco
1322 1978 1472 2021 occurrens
1488 1978 1551 2019 eum
1565 1961 1700 2019 devorare
1718 1974 1773 2018 vo-

926 2052 1025 2127 Bluit,
1037 2053 1250 2125 apparendoque
1265 2052 1376 2108 retraxit
1390 2066 1472 2124 quem
1485 2051 1562 2123 prius
1572 2048 1682 2106 latendo
1697 2048 1772 2107 fores
1843 2122 1847 2129 Ι

969 2142 1058 2197 traxit.
1084 2140 1195 2197 Fratres
1216 2140 1407 2213 proquodam
1430 2153 1565 2213 responso
1586 2138 1663 2194 missi
1684 2145 1772 2211 erant,

969 2232 1016 2304 qui
1031 2230 1057 2286 in
1072 2230 1168 2287 itinere
1183 2231 1287 2302 absque
1301 2228 1409 2285 licentia
1428 2227 1561 2285 edebant.
1580 2228 1718 2285 Reversus
1732 2226 1777 2283 vir

968 2320 1021 2377 Bai
1033 2321 1068 2377 de
1082 2318 1291 2393 trangressione
1306 2319 1442 2390 increpat;
1467 2317 1508 2373 eis
1529 2316 1705 2389 negantibus,
1720 2331 1774 2389 ge·
1835 2358 1838 2371 .

968 2424 1036 2465 nere
1049 2418 1076 2466 et
1091 2424 1233 2465 numerum
1249 2408 1375 2467 ciborum
1390 2406 1507 2474 indicnt3
1530 2406 1631 2479 quibus
1651 2403 1774 2478 pelenti-

968 2499 1022 2553 hus
1036 2499 1144 2554 veniam
1160 2497 1310 2554 clementer
1324 2495 1459 2569 indulget,
1475 2496 1509 2553 de
1524 2495 1654 2553 cavendis
1668 2509 1772 2567 pecce-

970 2587 1005 2643 tis
1020 2588 1139 2661 beuigne
1155 2586 1293 2643 admonet.
1308 2585 1425 2656 Quidam
1437 2600 1506 2657 puer
1519 2586 1682 2656 monachus,
1694 2582 1776 2640 nobi·

968 2676 1004 2737 lis
1025 2676 1240 2750 generassent
1264 2675 1411 2732 Benedicta
1433 2674 1551 2733 caenanti
1573 2688 1636 2731 cum
1653 2672 1772 2743 lumine;

969 2765 1096 2837 quidum
1116 2764 1309 2837 perspiritum
1332 2764 1469 2836 superbire
1491 2763 1518 2821 in
1540 2770 1652 2835 pectore
1677 2760 1775 2821 tacitus

968 2862 1101 2923 versaret,
1117 2853 1243 2927 quisnam
1262 2860 1335 2911 esset
1357 2853 1399 2911 cui
1420 2854 1481 2926 ipse
1505 2852 1629 2909 serviens
1657 2858 1771 2921 astaret,

968 2942 1130 2999 Benedictus
1142 2942 1225 3013 iussit
1240 2959 1302 2999 eum
1315 2942 1408 2998 lumen
1419 2942 1567 3014 deponere,
1581 2941 1691 3017 signnm
1704 2957 1774 2998 sun·

968 3041 1019 3089 ctae
1034 3032 1123 3089 crucis
1138 3031 1213 3089 cordi
1236 3032 1301 3105 ejus
1322 3030 1489 3103 imprimere,
1500 3030 1661 3105 cunctisque
1677 3039 1775 3103 stupe-

969 3121 1050 3179 factis
1064 3120 1153 3177 retulit
1168 3138 1229 3195 quae
1243 3129 1268 3177 et
1283 3137 1343 3195 quae
1362 3120 1389 3175 in
1413 3120 1497 3179 eorde
1519 3120 1655 3177 meditans
1677 3118 1776 3178 volue-

968 3211 1021 3267 rit:
1038 3210 1082 3285 qui
1097 3225 1195 3267 omues
1211 3210 1304 3266 mirari
1319 3218 1462 3283 coeperunt
1476 3208 1549 3283 quod
1565 3209 1654 3265 verba
1669 3208 1776 3283 cogita·

966 3300 1047 3357 tionis
1061 3300 1088 3355 in
1102 3300 1214 3355 auribus
1229 3298 1367 3356 Benedicti
1389 3299 1544 3357 sonuerint.
1568 3296 1704 3355 Perfidum
1726 3314 1773 3355 re·

971 3407 1035 3465 gem
1049 3389 1084 3447 ad
1099 3405 1130 3446 se
1145 3388 1330 3445 fraudulenter
1344 3386 1496 3445 venientem
1513 3387 1676 3445 Benedictus
1686 3387 1777 3444 incra·

115 3456 193 3511 'func
204 3455 285 3527 jussu
297 3454 387 3511 Patris
402 3454 502 3510 fratres
516 3454 618 3510 ibidem
642 3452 726 3510 ultius
749 3461 850 3509 terram
872 3433 956 3508 to-(l
976 3489 1023 3553 pat
1038 3488 1064 3536 eq
1079 3486 1177 3536 cuncta
1192 3478 1217 3535 ei
1233 3484 1348 3535 ,emm
1362 3476 1541 3549 πωπω,
1553 3479 1576 3534 g
1587 3476 1706 3553 quodam
1720 3492 1773 3535 no,

115 3544 214 3600 demut
226 3551 253 3600 et
267 3543 371 3599 idolum
385 3544 423 3598 ihi
432 3544 614 3611 inversorum
630 3544 702 3616 quod
713 3542 778 3597 dum
789 3542 817 3597 in
825 3541 923 3613 coqui-

116 3650 181 3688 nam
193 3634 383 3705 projecissent,
399 3634 476 3688 risus
490 3633 620 3705 salignis
642 3632 717 3687 crire
739 3638 766 3687 et
788 3646 870 3686 omne
886 3629 921 3684 il.

116 3720 164 3776 lud
193 3722 372 3778 habitaculum
400 3736 573 3778 consumere.
602 3719 665 3788 Qui,
694 3720 760 3775 duim
796 3718 921 3775 certatim

116 3826 216 3883 aquam
231 3811 385 3882 proicerent
405 3819 435 3866 ut
449 3810 605 3866 incendium
620 3808 820 3881 extinguerent,
834 3806 921 3863 adre-

116 3900 156 3955 nit
170 3900 331 3955 Benedictus
353 3899 451 3955 dolens
471 3898 570 3955 fratres
593 3897 671 3953 illudi
693 3897 779 3953 hostis
802 3896 914 3969 maligni

116 3988 273 4045 fraudibus.
292 3987 421 4046 Oratione
437 3996 529 4045 autem
550 3989 611 4044 fusa
625 3986 754 4043 diabolus
769 3985 879 4059 pellitur
892 3996 919 4045 et

116 4078 183 4135 illud
195 4078 344 4135 aedilicium
356 4078 493 4136 incolume
507 4078 542 4134 ab
555 4078 684 4134 omnibus
698 4078 830 4133 cernitur.
846 4076 919 4146 Qun·

116 4165 181 4223 dam
191 4167 235 4224 die
245 4168 361 4224 melicus
369 4167 395 4224 ei
403 4165 489 4249 filiurn
501 4184 582 4223 suum
590 4174 726 4224 mortuum
736 4166 919 4236 sttuiit‚quem

116 4257 243 4331 protinus
257 4257 298 4313 vir
311 4265 420 4313 sanctus
444 4258 549 4313 orendo
568 4256 630 4313 vitae
656 4256 783 4312 restituit.
802 4254 918 4327 Quidam

116 4341 248 4415 puemius
264 4343 414 4398 monachus
433 4342 468 4397 de
493 4343 658 4399 monasterie
683 4343 788 4415 absque
809 4341 919 4399 licentia

115 4427 190 4484 beuti
205 4426 257 4483 riri
271 4425 349 4494 abiit,
361 4428 411 4483 sed
422 4427 572 4483 eetlemdie
588 4444 642 4501 quo
656 4426 830 4499 adparentes
845 4426 918 4484 venit

116 4516 192 4574 obiit.
201 4514 264 4586 Qui,
274 4524 418 4588 postquam
429 4515 569 4588 sepelitur,
581 4524 680 4572 eterra
695 4517 832 4587 proiectus
842 4516 918 4571 inve·

115 4606 207 4675 nitur;
226 4622 308 4678 quem
322 4606 412 4662 denuo
429 4605 588 4661 tumulatum
603 4604 723 4661 evomuit
738 4620 770 4662 ac
785 4604 813 4660 in
828 4621 858 4662 se
872 4620 918 4661 re-

115 4696 202 4751 tinere
216 4710 271 4750 non
288 4695 378 4761 valuit,
391 4696 434 4766 qui
451 4693 590 4751 Benedicti
606 4694 724 4767 gretiam
736 4709 791 4750 non
805 4693 911 4748 habuit.

116 4778 195 4835 Unde
210 4786 337 4851 parentes
352 4794 414 4835 cum
428 4778 493 4834 fictu
507 4777 543 4833 ed
554 4778 859 4844 Benedictumreniunt,
871 4794 917 4832 sa-
935 4802 962 4861 D
977 4811 1025 4884 qui
1039 4814 1091 4874 hoe
1105 4813 1155 4869 sub
1170 4812 1294 4870 custodia
1304 4812 1406 4882 habuit,
1417 4812 1482 4869 dare
1492 4809 1628 4867 recusavit

114 4867 247 4926 orificium
261 4868 296 4925 de
311 4868 436 4924 manibus
459 4868 516 4939 ujus
544 4866 690 4940 accipiunt,
720 4868 794 4941 quod
821 4882 920 4939 corpe-

114 4957 192 5015 sculo
205 4956 354 5030 alligatum,
376 4956 524 5029 sepulture
544 4956 653 5013 tradunt
674 4964 701 5013 et
722 4956 838 5029 amplius
862 4956 915 5027 ejr·

114 5056 193 5104 ctum
207 5062 263 5103 nen
277 5048 448 5119 repperiunt.

152 5162 285 5234 Quaedam
301 5162 409 5219 nobiles
421 5161 530 5219 feminac
545 5164 594 5217 sub
613 5178 646 5219 eo
667 5178 808 5219 conversae
830 5164 915 5235 depe-

116 5254 185 5309 hanl
198 5268 258 5325 quae
273 5268 303 5309 se
317 5266 334 5307 e
349 5250 504 5323 vaniloquio
525 5267 581 5308 non
601 5252 795 5317 continebant;
818 5253 917 5326 quibus

114 5341 159 5399 vir
168 5341 220 5397 Dei
234 5339 371 5397 mandavit
386 5347 415 5394 ut
428 5339 547 5412 linguam
559 5355 639 5395 suam
652 5340 833 5409 refrenarent,
850 5341 916 5396 alio-

113 5430 180 5501 quin
194 5444 241 5485 eus
255 5428 514 5485 excommunicaret.
523 5428 591 5496 Qtrae
601 5428 712 5483 minime
727 5445 757 5483 se
771 5428 915 5502 corrigen-

114 5528 158 5575 tes
171 5518 243 5575 intre
257 5518 342 5575 breve
356 5525 463 5588 tempus
477 5526 541 5573 sunt
555 5526 669 5573 mortuas
678 5526 758 5590 atque
773 5517 841 5573 inter
857 5518 915 5575 sol-

112 5607 215 5665 lemnia
228 5608 376 5664 missarum
400 5606 509 5665 cottidie
533 5606 598 5663 visae
626 5616 688 5663 snut
710 5606 744 5663 de
759 5605 915 5678 sepulchris

115 5697 203 5755 exire.
215 5696 267 5752 l’re
283 5696 382 5770 quibus
397 5698 462 5753 dum
477 5694 638 5752 Benedictus
648 5694 723 5752 dedit
737 5694 913 5763 oblationem,

112 5785 231 5845 ulterius
245 5802 300 5843 non
315 5787 495 5844 deseruerunt
511 5784 605 5843 tumuli
619 5783 824 5841 habitationem.

976 3568 1024 3623 bili
1039 3570 1102 3624 viro
1118 3575 1230 3641 rogatus
1243 3566 1341 3623 fratres
1356 3566 1391 3623 ad
1406 3566 1619 3625 construendum
1639 3574 1779 3625 monaste-

976 3658 1045 3712 rium
1060 3658 1140 3724 misit,
1158 3656 1258 3729 quibus
1271 3656 1298 3711 in
1313 3664 1394 3713 nocta
1409 3655 1566 3730 longanae
1581 3656 1676 3729 positis
1690 3672 1778 3730 appa·

975 3746 1035 3809 mit,
1051 3753 1148 3803 cuncta
1163 3746 1315 3802 habitacula
1337 3745 1496 3802 monasterii
1517 3742 1678 3801 aedificanda
1697 3744 1774 3802 desi-

976 3835 1083 3907 gnarit.
1103 3834 1201 3891 Fames
1216 3834 1304 3890 valida
1317 3833 1459 3907 regionem
1484 3832 1600 3890 vexabat
1617 3841 1644 3890 et
1657 3834 1777 3891 Benedi-

974 3932 1035 3981 ctus
1050 3930 1152 3981 cnncta
1167 3922 1324 3980 monasterii
1348 3922 1390 3978 sui
1411 3920 1599 3995 indigentibus
1622 3921 1775 3995 erogabat;
1815 3942 1822 3949 ·

974 4013 1046 4069 unde
1065 4010 1164 4067 fratrea
1185 4011 1341 4069 contristari
1355 4018 1497 4083 coepemnt
1511 4010 1575 4084 quin
1593 4010 1675 4083 pauci
1690 4025 1777 4085 penes

974 4102 1015 4158 eis
1037 4101 1071 4157 ad
1100 4101 1199 4159 victum
1228 4108 1422 4157 remanserunt
1438 4118 1445 4155 :
1462 4098 1539 4170 Ques
1565 4100 1644 4157 Peter
1667 4108 1777 4158 sanctus

974 4189 1074 4247 blande
1089 4190 1254 4257 consolatur,
1271 4190 1377 4262 Deique
1390 4189 1538 4261 potentiam
1557 4189 1658 4246 intenta
1679 4188 1779 4261 depre-

972 4288 1067 4345 catur;
1084 4288 1110 4336 cl
1125 4294 1190 4336 ecee
1205 4278 1295 4335 subito
1311 4287 1374 4335 unte
1390 4277 1464 4335 fores
1475 4276 1634 4336 monasterii
1644 4276 1777 4336 ducentes

972 4370 1080 4425 medios
1095 4369 1298 4426 candidissime
1323 4366 1417 4425 farinas
1444 4367 1473 4424 lu
1500 4368 1588 4427 saccis
1615 4367 1779 4427 iuvenemnt

972 4458 1135 4532 missorique
1151 4458 1210 4515 Deo
1224 4466 1317 4531 grates
1337 4457 1488 4515 retulerunt
1510 4458 1588 4527 qu'us
1616 4456 1689 4516 done
1717 4458 1778 4515 haee

972 4564 1063 4621 usque
1078 4548 1113 4603 ad
1128 4563 1215 4605 nevas
1231 4548 1325 4623 fruges
1336 4548 1447 4621 copiose
1463 4545 1643 4604 suffecerunt.
1655 4546 1695 4605 Eo
1710 4555 1778 4605 tern-

971 4648 1038 4705 pore
1052 4633 1166 4707 quidam
1177 4648 1193 4689 n
1204 4633 1348 4690 Benedieto
1363 4633 1453 4689 eleum
1465 4632 1558 4705 peciit,
1573 4631 1630 4705 qui,
1643 4630 1702 4687 dari
1721 4632 1779 4702 jus·

971 4722 1006 4777 sit
1020 4723 1093 4795 quod
1108 4723 1253 4794 pauculum
1273 4722 1301 4779 in
1316 4738 1382 4779 vase
1398 4722 1483 4779 vitreo
1506 4720 1651 4785 remansit;
1675 4719 1724 4776 sed
1739 4720 1774 4789 is,

1631 4808 1777 4883 ,quiahoc

975 4895 1092 4958 infernis
1106 4900 1235 4958 fratribus
1251 4917 1388 4959 reservare
1404 4900 1503 4958 melius
1517 4898 1636 4974 putavit.
1654 4898 1776 4957 Benedi-

972 5000 1032 5046 ctus
1047 5006 1113 5047 vere
1126 4992 1255 5064 praecepit
1270 4990 1332 5047 aliis
1348 4996 1377 5047 ut
1393 5006 1441 5049 vas
1456 5006 1517 5047 cum
1531 4987 1593 5045 olen
1604 4988 1775 5061 proiceretur

971 5090 1007 5131 ue
1021 5074 1085 5147 quid
1100 5082 1193 5131 contra
1209 5074 1393 5132 obedientiam
1408 5074 1436 5130 in
1450 5074 1518 5131 cella
1534 5088 1648 5131 manere
1659 5072 1774 5130 videre·

973 5173 1030 5219 tur.
1049 5162 1128 5234 Quod
1144 5180 1160 5219 a
1174 5164 1300 5219 fratribus
1314 5166 1465 5235 projectum
1481 5164 1508 5219 in
1523 5179 1624 5221 saxoso
1637 5162 1697 5221 leco
1712 5162 1775 5239 flgi-

971 5258 1014 5305 tur
1028 5257 1055 5305 et
1069 5264 1120 5307 nec
1134 5265 1182 5307 nas
1196 5248 1331 5322 rumpitur
1345 5263 1397 5306 uec
1411 5249 1502 5306 oleum
1517 5248 1674 5306 effunditur.
1685 5249 1773 5305 Bene·

971 5337 1058 5394 dictus
1073 5346 1162 5394 aulem
1174 5339 1252 5408 jubet
1266 5337 1331 5392 illud
1347 5336 1380 5409 (B
1393 5337 1529 5409 sectioni
1551 5347 1576 5393 ct
1596 5336 1698 5410 petenti
1718 5336 1770 5392 tri-

971 5428 1027 5497 bui,
1043 5428 1301 5501 inobedientemque
1317 5427 1424 5482 fratrem
1440 5426 1591 5498 corripiens
1604 5442 1665 5483 eum
1680 5424 1773 5481 omni-

970 5518 1022 5573 bus
1036 5518 1188 5574 oratorium
1204 5516 1322 5585 intravit,
1340 5532 1370 5572 se
1387 5516 1444 5572 Dee
1458 5516 1486 5572 in
1500 5514 1621 5572 eratione
1645 5524 1770 5587 prestra-

969 5607 1018 5675 vit,
1035 5616 1060 5663 et
1075 5606 1102 5663 iu
1117 5607 1179 5665 leco
1191 5606 1237 5663 illo
1252 5606 1326 5663 stetit
1339 5605 1440 5663 dolium
1453 5622 1480 5662 ιιι
1492 5620 1545 5679 quo
1555 5619 1572 5661 a
1582 5604 1665 5661 funde
1683 5620 1771 5679 nsque

970 5696 1005 5753 ad
1017 5712 1152 5751 summum
1168 5696 1249 5769 coepit
1263 5710 1421 5753 excrescere
1432 5696 1533 5752 oleum.

1007 5784 1051 5842 Sia
1064 5784 1124 5859 pius
1134 5784 1267 5843 Dominus
1282 5800 1361 5843 servo
1377 5800 1426 5841 suo
1439 5782 1512 5841 fideli
1530 5782 1688 5855 centuplum
1699 5796 1772 5839 sem·
