3942 6067
218 314 271 373 '199
551 298 700 357 HONORll
721 292 974 353 AUGUSTODUN.
1000 290 1079 347 OPP.
1106 289 1191 347 raas
1210 291 1261 347 lll.
1285 322 1320 333 -
1339 292 1541 381 LiTlliiGlCrl.
1821 295 1873 351 800

218 436 365 495 etinlerna
379 434 414 491 dc
427 428 527 489 ctnisri
542 424 742 483 resurreetione
757 418 939 496 gratulantur.
952 416 1056 478 Dqu
1105 416 1292 487 Responseria
1323 424 1418 473 sonant
1445 416 1575 488 Spiritum
1607 423 1730 473 sanctum
1754 418 1874 490 paracli-

219 526 254 583 ad
281 525 384 586 iontem
406 526 566 595 sequuntur,
591 514 655 587 qaia
676 512 703 567 in
731 509 786 567 lide
807 506 1017 566 resurrectionis
1071 512 1137 575 tum,
1150 504 1178 561 id
1193 512 1234 561 ast
1257 506 1459 563 consolatorem
1472 523 1488 562 a
1503 507 1804 579 sponsopromiessum,
1821 508 1874 565 ad-

126 632 130 651 ¹
220 614 321 671 Christi
335 613 465 669 iudaicus
479 605 630 679 etgentilis
645 601 761 674 populus
777 600 955 670 baptizentur.
974 596 1018 652 vel
1070 594 1309 667 venissesponsae,
1338 596 1655 670 etdonaniperipsum
1678 596 1767 663 allata,
1791 598 1878 655 idest

219 706 248 761 in
264 702 316 761 tine
331 697 530 772 contemplativi
555 704 581 751 et
594 692 675 750 activi
697 708 746 763 per
769 690 906 747 Christum
927 686 1019 743 salva·
1070 682 1161 751 tidem,
1177 700 1271 756 opera,
1292 684 1433 757 miracula,
1456 695 1483 743 et
1505 695 1606 743 caetera
1631 686 1810 745 charismata.
1846 690 1876 743 ln

221 794 329 849 buntur.
346 793 375 847 ln
387 798 467 845 noete
482 802 579 845 versus
594 782 723 843 dicimus,
739 779 803 852 quie
818 779 844 834 in
860 780 910 833 bac
923 777 976 831 vita
990 776 1018 831 ia

220 881 367 937 tentatione
383 877 463 951 positi
489 874 581 932 divino
604 871 758 944 indigemus
780 867 880 923 airxilio
898 883 904 922 :
922 866 949 921 in
974 865 1018 922 die

220 986 276 1026 non
290 970 406 1025 dicimus
418 986 424 1033 ;
442 965 505 1038 quia
520 965 547 1019 in
561 963 608 1017 illa
622 961 687 1027 vita,
704 974 764 1031 quae
778 973 829 1028 per
843 958 924 1011 istam
946 955 1019 1011 diem

220 1054 400 1131 significatur,
416 1052 451 1109 ab
466 1051 541 1109 omni
555 1048 703 1107 tentatione
719 1045 809 1103 securi
825 1045 942 1101 erimus.

289 1210 357 1268 Gar.
375 1208 488 1267 xcvii.
507 1236 542 1249 -
556 1206 597 1263 De
613 1202 765 1262 Dominicis
782 1206 843 1275 post
855 1200 972 1258 Pascha.

256 1360 472 1434 Desponscrinm
488 1360 597 1429 Dipnua
610 1372 650 1423 es,
667 1356 798 1422 Domine,
812 1355 921 1427 signant
932 1353 1020 1408 intro-

220 1452 288 1509 itum
302 1450 490 1523 apostolurum
505 1448 539 1503 nd
556 1445 718 1512 Ecclesiam,
732 1460 792 1517 quae
807 1461 839 1499 ex
850 1442 953 1499 Judaeis
963 1441 1020 1499 col-

220 1540 290 1598 lecta
305 1549 346 1597 est
357 1540 391 1595 ad
408 1536 489 1594 tidem
504 1536 573 1593 Novi
598 1534 776 1591 Testamenti.
804 1533 1021 1604 llespansorium

224 1630 429 1703 Epcsicutvitis
444 1636 484 1683 est
499 1642 566 1698 pars
580 1624 702 1680 ludaiera
717 1622 805 1694 plebis
828 1622 863 1677 ad
890 1623 1021 1677 sanitatem

220 1714 296 1771 iidel.
317 1716 346 1771 ln
366 1712 460 1784 primis
476 1710 659 1782 responsoriis
684 1717 809 1763 narratur
832 1706 962 1763 adunatio
986 1706 1021 1759 sd

220 1819 302 1861 unam
331 1803 411 1858 tidem
443 1801 598 1858 auditorum
621 1814 653 1854 ac
674 1796 905 1869 praepositorum:

220 1892 365 1967 quentibus
379 1897 548 1948 monstratur
570 1887 711 1953 Ecclesiae,
727 1902 787 1957 qna
806 1900 878 1941 nrrnc
905 1884 1021 1941 collecta

220 1990 270 2048 est,
287 1980 444 2054 mysterium
461 1978 555 2051 sponsi
571 1986 721 2048 etsponsm,
735 1974 877 2046 dequibus
888 1974 1021 2045 ipsapro·

220 2078 311 2128 creata
326 2079 376 2125 est.
400 2070 461 2141 lpsa
486 2082 586 2139 sponsa
610 2070 652 2121 est
679 2064 838 2132 Jerusalem,
868 2072 893 2119 et
919 2064 1022 2120 idcirco

219 2176 340 2232 presens
363 2174 465 2231 sponsa
489 2156 646 2230 frequenter
660 2162 826 2210 memoratur
840 2170 890 2225 per
905 2154 1021 2209 Jerusa-

219 2248 283 2319 lem,
300 2248 361 2321 quia
377 2248 437 2319 ipsa
452 2248 535 2317 coepit
560 2260 686 2301 crescere
710 2244 737 2299 in
756 2244 918 2299 Jerusalem.
944 2243 1022 2301 Unde

218 2332 432 2405 Responsorium
452 2332 508 2389 Vidi
520 2331 691 2387 Jerusalem.
707 2330 736 2383 ln
764 2328 870 2383 ‹faeteris
898 2336 1022 2383 narratur

219 2420 395 2495 pulchritudo
410 2428 555 2476 structurae
568 2419 718 2475 Jerusalem
734 2424 764 2471 ut
790 2427 831 2472 est
860 2416 1020 2489 Desponsa·

220 2511 291 2567 riam
306 2510 423 2567 Haeeest
433 2510 601 2577 Jerusalem,
613 2512 638 2563 et
650 2509 756 2564 Platere
769 2511 843 2577 tuce3
860 2506 1022 2579 quaomnia

218 2608 323 2673 oportet
345 2600 461 2673 intelligi
487 2600 600 2671 mystice
629 2598 664 2653 de
692 2596 876 2669 spiritualibus
899 2594 1022 2652 aedificiis

218 2691 338 2747 antestis
357 2689 507 2747 Jerusalem
530 2689 606 2757 juxta
629 2696 750 2743 tenorem
775 2684 934 2749 officiarum,
961 2702 1022 2758 qtrae

219 2780 360 2837 continent
381 2780 407 2834 in
430 2796 460 2834 se
480 2794 624 2851 personam
649 2776 797 2849 primitivae
817 2776 962 2847 Ecclesiae,
992 2784 1021 2830 ιιι

218 2873 259 2921 est
277 2880 283 2918 :
302 2864 388 2933 Quasi
398 2864 479 2920 modo
497 2866 672 2935 penitietc„
704 2871 730 2917 et
756 2862 948 2919 Misericordia
965 2864 1020 2920 Do-

218 2955 302 3019 mini,
320 2960 384 3019 etc,
401 2962 427 3010 et
441 2953 574 3020 iubilate,
590 2958 646 3009 etc.
668 2958 798 3023 ;oportet
812 2952 870 3007 haec
891 2966 942 3023 per
963 2959 1020 3007 tres

218 3042 409 3099 hebdomadas
424 3040 574 3099 decantari.

255 3138 470 3211 Respaasorium
489 3152 495 3193 :
514 3139 544 3195 Si
559 3138 763 3210 oblitusfuero,
784 3147 825 3193 est
852 3139 887 3193 de
916 3140 1062 3212 psalmoc

217 3230 307 3301 Super·
320 3230 457 3300 punina,
470 3226 606 3299 significat
617 3226 747 3301 gentilem
758 3228 889 3299 populum
899 3230 944 3302 qui
955 3230 1021 3287 olim

216 3320 356 3380 habitabat
376 3323 402 3377 in
427 3320 575 3393 Babylone,
593 3322 619 3377 id
641 3322 731 3378 estin
755 3322 914 3381 contusione
941 3326 1022 3382 istius

217 3411 313 3469 mundi
328 3420 355 3467 et
376 3412 553 3467 desiderabat
577 3411 701 3468 revocari
724 3428 774 3483 per
801 3413 1021 3483 praedicationem

218 3508 245 3557 et
259 3500 411 3558 doctrinam
426 3501 613 3573 apostoloram
628 3500 660 3555 ad
675 3501 835 3568 Jerusalem,
853 3503 880 3557 id
905 3512 946 3559 est
967 3506 1022 3562 lic·

218 3590 343 3647 alesiam.
364 3590 476 3663 Reliqua
491 3590 582 3645 omnia
597 3590 772 3661 responsoria
799 3591 833 3647 de
860 3591 1022 3650 liberatione

217 3688 247 3735 nt
256 3686 297 3734 est
313 3696 319 3734 :
335 3681 417 3746 Dens,
429 3682 619 3748 canticurn,et
631 3681 712 3736 Dicat
722 3698 810 3745 nunc,
820 3690 863 3737 etc
878 3684 958 3751 ,etia
971 3686 1021 3740 Ee·

217 3770 321 3825 clectis.
338 3770 402 3825 llaee
416 3778 557 3841 assumpta
570 3778 633 3825 sunt
646 3768 682 3825 da
708 3770 849 3835 Psalterio,
881 3773 953 3844 quod
979 3780 1022 3829 est

218 3856 313 3913 decern
342 3859 528 3925 chordarum,
545 3859 572 3912 in
596 3858 694 3931 quibas
718 3866 760 3915 est
781 3860 892 3917 dilectio
916 3860 966 3915 Dei
995 3868 1022 3915 et

217 3941 353 4013 prasimi;
369 3942 480 3999 ditectio
494 3943 541 3999 Dei
558 3951 670 4015 propter
684 3942 746 4012 trin,
771 3943 880 4001 dilectio
905 3945 1021 4015 proximi

217 4039 331 4103 propter
345 4040 464 4102 septem.
479 4032 512 4087 lit
525 4033 708 4103 Responsorta
717 4032 871 4090 insinuaut
880 4036 1020 4106 seprules,

218 4120 334 4193 diligere
348 4136 484 4191 sponsam
509 4122 605 4177 matris
628 4138 686 4177 sure
710 4130 737 4177 et
752 4131 867 4177 matrem
888 4138 977 4188 suam,
995 4131 1023 4179 ει

217 4210 337 4283 laquise
352 4224 383 4265 ae
407 4209 576 4281 respondere
599 4210 698 4267 civitati
723 4210 877 4268 Jerusalem
904 4228 966 4285 qnae
994 4212 1023 4267 in

219 4298 290 4354 coelu
306 4297 421 4355 habitat.

254 4394 318 4450 Tria
333 4392 422 4451 allicis
438 4393 560 4452 Cantate
574 4394 702 4463 Domino,
718 4402 784 4466 etc,
804 4399 898 4454 Vocem
917 4402 1022 4470 iucun-

1073 774 1174 830 Pascba
1189 782 1215 829 et
1239 775 1266 829 in
1295 776 1463 831 ascensione
1487 784 1514 832 et
1536 775 1563 831 ia
1600 775 1762 832 Pentecoste
1791 794 1877 848 super

1071 863 1193 934 psalmas
1208 864 1235 917 in
1251 865 1390 920 matutinis
1406 864 1530 919 laudibus
1544 864 1720 935 antiphonam
1735 881 1797 921 cum
1821 867 1875 921 Al·

1074 949 1163 1005 teinia
1175 949 1298 1004 canimus
1311 957 1425 1021 excepto
1441 951 1467 1004 in
1484 950 1661 1015 Benedictus,
1677 950 1741 1023 quia
1756 967 1804 1021 per
1823 951 1878 1007 hoc

1073 1038 1123 1094 Dei
1139 1036 1272 1094 beneficia
1287 1038 1443 1107 recolimus,
1460 1056 1521 1113 quae
1544 1039 1580 1095 de
1594 1040 1654 1111 ejus
1674 1040 1878 1096 resurrectione
1962 1047 1963 1068 ¹

1074 1137 1101 1183 et
1115 1127 1274 1183 ascensione
1296 1137 1323 1184 et
1346 1126 1464 1185 adventu
1488 1128 1604 1201 Spiritus
1630 1128 1720 1186 saneti
1748 1130 1878 1201 pereepi·
1962 1111 1963 1164 Ῑ

1075 1233 1147 1271 mus.
1167 1216 1207 1271 dd
1222 1218 1391 1273 Benedictus
1408 1233 1471 1273 vero
1485 1233 1539 1273 non
1553 1217 1677 1275 canimus
1699 1217 1878 1289 antiphonam

1074 1318 1136 1359 cum
1152 1306 1298 1372 Alleluiis,
1317 1314 1429 1379 propter
1444 1306 1645 1363 tribulationem
1660 1307 1805 1365 maximam
1818 1323 1879 1379 que

1075 1392 1163 1449 lrrtura
1178 1404 1233 1451 est.

1076 1543 1143 1601 Cae.
1159 1545 1259 1600 XClX.
1273 1574 1309 1586 -
1322 1546 1361 1602 De
1375 1546 1464 1602 Pestis
1482 1547 1576 1603 sancti
1589 1546 1708 1605 loannis
1722 1549 1879 1621 Baptistoer

1227 1637 1296 1690 item
1311 1643 1477 1691 sanctorum
1486 1635 1567 1691 Petri
1581 1637 1609 1691 et
1623 1636 1720 1691 Pauli.

930 1796 956 1851 in
974 1782 1062 1852 Βεὲ-Β
1113 1760 1151 1814 De
1174 1760 1385 1815 sanctotoanne
1410 1759 1532 1831 Baptista
1561 1760 1738 1832 responsoria
1769 1768 1880 1833 sumpta

1076 1858 1138 1903 sunt
1165 1848 1199 1903 de
1225 1848 1367 1921 prophetis
1392 1856 1420 1903 ει
1447 1847 1619 1921 Evangelio,
1643 1849 1705 1922 qaia
1738 1849 1797 1921 ipse
1821 1857 1880 1905 erat

1077 1938 1141 1993 linis
1171 1937 1322 2009 prophetiae
1348 1947 1375 1992 et
1402 1937 1508 1993 initium
1532 1936 1688 2011 Evangelii.
1715 1938 1746 1992 ln
1770 1937 1879 1994 testivi-

1076 2029 1129 2077 tate
1150 2022 1336 2094 apostolorum
1360 2021 1387 2076 in
1411 2023 1490 2078 tertia
1511 2030 1648 2077 nocturna
1663 2031 1690 2078 et
1715 2023 1750 2079 ad
1779 2022 1877 2079 laudes

1075 2112 1228 2181 antiphonae
1243 2127 1303 2166 cum
1330 2112 1453 2167 Alleluia
1476 2120 1627 2181 canuntur;
1647 2110 1675 2166 in
1707 2111 1759 2167 ista
1786 2119 1879 2194 autem

1075 2195 1219 2251 testivitate
1235 2211 1290 2249 non
1304 2204 1445 2263 canuntur,
1463 2196 1527 2267 qnia
1543 2197 1630 2265 major
1644 2203 1686 2251 est
1700 2195 1789 2269 gloria
1808 2196 1880 2252 Nost

1073 2284 1240 2339 Testamenti
1261 2300 1343 2356 quam
1365 2282 1449 2357 legis.
1470 2284 1583 2341 loannis
1604 2285 1688 2353 enim,
1714 2282 1760 2357 qui
1778 2284 1878 2356 prisce

1074 2374 1145 2446 legis
1169 2383 1262 2445 typum
1288 2373 1382 2438 tenuit,
1409 2373 1537 2428 nativitas
1557 2380 1621 2430 ante
1647 2372 1879 2430 resurrectionem

1076 2462 1184 2518 Domini
1198 2462 1301 2517 exstitit
1318 2479 1324 2518 :
1340 2462 1526 2531 apostolorum
1542 2478 1608 2518 vero
1624 2461 1751 2517 nativitas
1767 2463 1794 2518 ia
1807 2462 1879 2519 coelo

1075 2550 1147 2607 laeta
1170 2562 1212 2607 est
1235 2560 1295 2623 post
1318 2551 1543 2607 clarificationem
1568 2552 1703 2608 Ecclesia
1729 2568 1746 2606 a
1773 2552 1880 2623 Spiritu

1075 2650 1189 2697 serietas
1206 2641 1268 2696 idea
1279 2641 1332 2695 ista
1347 2641 1503 2711 antiphonis
1519 2640 1675 2706 decoratur,
1690 2640 1738 2695 illa
1751 2656 1822 2696 noa.

1112 2739 1140 2792 la
1155 2736 1301 2808 praecipuis
1326 2736 1520 2791 festivitatibus
1541 2745 1698 2793 sanctarum
1719 2745 1804 2807 agunt
1820 2736 1880 2794 lio·

1075 2827 1150 2883 mani
1164 2827 1218 2882 duo
1234 2825 1322 2881 officia
1337 2825 1364 2879 in
1379 2832 1468 2880 nocta.
1486 2825 1606 2881 Primum
1620 2826 1697 2881 initio
1711 2826 1800 2882 nactis
1814 2826 1877 2882 sine

1075 2917 1198 2972 Alleluia
1213 2915 1364 2986 peragitur,
1379 2923 1406 2969 et
1420 2923 1535 2971 vocetur
1549 2916 1646 2987 cipitia
1661 2932 1669 2970 s
1685 2915 1794 2972 undeet
1804 2928 1876 2986 prae·

1074 3006 1177 3061 cedens
1191 3003 1250 3059 dies
1265 3004 1363 3074 uigilia
1378 3003 1547 3059 nominatur.
1569 3004 1691 3059 Alterum
1712 3019 1778 3060 vero
1800 3004 1878 3060 circa

1075 3094 1194 3150 mediam
1207 3102 1324 3159 noctem,
1341 3102 1368 3148 et
1382 3090 1476 3148 linitur
1490 3094 1518 3147 in
1531 3092 1577 3147 die
1594 3110 1600 3149 :
1618 3101 1645 3149 et
1664 3094 1717 3149 hoc
1740 3092 1823 3148 habet
1851 3092 1880 3147 in

1077 3184 1155 3239 tertia
1169 3190 1301 3239 nocturna
1315 3182 1342 3236 in
1355 3182 1505 3253 antiphona
1520 3183 1664 3239 Alleluia.
1685 3181 1882 3238 Pernunmol-
1969 3231 1970 3244 ,

1076 3270 1169 3328 licium
1190 3270 1360 3344 tegnlismos
1372 3272 1508 3338 recolitur,
1522 3279 1550 3327 et
1565 3271 1685 3327 Sabbata
1708 3286 1768 3344 quae
1788 3268 1817 3326 ia
1845 3270 1881 3325 ti-

1076 3378 1144 3435 gnra
1159 3359 1311 3416 futurorum
1323 3358 1499 3417 celebrantur
1513 3378 1520 3424 ;
1535 3375 1584 3431 per
1598 3360 1713 3416 alterurn
1737 3374 1802 3416 vero
1831 3376 1880 3416 re·

1075 3449 1211 3507 surrectio
1223 3448 1343 3516 Domini,
1360 3458 1386 3505 et
1400 3458 1490 3505 nostru
1518 3448 1608 3504 lutura
1633 3449 1784 3512 testivitas;
1813 3449 1879 3503 ideo

1076 3554 1139 3597 curn
1152 3540 1272 3596 alleluia
1285 3538 1437 3611 peragitur,
1453 3538 1518 3611 quia
1532 3538 1639 3593 transiit
1653 3538 1687 3594 ad
1709 3539 1881 3595 consortium

1076 3632 1233 3681 sanctorum
1247 3623 1421 3697 angelorum.

1112 3723 1141 3776 la
1156 3728 1236 3777 nocte
1251 3720 1339 3776 sancti
1353 3720 1422 3775 Petri
1437 3729 1570 3777 canantur
1584 3720 1639 3777 duo
1660 3718 1747 3777 officis
1766 3736 1774 3775 s
1791 3736 1877 3775 unum

1076 3810 1104 3867 in
1115 3810 1204 3881 prima
1219 3810 1312 3882 vigilia
1327 3810 1387 3865 sine
1397 3809 1561 3879 invitatoria,
1579 3808 1705 3880 quoniam
1730 3809 1767 3864 ibi
1788 3825 1881 3880 popu·

1076 3898 1118 3954 las
1134 3914 1189 3954 non
1206 3899 1341 3968 invitatur,
1367 3897 1482 3954 alteram
1504 3914 1571 3956 vero
1593 3898 1622 3953 in
1645 3898 1766 3955 secunda
1788 3897 1883 3969 vigilia

1075 4004 1136 4045 cum
1151 3988 1313 4053 invitatorio,
1329 3988 1394 4060 quia
1411 3996 1476 4044 tuna
1491 3986 1607 4059 populus
1622 3988 1656 4042 ad
1671 3986 1783 4061 vigilias
1805 3986 1881 4043 invi-

1076 4086 1157 4133 tatur.
1174 4078 1203 4132 ln
1219 4076 1366 4133 testivitate
1387 4078 1474 4133 sancti
1489 4075 1570 4132 Pauli
1591 4092 1687 4133 versus
1709 4092 1772 4132 eum
1801 4076 1879 4132 anti-

1075 4165 1177 4238 phonis
1197 4173 1351 4232 canuntur,
1381 4166 1445 4238 quia
1459 4164 1522 4237 plus
1533 4164 1662 4221 omnibns
1676 4164 1825 4221 laborarit.
1840 4166 1881 4221 De

1075 4257 1173 4307 sancta
1188 4248 1333 4305 Laurentio
1357 4250 1441 4305 etiam
1457 4265 1553 4306 versus
1573 4264 1637 4305 cum
1656 4248 1814 4322 antiphonis
1840 4248 1881 4306 le·

1076 4348 1177 4413 guntur
1190 4347 1304 4411 propter
1317 4338 1427 4397 celebre
1442 4338 1601 4411 martyrium
1616 4339 1689 4409 eius.

219 4479 330 4547 ditatis,
346 4480 552 4548 ete.,li.caudi,
569 4489 639 4547 etc.,
656 4482 1062 4573 recolanteademtemporan
1112 4464 1180 4519 ⁶⁴⁹·
1204 4461 1239 4516 C·
1266 4490 1301 4503 ·“
1323 4460 1367 4519 ⁰⁰
1390 4462 1558 4520 mmm
1585 4464 1618 4519 ²⁸¹²
1634 4460 1792 4519 'nammis'
1816 4465 1880 4538 Dm

220 4576 321 4641 queen
337 4570 529 4640 responsoria;
546 4568 618 4625 unde
634 4586 688 4625 non
705 4571 875 4645 delinquunt,
902 4574 946 4646 qui
972 4590 1022 4645 per

218 4666 275 4715 tres
291 4657 480 4715 hebdomadas
495 4675 582 4731 nsque
598 4659 625 4713 in
641 4660 803 4717 Pentecoste
818 4678 851 4717 ea
866 4670 975 4719 canunt.

255 4748 439 4820 llespansoria
462 4748 497 4803 de
518 4748 679 4805 ascensione
703 4750 812 4806 Domini
839 4768 910 4808 nanc
935 4768 1022 4824 spon·

220 4852 288 4905 sam,
314 4843 447 4903 sanctam,
463 4836 565 4893 scilieet
586 4838 748 4909 Ecclesiam,
776 4842 964 4908 consolantur,
986 4842 1024 4898 uti

219 4926 407 4997 llasponsoria
417 4927 474 4982 Nan
486 4928 680 4994 conturbetur,
694 4937 763 4996 etc.,
779 4930 896 5001 Tempus
905 4936 957 5000 est,
970 4940 1023 4987 etc.

218 5016 298 5072 Nune
311 5013 371 5087 ipsa
385 5014 504 5088 loquitur
527 5017 561 5071 ad
583 5032 725 5089 sponsum,
754 5026 783 5074 ut
807 5028 847 5075 est
877 5019 942 5075 illud
972 5020 1024 5077 lle·

219 5104 393 5177 sponsoriam
410 5120 417 5159 :
435 5104 582 5173 deuitare,
593 5107 722 5175 Dauniae,
736 5116 791 5165 ete.
806 5108 1024 5179 Nuacoptatre-

221 5193 275 5267 eipi
291 5194 325 5249 ad
340 5210 402 5251 eum
419 5208 500 5264 super
516 5194 618 5251 sidera.

259 5348 327 5405 Car.
345 5346 466 5405 XCtllll.
483 5348 573 5403 -De
588 5349 774 5421 responsoriis
789 5350 821 5405 iu
840 5352 1019 5409 Pentecoste.

256 5488 287 5541 ln
303 5486 467 5542 Pentecoste
482 5495 592 5543 cantant
619 5486 734 5544 Romani
754 5503 853 5543 novem
881 5488 1023 5557 lectiones,

222 5590 272 5629 nos
287 5588 351 5629 vero
365 5582 476 5645 propter
495 5576 665 5647 baptismalia
691 5586 860 5633 sacramenta
882 5578 910 5633 iu
938 5578 1025 5635 tribua

221 5660 349 5733 personis
364 5661 506 5733 baptizatis
522 5664 607 5721 tribus
625 5665 739 5739 psalmis
767 5667 910 5723 laudamus
938 5667 1025 5725 Trini-

223 5755 307 5804 tatem
322 5762 410 5821 usque
425 5750 458 5805 ad
474 5758 609 5810 octavam.

1377 4552 1577 4609 Pentecosten.

1115 4679 1177 4734 Post
1194 4678 1374 4733 Pentecosten
1388 4675 1537 4732 Dominicis
1551 4674 1649 4734 diebus
1669 4692 1757 4750 usqae
1776 4674 1805 4731 in
1829 4676 1881 4733 lla·

1079 4766 1176 4823 landas
1190 4766 1306 4839 Augusti
1317 4765 1448 4836 leguntur
1461 4763 1595 4821 lectiones
1610 4782 1673 4822 cum
1698 4766 1880 4837 responsoriis

1078 4856 1112 4912 de
1125 4856 1204 4911 libris
1219 4856 1334 4927 Regum,
1352 4870 1406 4926 quo
1431 4863 1553 4926 tempore
1574 4854 1665 4911 habile
1678 4862 1721 4911 est
1732 4855 1773 4910 ire
1783 4855 1817 4910 ad
1826 4872 1879 4925 pu-

1078 4960 1173 5015 gnarn.
1193 4945 1243 5000 llic
1262 4944 1443 5000 recordantur
1456 4954 1533 5016 gesta
1555 4944 1677 5010 Petrum,
1702 4941 1835 5000 Samuelis
1855 4952 1880 5000 et

1079 5033 1201 5098 Davidis,
1219 5032 1264 5104 qui
1280 5032 1429 5089 bellicosus
1443 5032 1509 5100 briis
1525 5032 1592 5090 litiae
1606 5042 1633 5089 et
1648 5031 1739 5089 Elisaei
1752 5040 1797 5097 ;ιιι
1811 5033 1880 5090 sicut

1077 5122 1116 5177 illi
1131 5121 1224 5177 conira
1238 5122 1341 5189 hostes,
1357 5122 1395 5177 ita
1410 5138 1461 5177 aas
1476 5131 1570 5180 contra
1585 5122 1649 5179 vitia
1665 5138 1833 5194 pugnemus.

1115 5220 1146 5274 ln
1161 5220 1286 5290 Augusto
1301 5234 1396 5275 mense
1419 5218 1569 5274 Dominicis
1596 5218 1722 5275 noctibus
1755 5220 1879 5277 dicuntur

1077 5309 1213 5366 lectiones
1227 5322 1289 5365 cum
1304 5308 1489 5379 responsoriis
1503 5308 1538 5363 de
1549 5306 1628 5363 libris
1637 5308 1799 5381 Sapientiae,
1815 5311 1879 5383 quia

1078 5398 1105 5453 in
1121 5400 1173 5455 boc
1187 5406 1257 5452 statu
1273 5397 1337 5452 nani
1353 5413 1461 5469 quaque
1477 5404 1535 5453 sata
1559 5404 1586 5452 et
1612 5396 1734 5468 plantata
1760 5398 1878 5455 tractum

1079 5484 1169 5541 lacere
1184 5482 1288 5546 solant;
1305 5481 1382 5537 itaet
1397 5498 1447 5537 uos
1460 5482 1516 5552 jam
1529 5484 1555 5536 ia
1571 5481 1692 5553 perlecta
1706 5492 1785 5539 aetate
1795 5482 1878 5557 positi

1079 5590 1130 5647 per
1157 5572 1277 5628 studium
1300 5570 1440 5643 sapientise
1464 5570 1596 5627 bonoram
1624 5586 1737 5643 operam
1762 5570 1876 5629 tructam

1080 5662 1154 5721 terre
1168 5662 1315 5718 debemus.

1113 5760 1145 5816 ln
1160 5758 1312 5833 Septembri
1326 5757 1396 5816 solet
1409 5774 1482 5832 saepe
1497 5756 1640 5818 infirmitas
1655 5758 1781 5820 accidere
1790 5753 1876 5815 homi·
