3942 6067
220 308 274 365 sou
548 300 699 359 uououu
720 297 975 358 aoousroouu.
997 293 1077 350 oar.
1103 292 1197 355 runs
1215 297 1250 355 u.
1268 329 1302 340 -
1320 297 1538 357 axsonrrcu.
1696 259 1701 269 ’
1762 245 1770 253 ’
1829 302 1883 358 sse

222 433 279 490 lnm
294 429 352 488 oris
366 427 427 495 liei,
438 442 491 500 par
507 427 611 484 reddita
625 441 675 498 per
685 424 803 482 Verbum
813 423 873 492 Dei,
883 421 946 495 qnia
956 429 1021 476 tanc
1034 419 1061 482 A
1075 419 1153 488 dum,
1169 421 1308 493 quierant
1322 421 1400 494 pardi
1414 428 1442 478 et
1454 420 1560 490 leones,
1581 420 1685 482 scilicet
1698 423 1765 480 saeri
1779 439 1881 496 perse-

219 517 398 592 impassibilis
412 525 440 574 et
454 515 615 572 immortalis
629 513 700 574 lacta
714 513 794 570 estin
804 511 915 570 Christo
925 515 1022 566 nostra
1074 517 1186 568 entores
1199 509 1361 568 analatidai
1380 517 1408 567 et
1429 509 1568 582 patientiae
1580 510 1732 582 pugnabat.
1744 512 1797 567 Per
1810 511 1881 568 illud

217 617 324 675 natura,
336 607 406 664 sicut
426 604 461 661 ab
480 602 557 660 initio
573 609 642 670 erat,
653 610 756 660 ereata.
771 601 828 658 Per
837 601 934 667 alera,
945 597 1021 655 acal·
1074 605 1163 656 antem
1173 599 1439 664 irremuneratas,
1453 613 1644 670 nsqueauroe,
1656 599 1762 672 εᾳείἱε,
1775 615 1826 672 per
1835 598 1876 656 di·

217 697 290 769 pilnr
304 692 461 768 evangelica
474 690 611 748 doctrina.
626 692 677 747 l’er
686 693 837 762 unoneata
854 685 942 744 sancti
960 684 1021 757 Spi·
1074 701 1157 744 uersa
1169 702 1274 760 oenera
1287 687 1438 744 herbarum
1450 686 1673 755 aromaticarum,
1686 686 1880 762 intelliguntur

218 777 1022 850 ritnscharismata.Parraoraeautnlenmeffarum,nornm
1073 774 1177 832 diversi
1190 776 1303 832 ordines
1323 775 1480 848 iustorum,
1506 774 1585 848 qnasi
1607 775 1727 833 diversae
1747 776 1877 850 legiones

217 866 684 934 nomenGarutianitatisinnuitur,
699 866 832 939 quodper
847 865 937 922 oleum
953 877 1021 918 san-
1073 871 1224 938 martyrum
1252 881 1304 936 pro
1330 863 1440 921 Christo
1468 863 1662 936 pugnantium.
1694 863 1754 922 Per
1778 881 1875 937 carpe,

217 969 289 1018 otum
299 960 327 1014 in
342 957 505 1028 baptismate
519 955 696 1013 credentibus
707 953 865 1026 imponitur.
876 953 928 1008 Per
939 951 1021 1007 lralra
1073 955 1178 1028 aquila
1193 969 1281 1026 usqne
1294 969 1342 1026 epo
1359 953 1479 1020 dormio,
1487 951 1650 1025 exprimitur
1659 951 1793 1010 Ecclesiae
1802 951 1876 1008 atili-

216 1065 272 1118 me,
297 1045 397 1104 Christi
421 1043 549 1102 ascensio
574 1051 694 1112 notatur,
712 1051 774 1116 post
793 1057 876 1115 quem
893 1038 1022 1098 Ecclesia
1073 1042 1138 1108 ctio,
1154 1057 1208 1114 qua
1221 1042 1273 1097 sul)
1287 1041 1424 1098 haereticis
1436 1056 1486 1112 pro
1500 1039 1556 1096 lide
1569 1040 1672 1098 afflicta·
1682 1049 1734 1099 est.
1756 1042 1808 1098 Per
1825 1057 1877 1113 eoo

217 1143 292 1208 optat
306 1134 375 1192 tratri
389 1133 417 1189 in
432 1132 544 1192 colum.
555 1133 621 1189 ldeo
637 1132 759 1205 sequitur
775 1149 782 1186 ι
800 1131 872 1188 Odor
885 1143 1020 1202 napaea-
1072 1131 1190 1198 άονεείο,
1204 1146 1256 1202 pur
1267 1139 1295 1187 et
1309 1129 1444 1188 securitas
1454 1127 1587 1188 Ecclesiae
1596 1128 1739 1202 accipitur.
1751 1130 1804 1186 l'er
1815 1147 1880 1186 aar·

217 1230 322 1291 torum,
339 1222 413 1296 quod
427 1221 476 1278 init
496 1221 616 1278 suavius
633 1220 752 1292 Spiritus
768 1219 856 1276 sancti
871 1218 1019 1274 donorum.
1073 1221 1180 1278 resciat
1188 1217 1709 1293 aperirent,ejuspraedlcatioinnnitur.
1716 1218 1876 1275 urracam

218 1313 384 1371 Introduxit
394 1326 509 1378 meren,
519 1309 725 1368 conversionem
735 1307 881 1381 primitivae
888 1303 1020 1364 Ecclesise
1071 1325 1136 1367 mea
1146 1310 1299 1382 liquefacta
1314 1311 1368 1375 ert,
1383 1304 1510 1363 Ecclesia
1522 1305 1715 1379 poenitentium
1729 1306 1873 1378 accipitur.

217 1399 354 1473 exprimit,
376 1415 437 1471 qaum
451 1406 514 1470 post
527 1398 619 1454 datum
635 1395 765 1470 Spiritum
779 1402 905 1454 eandum
928 1392 1019 1450 conti-
1072 1399 1124 1455 Per
1144 1397 1241 1470 qualo
1259 1401 1304 1453 ert
1321 1395 1444 1453 dilectas
1464 1399 1540 1462 lana,
1564 1410 1653 1468 neone
1678 1395 1812 1452 descendi
1841 1397 1874 1451 ia

216 1490 265 1560 pit.
278 1489 363 1561 lliora
375 1503 450 1555 ram,
462 1485 668 1544 tribulationem
682 1485 826 1558 primitivae
836 1481 969 1541 Ecclesire
978 1481 1019 1536 in-
1072 1487 1187 1546 lrcrtrrm
1213 1501 1328 1554 mcum,
1348 1483 1473 1542 &desis
1492 1481 1718 1555 imperfectorum
1742 1483 1877 1556 mysteria

216 1577 283 1642 uuit,
302 1590 385 1650 quam
400 1591 415 1630 s
429 1573 544 1647 perlrdis
558 1574 659 1631 ludaeis
680 1573 800 1642 pertulit.
821 1573 920 1630 ludica
933 1569 1017 1634 milti,
1071 1575 1170 1633 chorri
1194 1574 1310 1632 docetur
1328 1574 1363 1629 ab
1376 1571 1503 1630 Ecclesia
1520 1571 1716 1644 perfectorum.
1739 1573 1794 1630 Per
1808 1573 1875 1631 des-

215 1663 620 1738 angustiamdepromil,quam
641 1663 667 1718 ei
686 1661 876 1719 hereticorum
894 1658 1019 1730 pravitas
1070 1666 1155 1722 cendi
1178 1666 1211 1720 lu
1234 1666 1348 1722 lucrium
1366 1679 1478 1728 meum,
1497 1678 1585 1734 nsque
1607 1663 1672 1719 neni
1695 1662 1799 1720 dilecte
1821 1664 1874 1730 mi,

215 1753 312 1810 intulit.
330 1753 486 1825 St't'ottttraa
502 1755 539 1818 ie,
551 1751 720 1808 domonstrat
739 1749 853 1806 luieltlm
873 1746 1015 1818 apostolo·
1029 1771 1057 1831 Β
1072 1752 1215 1811 conversio
1228 1753 1403 1825 synogogae,
1427 1758 1455 1807 ot
1475 1750 1536 1820 ejus
1550 1757 1691 1807 nonomen
1714 1751 1768 1806 ool)
1793 1751 1876 1807 Ano.

215 1859 285 1910 rum,
296 1857 358 1914 quae
368 1841 393 1897 ei
408 1848 466 1898 erat
480 1847 509 1896 ut
524 1838 699 1897 tabernacula
713 1845 865 1910 pastorum·
877 1836 932 1893 Per
942 1851 1014 1892 mr·
1071 1842 1185 1911 christo,
1199 1849 1228 1898 et
1240 1841 1302 1897 lans
1324 1839 1527 1904 membrorum,
1551 1837 1579 1894 id
1601 1846 1643 1895 est
1663 1838 1791 1895 ordinum
1812 1840 1875 1909 ejus

216 1927 638 2002 armrrfrrctrrtammorrlra
652 1931 681 1985 et
695 1922 1014 1999 urtramropripassir
1069 1926 1565 2001 ormuntrur.1ndcusquerdliurrrr
1589 1925 1664 1995 ltori,
1684 1927 1795 1984 roario
1809 1927 1876 1984 iao-

215 2017 316 2075 curisti
330 2017 356 2074 ei
370 2016 541 2090 proponitur,
557 2023 587 2072 ur
601 2017 672 2074 uror
692 2031 743 2087 per
767 2012 925 2086 pauentium
948 2009 1014 2066 imi·
1069 2018 1173 2077 ‹teltnrn
1187 2025 1250 2091 post
1263 2016 1470 2082 onerariarum,
1490 2023 1517 2072 ει
1539 2015 1723 2073 remuneratio
1738 2014 1875 2082 lautum,

212 2114 298 2164 tetur·
326 2106 396 2162 Ntm
420 2120 469 2178 per
492 2104 607 2161 nardum
628 2101 789 2169 incarnatio,
812 2117 860 2173 W
874 2101 1013 2172 mirrham
1070 2117 1098 2165 et
1112 2107 1249 2181 separatio
1263 2107 1399 2163 bonorum
1413 2113 1441 2162 et
1455 2103 1588 2162 malorum
1603 2120 1653 2176 per
1661 2104 1785 2160 ultimum
1798 2104 1877 2174 judi·

212 2195 317 2267 passio,
337 2211 386 2266 per
405 2192 513 2250 botrum
523 2191 602 2265 cypri
621 2190 789 2248 resurrectio
799 2188 900 2247 Christi
914 2187 1015 2260 accipi·
1068 2197 1141 2255 0ium
1164 2194 1332 2269 exprimitur.
1359 2193 1430 2251 Post
1449 2194 1523 2266 quod
1546 2191 1711 2252 uniuersalis
1733 2191 1876 2260 Ecclesia,

213 2284 325 2340 tnr.l’er
336 2297 398 2339 ecce
409 2286 442 2337 ta
451 2281 609 2354 paleiraea
619 2281 830 2344 amicamcn,et
840 2275 945 2348 reliqua
955 2292 1017 2348 onae
1070 2285 1172 2360 chriso
1193 2299 1305 2357 sponsa,
1320 2297 1492 2356 percurrero
1507 2280 1583 2337 unius
1597 2281 1689 2338 verbo
1705 2280 1765 2349 Dei,
1782 2280 1878 2354 glorie

213 2369 514 2444 sequnntur,usqueiu
527 2369 630 2426 kclulo
645 2367 788 2437 meo,lans
802 2363 1016 2422 lideietlaboris
1069 2382 1096 2432 οι
1116 2374 1221 2431 honoro
1248 2388 1300 2444 pro
1327 2370 1478 2429 ornamina
1505 2384 1556 2427 suo
1584 2369 1768 2438 coronabitur,
1792 2377 1821 2426 er
1845 2369 1876 2425 in

211 2459 357 2532 primilivoe
371 2457 504 2516 Ecclesiae
527 2471 544 2511 a
567 2455 695 2520 Chrislo;
720 2463 749 2512 et
772 2453 919 2528 gratiarum
944 2451 1017 2510 actio
1069 2463 1193 2520 oholpmo
1214 2461 1327 2535 glorioe⁸
1352 2459 1381 2515 id
1404 2467 1446 2516 ost
1471 2459 1499 2515 in
1521 2456 1663 2514 manifesta
1686 2457 1793 2516 visione
1820 2457 1877 2514 Dei

211 2547 299 2619 ipsius
306 2545 507 2617 llcclcsiae,pro
515 2544 594 2602 donis
600 2543 716 2615 Spiritus
725 2542 813 2600 sancti
824 2551 850 2600 et
858 2540 1016 2614 predicatio
1070 2568 1176 2626 „pomo
1191 2567 1241 2608 000
1255 2549 1441 2622 oopolooirur,

211 2636 297 2708 ipsius
305 2635 340 2692 ad
352 2643 449 2708 gentes
459 2633 632 2704 exprimitur.
643 2634 694 2689 Per
703 2631 769 2689 illud
780 2645 856 2699 vero,
865 2632 897 2686 iu
910 2630 1014 2688 lectulo

210 2741 282 2792 ruso,
294 2739 380 2796 nsque
398 2724 499 2780 omnm
513 2721 549 2779 nd
562 2726 689 2779 montem
707 2720 831 2794 myrrha
848 2718 1015 2775 introductio

211 2812 343 2870 licolesioe
358 2811 483 2883 gentium
498 2817 617 2878 notatur,
631 2825 693 2880 qnae
707 2825 757 2880 per
771 2807 914 2881 apostolos
924 2806 959 2863 de
969 2806 1016 2862 de·

212 2909 287 2958 serto
302 2897 469 2956 infidelitatis
484 2898 511 2952 in
526 2897 652 2954 lectulum
668 2895 839 2964 Salomonis,
861 2901 887 2952 et
910 2895 939 2949 in
954 2894 1014 2950 ler-

210 2982 302 3040 onlnm
322 2982 358 3039 ad
380 2981 535 3039 convivium
560 2988 602 3036 est
625 2980 723 3048 ducta,
741 2987 767 3037 et
782 2994 801 3034 a
815 2977 921 3034 filiabus
946 2977 1012 3034 Sion

209 3078 347 3144 suscepta,
364 3078 391 3126 et
406 3085 422 3125 a
438 3085 504 3142 rege
519 3065 633 3140 pocilrco
654 3067 801 3142 magnifice
824 3066 941 3124 laudata.
961 3067 1014 3121 Per

208 3159 275 3217 illud
291 3159 390 3216 undam
405 3158 442 3214 acl
454 3161 579 3216 inanum
588 3157 719 3229 mprrltoe,
732 3171 818 3228 nsque
833 3126 1053 3212 tartareos-⁰
1118 3181 1237 3242 Caum
1255 3178 1340 3250 dim
1360 3177 1429 3234 Μ,
1446 3178 1527 3232 cam
1543 3175 1695 3246 aaaron&
1713 3173 1823 3232 amon-3

209 3251 316 3318 cinctu,
325 3245 605 3305 certamenEcclesiae
619 3243 749 3312 innuitur,
761 3243 808 3300 nbi
818 3251 915 3301 contra
929 3245 1015 3300 dma-
1168 3250 1257 3323 prono
1269 3249 1378 3320 ,cripta
1395 3262 1457 3303 mro
1474 3247 1544 3302 rant
1560 3245 1649 3301 simut
1667 3245 1766 3317 officio,

210 3355 255 3408 na,
271 3335 353 3394 Sanir
367 3344 395 3394 et
407 3335 537 3402 llermon,
554 3334 581 3390 id
606 3341 647 3391 est
668 3340 766 3391 contra
786 3331 926 3406 principes
944 3347 1014 3406 gen·
1156 3323 1249 3394 Bilta
1267 3319 1321 3376 ⁰0⁰
1340 3319 1402 3391 reli
1419 3317 1523 3387 finitur
1543 3317 1606 3372 ΜΝ
1624 3317 1778 3387 himmi-

595 3425 722 3503 lixplicil
742 3431 883 3502 expositio
903 3427 1024 3486 lionorii
1040 3439 1126 3497 saper
1147 3419 1267 3476 Cantica
1284 3415 1477 3473 sardeorum.

1107 2679 1182 2734 Sient
1196 2683 1301 2748 patrem
1326 2673 1430 2741 llarid,
1453 2673 1534 2728 l’atre
1557 2671 1616 2728 lieo
1635 2669 1800 2741 opitulante,
1821 2687 1874 2727 ex-

1071 2765 1243 2840 planavimus
1259 2781 1265 2820 :
1281 2763 1320 2820 ita
1333 2762 1416 2818 lilium
1432 2760 1620 2825 Salomonem,
1636 2758 1705 2815 Filio
1717 2759 1777 2816 lieo
1789 2759 1874 2828 adiu-

1071 2863 1162 2922 uante,
1185 2852 1394 2910 elucidavimus.
1422 2849 1488 2906 Ideo
1506 2864 1603 2908 ornnes
1626 2846 1738 2920 Spiritui
1761 2853 1873 2916 orco,

1070 2941 1248 3016 compositori
1272 2949 1299 2996 et
1322 2938 1473 3011 expositori
1487 2938 1629 3009 utriusque
1651 2935 1745 3008 operis
1768 2935 1874 3009 gratias

1071 3031 1234 3090 referamos.

566 3905 899 4022 SIGILLUM
956 3893 1207 4013 BEATAE
1277 3889 1519 4003 MARIAE

653 4173 712 4234 UBI
731 4168 977 4232 EXPONUNTUR
995 4163 1148 4224 crollet
1169 4158 1415 4219 cumcontra.

416 4379 556 4457 Discipuli
574 4377 611 4438 ad
632 4379 810 4453 mooislram.
1028 4371 1055 4432 D
1068 4366 1163 4424 domui
1173 4363 1223 4422 liei
1238 4362 1340 4435 aliquid
1354 4360 1464 4418 decoris
1473 4358 1622 4427 adducere,
1633 4365 1664 4414 ut
1673 4370 1782 4414 merear
1793 4354 1823 4411 in
1832 4370 1872 4411 ea

250 4471 359 4552 Optimo
376 4475 518 4549 magistro,
542 4471 676 4528 librorum
698 4467 832 4542 registro,
858 4460 1015 4535 frequentia
1054 4455 1233 4548 'quandoque
1252 4451 1422 4508 mansionem
1440 4448 1596 4522 percipere.
1628 4445 1716 4520 lpitur
1734 4443 1800 4518 quia
1817 4459 1873 4501 ae-

214 4564 428 4639 dlscipulorum,
444 4562 539 4619 videre
558 4560 587 4615 in
612 4558 677 4618 Sion
693 4557 780 4614 Deum
794 4553 923 4610 deorum.
943 4549 1013 4607 Om·
1066 4553 1154 4600 strum
1181 4540 1329 4615 collegium
1357 4545 1503 4612 pratamer
1530 4535 1665 4607 suscepit,
1694 4549 1778 4607 quem
1804 4531 1870 4587 misi

215 4659 291 4716 ulum
305 4653 417 4710 tratrem
434 4657 584 4708 conventus
606 4655 660 4704 tuae
683 4642 834 4719 diligentie
848 4648 942 4715 pratas
954 4637 1013 4694 sol·
1066 4633 1198 4697 libellum,
1210 4630 1282 4686 dabo
1295 4641 1409 4700 operam
1422 4625 1589 4698 perclareat
1603 4622 1692 4680 Dauid
1702 4621 1781 4679 vobis
1795 4635 1872 4676 rese-

216 4745 269 4816 vit,
287 4742 360 4817 qnod
384 4742 423 4799 als
446 4739 558 4813 spiritns
582 4735 722 4809 saplentiae
743 4741 782 4790 tot
803 4731 943 4788 involucra
963 4742 1015 4798 per
1067 4737 1141 4789 rare,
1156 4719 1192 4777 de
1207 4717 1306 4791 quibos
1320 4713 1449 4773 videmini
1461 4711 1598 4770 dubitare.

216 4845 293 4891 tuum
305 4833 427 4889 laborem
443 4828 471 4885 in
485 4825 636 4886 elucidario
650 4823 762 4882 euoluit.
777 4821 916 4894 Rogamus
930 4817 1015 4891 igitur
1103 4809 1148 4865 lld
1162 4807 1279 4882 pluriam
1292 4805 1383 4877 itaque
1398 4801 1458 4858 Filii
1472 4800 1533 4869 Dei,
1548 4808 1576 4858 et
1589 4800 1624 4856 ad
1640 4802 1773 4857 honorem
1788 4795 1870 4870 oani-

216 4933 244 4982 te
257 4938 354 4980 omnes
367 4935 421 4977 uuo
436 4933 485 4974 ore
499 4917 597 4974 lterum
612 4929 713 4971 novum
727 4911 850 4968 laborem
866 4906 971 4973 subire,
988 4913 1016 4961 et
1068 4897 1143 4954 tricis
1155 4911 1222 4960 snoe,
1236 4894 1281 4951 lric
1295 4892 1404 4949 libellus
1418 4892 1526 4957 edatur,
1539 4896 1567 4946 et
1581 4903 1682 4946 nornen
1695 4887 1721 4944 ei
1734 4885 1871 4959 Siciliam

217 5013 298 5072 nobis
312 5026 391 5069 caum
405 5005 545 5067 charitatis
561 5003 674 5078 aperire
688 5018 739 5060 cur
753 4995 936 5072 Evangelium
952 4994 1016 5049 :irr-
1067 4989 1174 5043 sancte
1189 4984 1283 5040 llario
1302 4982 1476 5053 imponatur.
1498 4979 1561 5050 lpse
1583 4982 1677 5034 auum
1700 4973 1871 5033 intellectum

220 5103 309 5160 travit
323 5101 402 5158 lusus
414 5099 446 5154 ic
461 5093 599 5170 quoddam
613 5092 765 5152 cartallum
778 5081 856 5159 (dac.
871 5099 902 5152 x,
918 5083 973 5154 38),
990 5089 1018 5138 ει
1068 5073 1179 5139 tribnat,
1194 5071 1274 5145 cujus
1286 5067 1420 5141 sapientia
1433 5082 1546 5124 ornnem
1562 5081 1672 5123 senam
1687 5068 1809 5136 arpent.

220 5191 338 5250 ductim
352 5188 530 5246 canticoram
545 5183 579 5238 de
594 5188 689 5239 sancta
703 5176 788 5278 llaria
803 5176 940 5248 legantur,
954 5187 1017 5228 cnm
1276 5203 1410 5274 mmm
1429 5202 1537 5257 mm
1557 5197 1661 5254 uaria.

219 5279 286 5336 nihil
301 5277 411 5352 penitus
425 5273 461 5330 ω
475 5287 537 5330 ⁹²⁰¹
551 5269 690 5343 pertinere
704 5265 861 5326 ‘'mm''
1107 5301 1203 5361 Dicitis
1220 5316 1271 5359 vos
1294 5298 1387 5356 mirari
1400 5313 1448 5356 cnr
1467 5293 1659 5369 Euangeiinm,
1686 5290 1809 5348 intrauit
1829 5291 1872 5348 Je-

468 5393 618 5469 Retplmtio
632 5389 771 5463 Memfi·
1071 5409 1130 5460 aas,
1145 5399 1173 5448 et
1187 5391 1307 5448 Castus
1320 5387 1348 5443 in
1362 5385 1508 5444 lestivitate
1522 5391 1624 5441 sanctae
1638 5381 1730 5438 llariae
1744 5377 1871 5435 reciten-

132 5569 138 5582 .
255 5498 326 5571 Quia
341 5495 448 5572 pondus
458 5493 514 5550 diei
529 5499 556 5549 et
568 5499 650 5549 aestus
660 5487 771 5546 decrevi
780 5485 808 5542 in
819 5484 899 5542 vinea
910 5480 1019 5540 Domini
1071 5489 1124 5551 tur,
1141 5496 1203 5538 cum
1218 5477 1298 5554 quasi
1311 5475 1379 5532 nihil
1392 5474 1428 5532 de
1442 5489 1476 5531 ea
1489 5487 1590 5530 sonare
1606 5478 1719 5542 utraque
1733 5483 1751 5524 a
1763 5463 1872 5538 simpli·

219 5604 269 5660 pro
282 5583 397 5644 denario
410 5589 534 5656 portare,
551 5579 614 5637 nolo
628 5587 747 5644 terram,
771 5581 800 5632 nt
823 5572 923 5631 sterilis
937 5569 1018 5628 facul-
1069 5571 1149 5628 cibus
1162 5569 1340 5626 mutuentur.
1349 5557 1690 5640 Debetisigitnrlnprirnis
1704 5556 1738 5612 de
1749 5555 1873 5628 Euange-

221 5690 291 5744 nea,
306 5677 332 5730 ln
348 5687 463 5730 vacuum
487 5683 635 5742 occupare,
658 5665 709 5726 aed
731 5671 760 5722 ut
782 5663 855 5722 oliva
875 5661 1017 5720 lructiiera
1069 5659 1106 5718 lio
1120 5658 1200 5726 scire,
1212 5656 1285 5729 quod
1301 5653 1367 5712 nihil
1379 5651 1467 5724 potuit
1481 5648 1598 5708 inveniri
1610 5647 1639 5705 in
1655 5653 1707 5704 tota
1723 5645 1873 5716 scripturo
