3942 6067
189 295 241 353 863

520 288 669 350 nortona
689 292 943 351 AUGUSTODUN.
967 290 1049 349 oeta
1066 292 1154 350 PARS
1173 294 1225 349 ΙΙΙ.
1244 322 1279 335 -
1294 292 1497 351 trauaotcx.

1790 296 1844 351 864

189 416 274 497 gandi
288 427 316 477 et
330 424 452 493 potestas
459 416 624 491 poenitentes
634 416 761 473 solvendi
771 417 851 472 nobis
861 416 989 472 divinitus
1003 416 1032 479 Α
1047 416 1145 472 eodem
1156 417 1182 472 ei
1196 417 1258 473 loco
1271 417 1417 489 judicavit.
1446 414 1499 487 Qui
1519 426 1617 489 postea
1638 419 1702 476 dum
1716 418 1844 493 moritur,

190 510 398 568 commendatur
411 509 521 580 (ιιιιιι.
537 506 634 573 xviri).
654 506 748 580 lgitur,
764 506 911 577 karissimi,
927 522 990 563 oum

191 598 253 657 sitis
267 614 319 655 vos
333 614 399 654 oves
414 596 532 663 Domini,
549 604 577 651 et
591 611 640 651 nos
664 596 747 651 vestri
776 604 911 667 pastores,
940 612 991 651 nos

192 704 242 761 pro
256 694 350 743 vestra
365 687 451 743 salute
466 694 492 742 et
506 701 554 741 vos
564 700 613 757 pro
624 693 716 741 vestra
727 685 991 741 salvationedcbetis

193 792 289 849 preces
304 774 454 841 effundere,
469 784 603 847 quatenus
619 790 652 830 ea
667 790 728 847 qum
756 775 834 831 vobis
859 776 992 845 praedioa-

193 882 266 932 mus,
281 864 358 921 iactis
373 864 517 921 vobiscum
531 864 645 934 implere
660 864 817 930 valcamus;
834 872 861 919 et
882 873 911 919 ιι
933 864 993 919 ιιι-

194 972 255 1011 mus
269 954 440 1011 sacerdotum
454 954 487 1007 ad
503 953 561 1009 baso
576 952 684 1025 agenda
698 952 864 1020 inardescat,
878 952 993 1009 lucerna

193 1044 272 1115 hujus
286 1043 406 1117 exempli
421 1051 484 1099 ente
499 1058 547 1099 eos
562 1041 747 1114 splendescat.

231 1168 333 1225 Praesul
349 1170 459 1242 quidam
474 1168 589 1225 ferventi
604 1167 694 1225 studio
708 1166 816 1238 plebem
839 1168 891 1223 sibi
915 1183 993 1225 cam-

193 1260 307 1317 missam
322 1258 448 1327 docebat,
465 1258 618 1329 exemplum
634 1257 752 1329 scipsum
768 1258 864 1314 vivum
889 1258 916 1313 in
931 1274 994 1314 om-

195 1348 275 1405 nibus
289 1348 449 1418 exhibebat;
464 1347 510 1402 ubi
525 1347 559 1402 ab
574 1347 634 1403 aliis
644 1346 725 1403 rebus
741 1347 869 1415 vacabat,
885 1363 996 1420 sempor

194 1436 310 1496 orationi
326 1436 444 1493 astabat.
464 1434 586 1507 Quadam
602 1434 655 1507 die,
673 1435 737 1491 dum
753 1436 827 1492 solus
847 1438 877 1493 in
900 1445 995 1493 orato·

196 1526 236 1583 rio
250 1527 309 1594 suit,
325 1526 435 1598 quidam
451 1524 598 1599 religiosus
621 1525 720 1581 ooelum
744 1542 827 1597 super
852 1526 996 1583 ecclesiam

195 1615 299 1687 aperiri
315 1614 390 1681 vidit,
407 1622 487 1687 atquo
507 1614 571 1671 inde
594 1615 754 1671 immensam
779 1613 867 1671 lucem
880 1614 996 1672 effusam

196 1704 389 1777 splendescere
404 1711 432 1759 et
446 1719 508 1760 cum
523 1703 686 1759 suavissima
702 1704 858 1760 canentium
879 1705 996 1762 melodia

196 1792 365 1849 ineundam
387 1793 476 1849 locum
499 1792 684 1861 descendere;
705 1801 767 1864 post
791 1793 903 1868 longam
926 1812 996 1851 voro

197 1898 301 1938 morem
319 1880 446 1955 [morem]
461 1882 577 1939 eandem
602 1884 753 1939 armoniam
779 1900 841 1939 cum
865 1892 946 1940 cantu
967 1902 997 1941 se

197 1970 364 2027 deecclesia
381 1970 478 2028 levare
493 1980 519 2027 et
534 1971 594 2027 coeli
622 1972 675 2027 alta
695 1980 849 2043 penetrare.
872 1974 998 2029 Protinus

198 2061 328 2117 sacerdos
343 2060 446 2116 Christi
459 2062 623 2117 convocatis
637 2060 767 2117 iratribus
791 2063 892 2118 obitum
919 2080 997 2119 suam

123 2178 128 2185 ·
197 2149 406 2222 praenunciavit,
424 2149 624 2206 multitudinem
640 2151 880 2221 angelorumadse
891 2154 1000 2209 venisse

198 2244 225 2295 et
239 2240 356 2309 septima
371 2239 415 2295 die
430 2247 560 2295 venturus
575 2238 725 2313 [venturos]
740 2241 774 2296 ad
793 2257 823 2297 se
844 2242 1000 2298 ducendum

198 2326 232 2384 ad
246 2328 367 2384 ornlestia
382 2328 541 2399 promisisse
556 2327 696 2385 iudicavit.
715 2329 804 2399 Quam
818 2348 876 2386 rem
887 2331 1000 2388 effectus

200 2419 343 2489 sequitur,
360 2432 420 2471 nam
437 2418 553 2488 septima
569 2418 613 2472 dic
627 2433 689 2474 cum
705 2433 805 2491 magna
821 2420 881 2477 luce
896 2430 922 2475 et
938 2438 1000 2479 cum

199 2506 340 2580 ymniloga
355 2505 518 2580 augelorum
532 2507 694 2576 jubilatione
707 2508 742 2564 ad
757 2509 857 2581 sydera
873 2512 996 2566 vehitur.

96 2636 99 2641 ·
200 2595 223 2653 Ο
240 2595 386 2662 karissimi,
403 2612 485 2669 quam
501 2596 578 2652 beate
593 2596 686 2653 anima
700 2614 761 2669 ιιι
773 2600 873 2654 meruit
888 2600 1001 2675 angelo·

199 2700 261 2741 rum
274 2685 426 2743 consortia!

517 2811 686 2883 Adjadioer.

237 2946 315 3003 Nunc
331 2960 379 3003 vos
394 2946 529 3020 alloquor,
550 2963 568 3003 o
589 2949 706 3017 judices,
732 2965 800 3022 quos
822 2952 896 3007 Deus
915 2953 1003 3022 justus

200 3031 282 3101 judex
297 3031 436 3088 constituit
451 3032 542 3103 populi
572 3034 613 3087 sui
627 3033 775 3105 prinripeS.
798 3037 886 3091 Verba
907 3040 1002 3095 aeterni

199 3120 302 3191 judicis
315 3136 370 3177 uon
384 3122 491 3177 debetis
505 3121 622 3178 moleste
637 3123 721 3188 l'erre,
744 3122 792 3179 sed
814 3142 902 3196 prono
926 3132 1048 3197 oorr'ac

203 3211 310 3277 audire,
326 3218 382 3267 tote
398 3210 526 3266 aviditate
539 3210 579 3266 eis
602 3212 628 3265 in
645 3213 772 3267 omnibus
787 3216 915 3271 obedire.
934 3220 1011 3276 Tunc

203 3309 230 3355 ct
250 3300 294 3355 bic
318 3299 426 3355 divitias
448 3308 473 3355 ιι
498 3300 626 3373 gloriam,
653 3311 679 3357 et
705 3302 731 3356 in
750 3300 837 3358 laturo
853 3305 1011 3363 obtinebitis

203 3388 333 3463 gandium
352 3397 380 3444 et
392 3387 532 3444 laeticiam.
551 3386 693 3459 Inprimis
709 3406 758 3447 vos
774 3393 936 3450 vocabulum
960 3413 1013 3453 ve·

205 3480 293 3533 sirum
308 3478 388 3533 decet
403 3477 562 3541 adtendere,
579 3477 613 3550 (ι’
636 3481 669 3533 ιι
690 3484 732 3551 ιι)
753 3480 860 3551 justum
878 3484 1013 3552 judicium

205 3567 312 3624 cunetis
327 3566 502 3636 impendere,
517 3580 664 3639 numquam
680 3577 794 3641 propter
807 3573 949 3641 pecuniam
967 3574 1013 3631 vel

204 3672 316 3711 munera
330 3655 464 3725 judicium
479 3656 649 3725 subvertere,
666 3658 839 3731 pauperibus
852 3678 916 3719 vero
931 3664 959 3719 ιι
972 3664 1015 3733 ju·

205 3744 277 3802 dicio
292 3760 416 3817 parcere,
432 3745 497 3819 quie
512 3746 645 3816 scriptum
660 3754 702 3801 est
718 3765 725 3801 :
742 3749 1015 3809 ludiciumsiraemi·

206 3835 360 3893 remorato
373 3836 400 3893 ei
410 3837 458 3909 qai
473 3850 531 3892 aon
541 3838 615 3908 fucit
628 3836 854 3895 miscricordiam
868 3840 942 3911 (lor.
963 3842 994 3909 ιι)
1006 3842 1013 3889 ἰ

209 3923 326 3994 clerum,
350 3925 482 3982 ecclesias
504 3941 604 3997 resque
627 3926 661 3981 ad
686 3927 819 3982 ecclesias
835 3928 1014 3998 pertinentes,

206 4014 313 4083 viduas,
331 4015 459 4087 pupillos,
475 4030 613 4087 pauperes
633 4015 798 4079 delensarc;
825 4015 910 4083 iures,
927 4018 1014 4073 latro-

214 4118 275 4171 nes,
290 4103 437 4175 predones
451 4101 486 4158 de
500 4104 602 4174 populo
611 4103 659 4159 Dei
667 4104 848 4161 exterminare
858 4124 865 4172 ς
874 4105 1015 4162 innoxium

218 4208 235 4246 n
257 4192 360 4262 judicio
381 4190 539 4260 justificare,
563 4192 598 4247 ab
619 4192 724 4262 injusta
744 4194 918 4251 accusatione
943 4195 1016 4253 libe-

212 4294 296 4346 raro;
312 4279 409 4335 noxios
423 4294 488 4336 vero
501 4288 528 4335 ιι
543 4280 712 4351 pestilentes,
729 4290 758 4335 ut
778 4283 871 4339 caeteri
891 4285 1013 4353 timeant,

206 4368 289 4438 justae
303 4367 430 4424 vindictae
448 4368 606 4439 subjugare.
622 4369 738 4439 Expedit
749 4370 821 4426 enim
830 4379 859 4425 ut
870 4389 941 4427 ursus
952 4388 1017 4443 per·

209 4462 254 4513 eat
283 4471 365 4541 qpam
396 4456 455 4527 ipse
482 4454 584 4513 multos
605 4458 713 4528 perdat.
740 4458 795 4529 Ipsi
810 4460 915 4515 debetis
929 4476 1052 4556 omnen

211 4544 312 4601 malum
327 4544 467 4601 declinare
481 4552 509 4601 et
523 4561 619 4601 omnes
635 4562 703 4618 qnos
717 4555 831 4619 potestas
847 4549 882 4604 ab
906 4549 1013 4615 injusti-

211 4635 253 4692 cia
266 4633 435 4706 probibendo
450 4649 591 4691 revocare.
612 4635 641 4691 Si
665 4636 715 4691 lroc
740 4635 830 4693 lacere
856 4638 982 4705 nitimini,
999 4653 1015 4693 a

209 4726 284 4796 justo
295 4724 388 4793 judice
402 4724 459 4779 Deo
474 4724 680 4780 coronabimini.
694 4724 722 4781 Si
737 4734 826 4782 eutem
853 4742 902 4798 per·
917 4735 1015 4798 poten-

212 4813 278 4871 tiam
293 4812 423 4885 populum
439 4812 489 4868 Dei
504 4812 586 4868 vultis
601 4813 765 4885 opprimere,
780 4815 863 4872 timeo
890 4831 939 4873 ros
955 4822 1015 4872 tre·

214 4902 342 4959 mendum
359 4902 411 4959 Dei
422 4901 557 4973 judicium
573 4901 703 4959 incidere.
717 4904 759 4959 Ne
775 4913 864 4960 autem
876 4914 959 4961 rento
970 4905 1018 4961 ob·

212 4991 322 5048 lirionis
345 4992 404 5049 ιιι
427 5007 444 5049 ι
466 4992 600 5048 memoria
624 5002 714 5047 vestre
737 4992 876 5064 tollantur,
905 4992 1015 5051 vinculo

213 5080 294 5153 hujus
307 5080 426 5155 exempli
442 5078 495 5137 ιιι
510 5087 666 5139 ιιιιιιιιι.

249 5208 320 5265 ιιι
335 5209 479 5281 quemdam
495 5222 589 5282 regem
603 5206 638 5263 ad
652 5207 754 5263 bollum
768 5212 964 5279 properantem
972 5206 1017 5263 vi·

214 5302 268 5360 dua
283 5302 406 5377 quaedam
421 5302 608 5375 interpellaret
624 5309 653 5357 ut
668 5301 753 5357 filium
768 5303 826 5373 ejus
851 5302 1016 5368 vindicaret,

215 5393 262 5451 ille
276 5401 389 5465 peracto
404 5392 476 5449 bello
490 5390 542 5449 boo
556 5408 586 5447 se
602 5390 735 5448 facturum
748 5392 899 5463 respondit.
908 5390 962 5447 Sed
972 5390 1018 5445 illa

216 5482 283 5538 dixit
308 5498 315 5539 ι
338 5504 349 5531 ι
374 5480 403 5540 Si
427 5488 455 5537 lu
474 5480 579 5538 occisus
603 5480 698 5547 fueris,
723 5480 785 5552 quis
806 5480 872 5535 mihi
892 5478 1017 5535 vindica-

218 5569 278 5625 bit?
296 5595 307 5620 ι
324 5574 356 5627 ιιι
369 5572 415 5627 ille
431 5589 438 5626 :
458 5594 469 5619 ι
487 5569 539 5639 Qui
554 5579 616 5641 post
628 5586 682 5635 me,
694 5568 791 5641 inquit,
802 5569 937 5642 regnabit.
947 5592 958 5617 ι
968 5568 1019 5623 ιιιι

219 5657 330 5713 intulit:
350 5681 361 5706 ι
379 5660 446 5727 Quae
459 5658 546 5731 gratia
562 5658 609 5713 tibi
623 5658 685 5713 inde
702 5658 763 5725 erit,
780 5658 854 5730 quod
877 5657 946 5713 alius
974 5656 987 5711 ι
1003 5688 1017 5698 -

221 5742 313 5799 ceriti
331 5766 343 5793 ι
359 5745 408 5801 Ille
424 5762 518 5804 rerum
533 5762 593 5804 eam
608 5754 784 5819 prosecutam
812 5744 928 5805 firmarit
950 5750 976 5803 ιι
990 5744 1018 5802 in

1043 505 1111 577 quia
1133 522 1257 579 paganus
1283 515 1352 572 erat,
1368 507 1402 561 ιι
1426 507 1558 563 infernum
1578 508 1699 565 ducitur.
1717 508 1847 565 Evolutis

1044 602 1134 650 autem
1150 596 1241 650 multis
1252 595 1340 662 anuis,
1356 596 1452 650 beatus
1467 595 1627 667 Gregorius,
1657 599 1781 668 ejusdem
1796 613 1847 652 re-

1045 684 1089 757 gia
1104 684 1215 741 domum
1231 685 1405 755 praeteriens,
1417 686 1565 759 imaginem
1576 687 1636 755 ejus
1648 688 1802 758 conspexit,
1814 700 1849 743 ee

1046 773 1136 829 viduae
1147 773 1278 843 judicium
1293 773 1321 828 in
1338 776 1496 829 memoriam
1511 776 1632 831 reduxit.
1652 773 1741 846 Quies
1752 776 1849 831 intimo

1047 862 1139 918 auimo
1160 862 1311 919 condolens
1331 867 1386 919 lem
1407 863 1509 932 justum
1536 864 1655 933 judicem
1683 865 1710 921 ιι
1739 864 1850 920 ιιιιιιι

1047 961 1180 1023 ριιριιιι
1204 951 1330 1019 ιιιιιιιι,
1354 952 1438 1023 coepit
1463 968 1513 1023 pro
1540 968 1574 1009 eo
1601 954 1695 1010 triduo
1709 954 1852 1009 uberrime

1048 1040 1195 1097 lacrimari.
1219 1040 1317 1097 'l'ercio
1340 1040 1375 1095 de
1398 1040 1514 1115 angelus
1538 1041 1647 1097 Domini
1663 1042 1689 1097 ei
1704 1042 1799 1109 astitit,
1821 1056 1853 1098 se

1049 1130 1204 1186 exauditum
1221 1130 1311 1186 aDeo
1325 1128 1430 1185 retulit.
1453 1129 1483 1185 Si
1504 1146 1627 1203 paganus
1644 1128 1734 1201 judex
1754 1130 1789 1186 ob
1801 1132 1851 1200 ju·

1049 1226 1121 1275 stum
1133 1217 1269 1291 judicium
1282 1219 1382 1274 meruit
1395 1219 1431 1273 de
1444 1219 1534 1291 poenis
1552 1218 1722 1295 refrigerari,
1748 1228 1854 1292 quanto

1048 1308 1138 1380 magis
1152 1308 1300 1364 Christiani
1310 1308 1416 1378 judicos
1430 1309 1607 1365 merebuntur
1626 1310 1664 1368 ob
1683 1308 1825 1380 justiciam
1838 1324 1856 1364 a

1050 1398 1158 1455 cbristo
1168 1397 1263 1469 judice
1277 1396 1435 1472 perenniter
1447 1396 1587 1456 laureari?

1363 1580 1405 1639 dd
1419 1534 1532 1639 diriter.

1012 1768 1037 1831 B
1088 1748 1167 1805 Nunc
1178 1762 1277 1803 monco
1291 1764 1350 1813 vos,
1366 1746 1475 1815 divites,
1490 1762 1560 1819 quos
1574 1745 1652 1802 dives
1662 1746 1794 1803 Dominus
1807 1761 1858 1801 vo·

1051 1836 1100 1893 luit
1114 1854 1175 1893 esse
1189 1854 1337 1909 pauperum
1350 1845 1455 1907 patres.
1476 1836 1647 1891 Mementote
1663 1836 1735 1908 quod
1751 1835 1819 1890 nudi
1828 1835 1860 1889 in

1052 1928 1124 1983 bunc
1146 1927 1276 1981 mundum
1301 1926 1415 1981 venistis
1438 1934 1464 1979 ιι
1488 1926 1561 1997 quod
1584 1926 1650 1980 nudi
1678 1924 1743 1980 hinc
1757 1925 1859 1981 exituri

1053 2016 1129 2073 esus.
1147 2018 1257 2072 Etcum
1273 2031 1386 2071 necesse
1402 2014 1437 2068 sit
1451 2030 1503 2069 vos
1518 2015 1615 2069 alienis
1630 2013 1861 2069 divitiasvestras

1053 2106 1222 2177 relinquere,
1239 2104 1365 2159 festinate
1380 2119 1452 2158 nunc
1466 2119 1513 2158 eas
1528 2119 1579 2173 por
1595 2120 1690 2157 manus
1705 2118 1859 2173 pauperum

1054 2194 1081 2249 in
1101 2195 1229 2251 coelestes
1248 2194 1391 2248 thesauros
1413 2194 1589 2263 praemittere,
1612 2200 1640 2245 ιιι
1665 2206 1727 2247 oum
1747 2206 1860 2245 vermes

1054 2299 1153 2340 carnes
1178 2288 1284 2338 vestras
1311 2282 1337 2335 in
1362 2281 1508 2351 sepulchro
1530 2280 1674 2344 devorant,
1697 2278 1749 2349 ipsi
1765 2294 1817 2333 vos
1832 2279 1861 2333 ιι

1056 2382 1158 2429 aeterna
1173 2370 1348 2427 tabernacula
1370 2369 1517 2439 recipient.
1546 2367 1685 2424 eeclesias
1705 2367 1810 2423 debetis
1827 2366 1862 2421 li·

1056 2461 1122 2521 bris.
1139 2460 1219 2532 paliis
1232 2468 1259 2515 et
1273 2459 1332 2514 aliis
1347 2458 1513 2515 ornamentis
1529 2458 1673 2523 decorare,
1701 2457 1790 2525 lapsas
1815 2454 1864 2511 vel

1056 2551 1210 2606 destructas
1231 2557 1385 2604 restaurare
1409 2547 1442 2617 (ιο
1466 2547 1521 2617 dl),
1547 2546 1712 2618 praebendas
1725 2545 1784 2601 Deo
1798 2560 1864 2599 ser-

1056 2640 1191 2695 vientium
1205 2638 1348 2711 ampliare.
1365 2652 1415 2708 per
1429 2637 1480 2691 hoc
1490 2635 1629 2691 orationes
1643 2650 1736 2691 eorum
1751 2649 1866 2704 compa-

1056 2745 1128 2797 rare,
1141 2727 1237 2799 podica
1251 2734 1278 2783 ιι
1292 2725 1396 2795 plateas
1412 2724 1559 2789 adificare,
1568 2724 1680 2797 perhoo
1692 2722 1772 2779 robis
1786 2723 1868 2776 viam

1058 2819 1092 2874 ud
1108 2817 1205 2874 ooelum
1221 2830 1337 2886 parare,
1354 2814 1520 2885 pauperibus
1534 2821 1561 2868 et
1576 2812 1673 2886 egenis
1689 2820 1718 2867 et
1731 2811 1866 2884 peregri-

1057 2906 1099 2961 nis
1123 2905 1251 2977 hospitia,
1272 2904 1362 2959 victus
1385 2912 1411 2959 et
1427 2903 1543 2960 vestitus
1557 2899 1714 2957 necessaria
1729 2899 1869 2970 praebere,

1062 3011 1111 3067 per
1125 2994 1178 3051 hoc
1192 2993 1274 3049 vobis
1288 3001 1407 3048 aeternas
1421 2991 1541 3046 divicias
1556 2988 1873 3054 emore.Siboc,keris·

1063 3084 1135 3150 simi,
1151 3083 1248 3151 facitis,
1264 3081 1383 3137 divicias
1408 3095 1463 3135 non
1484 3080 1622 3143 minuetis,
1643 3077 1693 3133 sed
1708 3076 1874 3147 centuplici·

1067 3182 1108 3230 ter
1130 3172 1176 3228 ubi
1199 3186 1253 3229 non
1275 3178 1393 3243 possunt
1407 3168 1511 3225 auferri
1525 3167 1571 3223 vel
1583 3166 1669 3222 minui
1680 3165 1843 3223 invenictis.

1365 3349 1411 3408 Ad
1423 3364 1572 3423 pauperes.

1105 3520 1243 3590 Pauperes
1257 3523 1348 3573 eutem
1367 3515 1537 3587 paupertatis
1547 3530 1617 3568 onus
1623 3511 1759 3584 patienter
1767 3510 1873 3575 ferent,

1068 3617 1098 3664 ut
1110 3624 1173 3664 cum
1188 3607 1291 3662 Lazaro
1305 3604 1495 3660 indeficientes
1509 3602 1624 3659 divicias
1638 3601 1772 3671 accipiant
1782 3601 1870 3661 (Lare.

1068 3698 1140 3767 xvi).
1156 3695 1248 3753 Sciant
1263 3712 1294 3751 se
1308 3701 1417 3765 peccata
1434 3692 1574 3747 bominum
1599 3692 1627 3745 in
1649 3689 1808 3746 elemosinis
1822 3702 1876 3743 ao·

1068 3787 1170 3858 cipere,
1187 3790 1217 3841 ιι
1226 3784 1287 3839 ideo
1298 3798 1348 3854 pro
1358 3781 1399 3839 eis
1409 3788 1533 3854 satagant
1543 3780 1696 3837 orationem
1707 3778 1833 3844 reddere,
1843 3784 1875 3834 et

1070 3876 1142 3949 quod
1167 3874 1208 3929 eis
1229 3870 1403 3942 superaverit
1423 3870 1483 3925 aliis
1508 3867 1673 3940 pauperibus
1687 3865 1870 3923 distribuere.

1068 3965 1111 4020 Ne
1126 3964 1180 4020 hoe
1194 3978 1209 4017 a
1223 3968 1333 4033 pectore
1346 3966 1441 4014 vestro
1455 3966 1613 4023 evanescat,
1631 3973 1679 4026 per
1702 3954 1878 4013 ennarratio-

1070 4069 1135 4108 nem
1149 4050 1229 4119 brxjns
1244 4048 1360 4119 exempli
1375 4047 1512 4103 memoriae
1527 4046 1678 4102 coalescet.

1107 4148 1222 4207 Cnidum
1236 4145 1377 4204 heremitae
1392 4146 1443 4201 boc
1458 4144 1627 4200 desideranti
1643 4141 1778 4197 revelavit
1796 4141 1876 4196 Deus

1070 4239 1106 4297 de
1122 4239 1175 4295 line
1187 4237 1305 4294 hominis
1319 4234 1395 4309 [add.
1409 4232 1484 4305 boni}
1501 4241 1528 4289 et
1543 4232 1622 4287 mali.
1641 4230 1697 4301 Qui
1724 4228 1875 4303 egrediens

1071 4329 1142 4384 vidit
1157 4324 1351 4398 pauperculum
1366 4325 1393 4377 in
1407 4322 1497 4394 platea
1515 4323 1651 4391 jacentem
1672 4327 1700 4375 et
1720 4327 1875 4375 extremum

1072 4418 1199 4490 spiritum
1214 4417 1270 4483 jam
1285 4415 1449 4469 trahentem.
1466 4412 1499 4467 Et
1515 4425 1580 4467 ecoe
1595 4407 1739 4464 multitudo
1761 4405 1877 4479 angelo-

1068 4522 1130 4563 rum
1144 4503 1357 4573 venit,animam
1371 4502 1429 4570 ejus
1443 4516 1505 4555 cum
1520 4498 1622 4573 gaudio
1637 4497 1672 4553 ιι
1687 4511 1797 4553 ιιιιιιι
1811 4509 1876 4552 oor·

1070 4594 1145 4668 poris
1168 4592 1285 4661 excepit,
1309 4599 1335 4646 et
1358 4589 1393 4644 ιι
1416 4589 1528 4645 coeleste
1551 4585 1682 4657 palatium
1707 4600 1769 4641 curn
1782 4582 1875 4655 ymnis

1070 4675 1211 4750 perduxit.
1232 4674 1298 4731 lnde
1313 4688 1488 4744 progressus,
1505 4668 1639 4740 conspicit
1653 4667 1761 4727 turbam
1774 4665 1876 4721 utrius-

1070 4783 1123 4840 ιιι
1137 4781 1218 4821 sexus
1232 4762 1362 4819 nobilium
1376 4761 1410 4815 ιι
1427 4761 1541 4816 domum
1556 4754 1876 4827 cujusdamdivitisoon·

1070 4856 1158 4911 iluere
1170 4852 1218 4925 qui
1232 4852 1313 4927 gravi
1329 4850 1483 4906 infirmitate
1498 4847 1649 4918 cogebatur
1662 4843 1748 4900 ultimi
1757 4842 1877 4913 latijura

1071 4944 1245 5017 persolvere.
1265 4942 1299 4996 Et
1313 4945 1615 5011 eccerepeoleeateraa
1625 4934 1779 4990 daemonum
1790 4931 1877 4988 borri-

1072 5033 1121 5090 bili
1135 5039 1249 5105 aspectu
1263 5028 1374 5085 domurn
1388 5026 1510 5093 intravit,
1526 5039 1596 5098 quos
1614 5038 1689 5095 aeger
1712 5022 1812 5078 videns
1838 5036 1875 5077 ex

1071 5119 1201 5178 clamavit
1218 5134 1224 5173 :
1244 5140 1255 5167 ι
1273 5116 1398 5177 Domine.
1413 5116 1517 5185 adjuva
1531 5129 1585 5169 nae.
1604 5112 1660 5168 »Et
1667 5126 1722 5168 vox
1732 5110 1873 5182 desuper:

1074 5232 1086 5259 ι
1101 5210 1190 5273 Νιιι,
1207 5207 1307 5279 inquit,
1322 5206 1349 5260 in
1365 5204 1461 5277 primis
1473 5202 1523 5260 Dei
1533 5200 1708 5259 recorderis?
1735 5200 1816 5255 Nunc
1830 5197 1875 5254 sol

1072 5300 1138 5355 vitae
1151 5297 1201 5352 tibi
1215 5298 1390 5352 obscuratur.
1404 5294 1484 5349 Nunc
1498 5292 1557 5363 ipse
1572 5290 1619 5346 tibi
1630 5288 1848 5345 uonauxiliatur.
1858 5309 1872 5336 ι

1073 5389 1218 5445 Daemones
1232 5400 1301 5440 vero
1315 5383 1463 5440 crudeliter
1477 5381 1595 5437 animam
1614 5381 1673 5448 eius
1700 5383 1876 5433 extorserunt

1072 5486 1099 5533 et
1115 5474 1150 5531 ad
1165 5482 1268 5529 tartara
1281 5472 1458 5529 cruciendam
1473 5476 1677 5541 pertraxerunt.
1696 5466 1731 5521 tu
1744 5464 1875 5538 pauperis

1074 5566 1183 5638 quidem
1199 5563 1322 5619 cadaver
1336 5560 1448 5616 lorsitan
1473 5558 1569 5615 aseris
1597 5554 1793 5622 devorabatur,
1823 5554 1873 5609 sed

1072 5655 1164 5710 anime
1179 5653 1237 5722 ejus
1247 5652 1274 5706 in
1289 5650 1366 5706 coelia
1380 5650 1532 5705 laetabatur.
1552 5646 1652 5703 Divitis
1665 5652 1758 5699 autem
1772 5658 1873 5713 corpus

1072 5740 1161 5801 aerico
1173 5738 1326 5797 involutum
1339 5754 1409 5796 cum.
1416 5737 1502 5795 cereis
1507 5744 1534 5793 et
1542 5733 1717 5807 lampadibus
1724 5730 1870 5804 sepulturas
