3942 6067
105 2447 109 2459 ·
209 2422 343 2505 Spiritum
368 2443 494 2493 sanctum
512 2436 595 2493 celeri
617 2436 787 2495 volubilitate
809 2443 915 2494 rotatur
932 2456 940 2502 ;
957 2451 1008 2509 ρει

117 2525 120 2534 “
207 2522 304 2580 riuum
319 2524 361 2581 sol
371 2532 398 2581 et
411 2524 475 2581 luna
484 2533 512 2581 ει
522 2525 621 2597 sydera
631 2525 802 2600 temporibus
809 2524 1004 2599 praeliciuntur,

206 234 261 290 959
556 225 706 291 badoart
723 230 975 293 aodbsrobttrt.
996 232 1072 291 ΟΡΡ.
1093 237 1182 295 PARS
1202 236 1249 297 tlt.
1269 268 1303 281 --
1322 236 1523 296 imbueret.
1808 239 1865 294 DSD

199 373 276 417 -voae
296 357 469 417 exultationis
490 360 629 433 pmconia
651 359 712 431 eins
730 359 880 431 iubilemus
901 366 932 417 at
951 374 1003 417 nos
1018 358 1046 422 Α
1061 360 1203 433 tripudiat.
1221 361 1310 434 Quam
1326 361 1422 421 οειιιιιε
1435 376 1491 420 noa
1506 360 1574 420 vidit
1588 361 1611 436 (l
1626 358 1686 421 dor.
1702 360 1746 432 ιι),
1761 367 1791 418 ει
1803 374 1863 419 εω-

206 448 333 507 membra
348 464 396 507 sna
408 450 445 509 td
462 464 494 509 sa
507 449 619 525 colligat
635 465 691 525 quo
703 449 764 525 ipse
774 448 803 507 in
813 448 904 525 gloria
914 448 1003 507 Patris
1017 470 1021 485 ·
1063 458 1132 508 tera.

767 761 1296 915 mmmmm

246 1020 329 1079 Verbo
342 1021 1007 1095 Dcmlalcoetillrmoiiauatetepiritcorlsep'ur
1062 1018 1232 1093 septemplici
1259 1020 1364 1079 lumine
1388 1020 1537 1089 vestietur
1553 1036 1604 1096 per
1627 1020 1717 1096 ipsum
1746 1020 1866 1079 radiabit

207 1110 399 1168 omniruirtus
418 1113 615 1183 coruthrcl.
636 1112 743 1183 xxxta).
759 1113 810 1169 Per
835 1112 943 1180 Filium,
960 1111 1007 1185 qui
1061 1108 1202 1166 lunasolis
1216 1111 1340 1168 claritate
1358 1130 1366 1179 ς
1383 1128 1434 1183 ρει
1446 1112 1535 1183 ipsum
1550 1112 1675 1169 vernabit
1688 1121 1762 1169 terra
1782 1126 1866 1184 para·

208 1199 330 1256 Verbum
344 1200 395 1257 Dei
409 1207 461 1269 εει,
475 1200 1007 1258 nonsolamcoelisedomniaernicttilo
1061 1198 1121 1271 dyst
1136 1200 1306 1257 amoenitate.
1338 1201 1415 1258 Tunc
1443 1201 1526 1257 Filius
1541 1202 1576 1258 de
1591 1202 1684 1259 labore
1712 1200 1862 1259 translatos

208 1291 273 1345 subt
296 1297 400 1359 creata,
422 1296 450 1345 et
464 1306 500 1347 ne
522 1291 621 1347 iterum
643 1290 671 1346 iu
687 1290 816 1348 nichilum
832 1290 1006 1347 resolvantur
1061 1286 1140 1345 faciet
1152 1288 1325 1346 discumbere
1335 1296 1362 1346 et
1379 1290 1513 1347 transiens
1529 1290 1583 1346 illis
1598 1290 1760 1347 ministrabit
1775 1292 1862 1362 (Luc.

209 1377 308 1435 eodem
335 1378 431 1435 Verbo
458 1377 604 1436 firmataet
628 1380 726 1451 spirita
748 1380 805 1435 cris
829 1381 888 1449 ejas
915 1378 1007 1436 omnis
1061 1377 1121 1449 xa),
1153 1379 1214 1452 quia
1242 1378 1387 1450 deiudieio
1403 1379 1513 1435 rediens
1539 1380 1641 1437 electos
1666 1395 1716 1452 pro
1744 1379 1866 1437 dirersis

206 1467 293 1524 virtus
307 1482 404 1523 eornm
419 1476 526 1525 ornata.
552 1469 652 1542 angeli
666 1484 776 1543 qaoque
791 1478 854 1525 sunt
873 1470 936 1526 coeli
952 1484 1005 1540 ap·
1060 1466 1166 1523 meritis
1181 1466 1207 1523 in
1229 1466 1347 1525 dirersis
1362 1468 1443 1526 laciet
1458 1468 1647 1526 mansionibus
1673 1468 1862 1541 requiescere,

206 1556 302 1629 pullati
319 1556 365 1629 qui
380 1555 443 1612 aliis
459 1559 652 1615 corruentibus
667 1574 719 1630 per
729 1560 848 1615 Verbum
856 1558 884 1615 iu
893 1557 1006 1616 caritate
1060 1563 1088 1612 et
1100 1555 1217 1628 gloriam.
1232 1575 1288 1615 sure
1298 1557 1445 1614 divinitatis
1460 1558 1500 1615 eis
1515 1557 1583 1615 lucie
1597 1556 1736 1616 adlaeiem
1747 1557 1866 1615 demon·

207 1650 271 1700 sunt
293 1643 395 1702 lirmsti
419 1652 447 1701 et
472 1661 524 1718 per
538 1647 665 1719 spiritum
685 1649 744 1718 ejm
765 1649 884 1705 inomni
906 1649 1005 1704 virtute
1061 1645 1295 1718 strabit.Spiritus
1315 1655 1427 1705 sanetus
1442 1663 1509 1704 vero
1525 1647 1616 1704 tribuit
1629 1647 1670 1705 eis
1695 1646 1768 1705 uelut
1780 1646 1865 1717 jubar

207 1735 359 1807 perornati.
378 1734 458 1792 Unde
472 1735 602 1808 scriptum
617 1745 658 1793 est
676 1750 683 1793 t
699 1738 823 1811 Spiritus
846 1737 900 1794 Dei
921 1739 1004 1795 coelcr
1019 1774 1045 1834 B
1060 1733 1126 1789 solis
1141 1735 1168 1790 in
1183 1735 1266 1809 pleno
1285 1736 1387 1810 gaudio
1403 1736 1599 1811 splendescere
1613 1746 1641 1793 et
1653 1734 1814 1793 Trinitatem
1831 1736 1863 1792 in

206 1825 322 1880 ornarit
348 1821 408 1894 (lob
436 1826 531 1895 xxvi),
546 1825 612 1898 quia
635 1832 663 1883 ει
683 1826 750 1883 istos
771 1826 857 1885 creles
870 1826 952 1883 astris
976 1834 1006 1883 ct
1065 1824 1167 1881 unitate
1181 1826 1301 1898 perleote
1317 1841 1498 1900 cognoscere.

207 1911 478 1987 ”gemmam
493 1913 644 1971 dmm·
1099 1956 1164 2013 lime
1175 1954 1312 2013 testivitas
1318 1972 1367 2029 per
1374 1954 1486 2014 lllldles
1496 1954 1664 2025 celebratur,
1673 1954 1738 2029 quia
1744 1954 1865 2029 Spiritus

958 2079 1008 2139 sed
1063 2054 1174 2103 sanctus
1188 2046 1216 2101 in
1230 2047 1278 2103 vlt
1291 2045 1371 2103 donis
1380 2052 1540 2115 venerator,
1549 2044 1621 2103 sicut
1634 2060 1685 2116 per
1698 2046 1865 2117 proplietam

995 2186 1009 2225 s
1063 2135 1286 2206 praenunciatur:
1302 2135 1415 2207 spiritus
1425 2134 1568 2207 sapientie
1580 2142 1609 2191 et
1618 2132 1782 2201 intellectus,
1797 2132 1860 2205 spi-

1062 2225 1131 2280 ritus
1145 2224 1251 2282 eondlii
1270 2231 1297 2281 ει
1311 2222 1485 2291 fortitudinis,
1497 2223 1737 2296 spiritnrrclcntic
1757 2231 1785 2281 et
1798 2224 1864 2295 pie-

1063 2313 1136 2381 tatis,
1148 2312 1388 2387 spiritus1timoris]
1397 2313 1504 2371 Domini
1514 2314 1581 2384 (lac.
1593 2316 1646 2381 rr).
1657 2314 1724 2371 llaec
1734 2320 1799 2369 sunt
1810 2312 1860 2369 vtr

1063 2402 1191 2461 mulieres
1206 2420 1267 2475 quar
1280 2418 1364 2459 unum
1373 2402 1462 2459 virum
1475 2402 1715 2475 apprehenderunt
1728 2402 1796 2473 (irc.
1807 2405 1863 2471 rr),

1063 2492 1260 2564 quiavlldona
1274 2492 1393 2565 Spiritus
1417 2490 1504 2551 saneti
1523 2490 1661 2549 Christum
1681 2490 1864 2565 corporaliter

1062 2582 1253 2655 possederant.

244 2077 404 2135 PerFilium
427 2078 528 2153 quippe
542 2078 662 2155 angelici
675 2080 787 2153 spiritns
800 2088 939 2153 creantur,

207 2184 261 2241 per
274 2167 405 2242 Spiritum
415 2178 539 2227 sanctum
552 2168 724 2226 vivificantur
739 2188 747 2226 r
763 2186 813 2243 per
827 2170 925 2226 Filium
939 2170 994 2227 luci

207 2256 360 2313 substantia
373 2256 466 2324 eluxit,
482 2258 532 2314 sed
547 2258 733 2330 perspiritum
742 2266 867 2316 sanctum
877 2258 1010 2331 splendor

207 2344 268 2417 ejus
284 2344 385 2403 effulsit
401 2366 409 2415 ;
423 2362 473 2419 per
486 2344 583 2403 Filium
597 2346 796 2404 firmamentum
805 2347 948 2415 formatur,
958 2363 1009 2419 per

211 2613 261 2670 sed
275 2630 326 2687 per
339 2614 470 2686 Spiritum
485 2623 608 2671 sanctum
618 2615 784 2673 lucisnitore
798 2615 1005 2688 perpoliuntur,

207 2718 258 2774 ρει
265 2702 363 2759 Filium
376 2702 488 2759 llumirra
502 2702 661 2772 fundantur,
673 2720 724 2776 per
740 2704 869 2775 Spiritum
884 2712 1009 2760 sanctum
1098 2710 1184 2781 nujus
1199 2708 1314 2784 spiritns
1336 2710 1409 2767 donn
1423 2708 1544 2768 coelestia
1559 2710 1692 2767 scandent
1704 2708 1862 2783 omnesqui

207 2790 319 2847 labilem
338 2807 450 2849 cursum
465 2792 615 2849 cominatur
630 2812 638 2858 3
655 2792 729 2868 [per]
740 2793 837 2850 Filium
851 2800 924 2849 terra
947 2793 1008 2851 lor·
1063 2800 1158 2856 timent
1173 2800 1273 2857 Deum.
1307 2800 1364 2855 l‘er
1378 2800 1468 2873 ipsum
1496 2814 1613 2872 namque
1638 2798 1718 2856 timor
1735 2798 1866 2854 tribuitur

208 2892 311 2955 matur,
327 2905 376 2959 per
397 2888 527 2961 Spiritum
550 2897 677 2948 sanctum
690 2890 824 2948 [ructibus
839 2898 867 2948 ει
892 2890 1008 2947 floribus
1063 2890 1107 2963 qui
1123 2889 1150 2945 in
1165 2890 1219 2947 duo
1246 2888 1384 2958 dividitur,
1401 2904 1464 2945 nam
1480 2897 1521 2947 est
1537 2888 1619 2945 timor
1637 2886 1756 2951 servilis,
1779 2894 1865 2945 estet

208 2976 357 3035 decoratur
373 2994 380 3044 ;
395 2977 664 3052 pcrlFiliumdiversa
675 2979 1006 3053 animaliaproducuntur,
1063 2976 1168 3037 filialis.
1188 2978 1291 3035 Servus
1305 2978 1407 3052 quippe
1420 2979 1497 3035 timet
1512 2977 1651 3035 dominum
1666 2992 1700 3033 ne
1715 2976 1866 3033 eamdam·

209 3083 261 3141 ρει
273 3066 404 3140 Spiritum
418 3074 542 3125 sanctum
555 3068 702 3126 vitalillatu
717 3069 876 3137 inbuuntur,
899 3078 926 3126 et
941 3084 1007 3127 aves
1062 3076 1125 3138 uet;
1143 3066 1214 3124 lilius
1238 3068 1314 3125 timet
1327 3076 1435 3141 patrem
1460 3084 1494 3125 ne
1510 3084 1571 3125 eum
1588 3066 1745 3125 erbaeredet
1760 3084 1767 3135 ;
1784 3066 1865 3123 timet

209 3155 314 3225 volatu,
338 3154 429 3231 pisces
454 3164 555 3227 natatu,
589 3157 693 3229 bestiae,
725 3159 842 3230 reptilia,
867 3156 1187 3231 serpentiaGadultera
1216 3157 1392 3214 maritumae
1413 3156 1617 3223 veniat;timet
1640 3164 1798 3214 urnrcasta
1827 3172 1865 3213 ne

208 3262 318 3321 gressu,
342 3261 464 3320 pereum
490 3244 657 3317 lulcirrntur;
672 3247 832 3321 perFilium
864 3250 947 3304 borno
970 3248 1006 3304 ad
1062 3246 1199 3305 discedat.
1233 3246 1300 3305 Cum
1324 3246 1442 3319 Spiritus
1465 3254 1586 3313 sanetus,
1616 3246 1663 3319 qui
1678 3254 1720 3302 est
1747 3245 1864 3314 cantas,

209 3334 358 3410 imaginem
371 3334 422 3391 Dei
437 3334 596 3407 plasmator,
610 3337 658 3392 sed
672 3353 722 3409 per
737 3336 868 3408 Spiritum
882 3344 1009 3395 sanetum
1063 3345 1182 3393 mentem
1198 3336 1363 3409 possederit,
1378 3336 1510 3393 servilem
1524 3336 1656 3393 timorem
1668 3334 1740 3393 loros
1758 3334 1865 3392 emittet

208 3423 237 3479 in
249 3424 343 3481 anima
365 3422 517 3481 tivilrcatur
532 3440 540 3497 ;
557 3424 674 3499 Spiritus
701 3432 812 3482 sanctus
825 3425 941 3498 inspirat
962 3427 1008 3483 di·
1055 3430 1088 3503 Ι(ι
1100 3428 1183 3484 loon.
1207 3430 1245 3499 ιι)
1257 3444 1264 3491 ;
1275 3426 1356 3483 timor
1376 3435 1465 3482 autem
1480 3425 1589 3482 Domini
1604 3430 1714 3481 sanctus
1732 3423 1759 3479 in
1770 3439 1864 3481 sescu-

209 3528 288 3570 versa
302 3512 424 3587 ingenia,
440 3512 500 3585 ipse
524 3514 606 3570 etiam
622 3514 668 3571 dat
682 3514 795 3572 diversa
815 3515 942 3573 artificia.
957 3516 1011 3573 Per
1063 3512 1119 3570 lum
1135 3515 1229 3571 saeculi
1244 3522 1386 3587 permanet
1400 3516 1487 3587 (Psoi.
1497 3515 1592 3586 rrrrr).
1605 3514 1664 3569 lam
1674 3512 1865 3586 enimgehen-

210 3600 340 3674 Spiritum
355 3602 557 3669 sanctumdata
572 3612 637 3659 sunt
651 3620 756 3677 genera
771 3604 939 3680 linguarum,
958 3620 1010 3676 per
1063 3618 1128 3659 nam
1155 3613 1183 3660 ut
1206 3620 1303 3662 servus
1327 3603 1431 3676 peccati
1458 3602 1639 3659 nontimebit
1669 3604 1731 3677 quia
1756 3602 1862 3659 nullum

208 3689 299 3763 ipsum
325 3690 360 3747 de
386 3690 501 3749 occultis
530 3693 667 3749 tbesauris
702 3692 845 3765 sapientia
872 3694 1009 3765 producta
1064 3702 1204 3767 peccatum
1231 3692 1601 3767 comarumcomarum
1627 3700 1762 3750 autemut
1789 3690 1864 3750 lilius

208 3787 272 3836 sunt
285 3779 443 3837 multimoda
457 3780 567 3837 llumina
583 3780 798 3855 Scripturarum.
822 3785 872 3839 Per
881 3782 1010 3856 Spiritum
1063 3798 1113 3855 per
1126 3781 1332 3840 delectationem
1358 3784 1486 3839 virtutum
1501 3781 1650 3839 adbaerebit
1680 3789 1707 3839 et
1721 3782 1784 3839 ideo
1798 3782 1865 3854 ejus

210 3878 337 3927 sanctum
362 3871 524 3943 patriarebae
539 3871 574 3927 de
594 3871 703 3928 Christo
727 3880 754 3928 et
767 3872 892 3929 Ecclesia
920 3873 1010 3928 lutura
1064 3872 1248 3929 trareditatem
1259 3872 1419 3945 possidebit.
1435 3872 1476 3928 ab
1487 3871 1573 3944 ipsius
1582 3872 1669 3945 gratia
1689 3870 1863 3928 obtineamus

211 3956 309 4033 figuris
337 3958 520 4033 designabant
535 3979 542 4026 ;
559 3976 610 4032 ρει
635 3960 726 4031 ipsum
754 3961 898 4035 propheta
926 3961 1011 4018 locuti
1064 3957 1167 4013 orando
1182 3966 1316 4031 quatenus
1331 3973 1383 4012 nos
1398 3957 1469 4013 servi
1484 3956 1630 4014 Dominum
1642 3956 1729 4013 Deum
1740 3966 1865 4013 nostrum

211 4046 471 4120 eademScripturls
495 4038 749 4121 premonstrabant
764 4068 773 4116 ;
789 4050 1013 4122 peripsumapo·
1064 4046 1209 4103 timeamus
1224 4045 1322 4103 amalo
1349 4045 1513 4103 declinando
1539 4061 1575 4103 ne
1596 4062 1646 4103 nos
1660 4060 1711 4119 per
1734 4053 1865 4103 contem-

211 4136 274 4193 stoli
285 4134 439 4194 confirmati
468 4145 608 4195 transacta
622 4138 719 4195 eadem
733 4138 761 4193 in
773 4138 877 4195 mando
904 4138 1010 4212 praedi-
1064 4142 1138 4209 ptum
1150 4144 1348 4209 praeceptorum
1364 4150 1475 4191 suorum
1490 4134 1636 4209 aliquando
1653 4134 1742 4208 prunis
1752 4134 1864 4203 subdat,

208 4225 334 4291 cabnnr;
357 4241 407 4297 ρει
431 4227 521 4298 ipsam
549 4225 675 4284 doctores
703 4226 827 4299 inspirati
854 4228 1011 4301 Scripturas
1064 4224 1147 4282 immo
1161 4225 1235 4282 velut
1256 4226 1348 4282 hostes
1371 4225 1423 4281 sibi
1448 4224 1565 4283 rebelles
1579 4224 1689 4281 aetemis
1717 4224 1864 4281 tormentis

209 4314 393 4385 exponebant,
418 4330 469 4387 per
483 4314 580 4371 Filium
608 4316 691 4372 homo
715 4316 875 4389 redemptas
890 4332 906 4373 a
921 4326 1010 4374 morte
1064 4314 1098 4389 (D
1110 4316 1171 4383 tas,
1184 4314 1228 4386 ιι)
1240 4314 1346 4386 puniat.
1366 4314 1505 4388 Rogemus
1519 4320 1546 4370 ut
1561 4330 1625 4370 eum
1639 4312 1726 4369 instar
1742 4312 1864 4371 liliorum

208 4400 356 4469 liberatur,
375 4418 424 4476 per
451 4402 585 4475 Spiritum
601 4412 727 4461 sanetum
742 4406 769 4463 in
794 4405 960 4479 baptismate
973 4407 1010 4463 ad
1064 4403 1150 4459 lsrael
1162 4418 1305 4461 vereamur
1318 4411 1346 4459 ut
1361 4402 1581 4459 Patrcmbonum
1594 4401 1864 4475 faciendoquatenns

208 4491 292 4549 vitam
320 4492 629 4566 regenerandum).
646 4494 696 4551 Per
722 4494 850 4567 Spiritum
880 4504 1005 4553 sanetum
1021 4528 1048 4589 D
1064 4492 1223 4550 coheredes
1246 4492 1307 4549 Filii
1321 4493 1365 4547 sui
1379 4493 1464 4548 simus
1480 4492 1549 4550 lucie
1569 4491 1659 4548 Patris
1674 4491 1859 4564 perfruendo.

210 4588 320 4654 peccata
345 4582 511 4649 relaxantur,
529 4599 580 4656 ρει
598 4582 688 4654 ipsum
710 4585 1006 4642 animaeamortecri-
1063 4584 1127 4641 Post
1150 4583 1276 4639 timorem
1307 4581 1355 4637 dat
1383 4582 1499 4653 Spiritus
1521 4586 1633 4639 sanctus
1665 4581 1805 4653 pietatem,
1832 4590 1865 4639 ut

208 4670 313 4727 minum
328 4670 540 4728 resuscitantur.
567 4672 622 4729 Per·
636 4672 765 4745 Spiritum
780 4682 906 4731 senatum
930 4674 1007 4730 molti
1061 4672 1143 4728 bomo
1172 4670 1268 4727 lactori
1283 4686 1333 4727 suo
1360 4669 1457 4728 devote
1471 4672 1584 4739 serviat,
1610 4679 1638 4727 et
1652 4671 1778 4743 proximo
1799 4686 1865 4744 quae

208 4760 302 4817 seculo
329 4768 485 4833 contempto
506 4760 665 4837 religiosam
685 4763 768 4820 vitam
784 4764 919 4821 duxerunt
936 4782 942 4828 ;
957 4779 1008 4835 per
1061 4760 1192 4832 praeralet
1219 4761 1291 4817 bona
1316 4760 1456 4832 impendat
1485 4760 1571 4833 (tat).
1590 4758 1695 4817 Deinde
1718 4759 1865 4817 scientiam

207 4841 431 4923 ipsum'plurimi
459 4849 548 4922 signis
574 4860 602 4909 et
620 4852 753 4926 prodigiis
781 4851 926 4909 fulserant.
958 4854 1008 4909 Ρει
1062 4850 1176 4922 inspirat
1191 4858 1220 4905 ut
1235 4850 1301 4922 quid
1329 4851 1412 4905 bomo
1436 4848 1527 4906 lacere
1549 4849 1650 4906 debeat
1671 4848 1713 4907 vel
1739 4849 1865 4907 devitare

208 4939 338 5012 Spiritum
348 4948 474 4998 sanetum
490 4941 572 4997 etiam
581 4941 666 4999 bodie
680 4942 803 5015 plerique
818 4940 853 4998 ad
866 4941 1008 4998 meliorem
1062 4938 1161 4995 debeat
1176 4938 1254 4995 sciat.
1271 4940 1337 4995 Post
1351 4940 1422 4995 banc
1437 4938 1566 4995 tortitudo
1580 4938 1615 4995 ab
1629 4938 1691 5011 ipso
1706 4938 1823 4994 donator
1833 4946 1865 4995 ut

210 5029 292 5086 vitam
307 5037 521 5096 convertuntur;
536 5048 587 5105 per
601 5034 690 5105 ipsum
706 5032 884 5105 quamplures
897 5030 932 5086 ad
946 5046 1007 5088 coe·
1061 5028 1144 5085 homo
1158 5042 1209 5085 nec
1236 5028 1341 5099 asperis
1358 5044 1410 5085 nec
1435 5027 1543 5083 blandis
1566 5028 1602 5084 ad
1617 5027 1690 5085 ricla
1717 5027 1860 5084 deotmar.

208 5118 288 5176 lestis
302 5127 393 5177 mente
413 5120 568 5191 rapiuntur.
584 5120 637 5178 Per
652 5120 748 5177 Filium
763 5120 883 5177 mundus
895 5119 1008 5192 judica·
1061 5117 1167 5174 Deinde
1193 5117 1338 5175 eonsilium
1353 5116 1451 5174 rationi
1466 5116 1653 5173 subministrat
1674 5124 1704 5172 ut
1716 5116 1782 5173 utile
1806 5117 1855 5174 eli·

209 5216 263 5278 tur,
289 5224 340 5281 ρει
354 5206 484 5281 Spiritum
512 5218 635 5268 sanctum
657 5220 771 5284 utraque
785 5225 851 5283 pars
877 5224 1008 5267 remune—
1060 5214 1116 5280 gat,
1132 5220 1251 5264 nocuum
1267 5213 1386 5278 respuat.
1404 5208 1466 5262 t‘ost
1481 5204 1715 5263 bocintellectum
1744 5214 1859 5278 praestat

210 5306 297 5355 ratur.
326 5296 378 5354 Per
402 5296 499 5355 Filium
528 5298 602 5357 Dens
629 5301 708 5357 Pater
735 5299 835 5355 coelom
858 5314 959 5355 norum
981 5306 1007 5355 et
1062 5303 1090 5352 ut
1103 5296 1193 5353 anima
1208 5311 1258 5367 per
1272 5293 1389 5351 risibilia
1399 5294 1567 5367 sempiterna
1580 5292 1733 5369 intelligat.
1753 5293 1863 5353 Deinde

209 5393 312 5443 terram
327 5402 427 5444 novam
441 5388 556 5460 creabit,
567 5388 616 5446 sed
630 5389 748 5461 Spiritus
758 5389 1008 5446 sanctorunirersn
1061 5386 1220 5457 sapientiam
1234 5384 1350 5456 inspirat
1359 5392 1388 5441 ut
1403 5383 1545 5441 rationalis
1561 5390 1687 5441 ereatura
1709 5382 1862 5441 mirabilem

210 5473 238 5530 in
250 5474 392 5533 meliorem
406 5485 506 5535 statum
529 5478 684 5536 renovabit.
716 5476 824 5535 Coelum
844 5492 943 5550 nempe
956 5494 1007 5551 per
1061 5472 1372 5545 creaturamdespicint,
1401 5480 1554 5531 creatorem
1570 5486 1660 5543 suum,
1687 5472 1787 5545 quiest
1803 5474 1862 5529 im-

210 5561 301 5635 ipsrm
325 5564 392 5622 solis
413 5566 591 5639 splendorem
617 5566 745 5625 inductur
759 5583 767 5640 ς
783 5584 835 5643 ρει
861 5566 950 5642 ipsum
965 5568 1007 5625 sol
1062 5562 1193 5622 mutabile
1221 5564 1330 5636 bonum,
1348 5562 1451 5639 diligat,
1476 5560 1563 5620 solum
1592 5560 1694 5621 lentem
1721 5561 1864 5637 sapientis

247 5711 325 5786 (tlt)
338 5712 369 5769 ln
380 5714 615 5791 marginelegn'tnr
626 5716 672 5777 bie
685 5732 783 5777 versus
797 5732 806 5777 ι
820 5717 945 5778 Pronus
952 5718 1099 5792 jurwrvm
1106 5720 1176 5777 auat
1190 5718 1246 5777 isto
1262 5720 1366 5791 ficturo
1380 5716 1524 5777 ιειειιιιιι.
