3942 6067
208 157 280 217 toti
398 193 413 213 t·
515 150 706 231 ‚nondun
725 151 982 233 scansionum.
1004 151 1085 231 ΩΡΡ.
1110 158 1198 221 PARS
1219 162 1264 221 lll.
1284 194 1319 208 ·-
1338 162 1538 225 LlTllliGlCll.
1790 176 1866 233 l⁰b8

206 292 245 355 γ’)
278 283 308 339 in
338 280 593 358 congregationem.
624 284 657 341 Et
687 297 751 341 cum
785 298 882 341 omnes
909 280 1152 355 puollaeApalam
1167 287 1258 347 rotulit
1273 291 1381 364 qualem
1397 291 1554 367 gloriamin
1569 292 1714 353 eavidcrit
1728 299 1866 372 etquali-

205 382 270 431 ante
284 377 348 431 cum
360 382 534 447 congregatus
561 380 663 442 essent,
693 381 721 430 et
748 372 794 429 illa
817 371 877 428 sula
894 379 1008 444 propter
1061 380 1102 430 tor
1115 375 1140 432 ei
1155 378 1228 435 Deus
1242 381 1278 437 de
1292 398 1323 438 ea
1338 382 1513 439 revelaverit.
1530 381 1599 453 Quae
1617 399 1713 443 omnes
1736 389 1866 463 vestigiis

205 479 288 538 quam
302 471 424 533 venerat,
440 463 559 530 deesset,
575 460 695 533 postulat
709 471 822 519 cunctas
837 460 965 527 evocari3
980 467 1008 519 et
1061 464 1119 533 ejus
1134 482 1163 524 se
1179 478 1356 541 prosternunt
1369 487 1376 543 ;
1390 472 1453 529 alie
1467 472 1560 545 alapas
1574 474 1600 530 ei
1614 474 1642 531 in
1657 476 1725 533 incia
1737 477 1863 550 dedisse,

206 552 254 610 illa
266 554 315 610 vin
329 551 482 625 compulsa,
506 552 590 607 immo
612 558 702 608 tracta
714 560 757 608 εει
769 552 805 607 ab
818 550 878 606 eliis
892 566 923 607 εε
937 564 1008 622 prm-
1060 548 1215 615 alienares
1230 560 1316 631 ipsius
1330 562 1420 633 sinapi
1434 563 1603 634 implevisse,
1619 564 1679 623 aliae
1701 566 1770 623 alias
1787 569 1864 640 inju-

207 642 321 701 sentari.
341 642 410 713 Quae
436 642 510 698 circe
536 648 621 713 caput
638 641 816 713 nigerrimum
832 639 1007 712 panniculum
1061 642 1116 699 rias
1131 645 1156 701 ei
1169 646 1269 706 iecisse
1284 649 1414 707 referunt.
1445 654 1498 707 Pro
1524 651 1623 724 quibus
1644 654 1690 711 ille
1708 658 1865 715 orationem

177 792 181 797 ,
204 733 316 809 gerebat
336 731 371 789 ds
392 745 446 804 quo
459 728 559 801 sepuis
574 730 642 786 ollas
657 730 702 786 vel
717 730 838 787 cacabos
862 729 1002 801 tergebat.
1061 730 1139 804 ludit,
1148 736 1182 791 ad
1192 736 1333 796 heremum
1345 740 1434 796 rediit.
1442 742 1492 797 illa
1500 750 1589 799 autem
1597 752 1721 800 metuens
1729 751 1763 801 ab
1773 748 1865 804 homi-

207 824 239 879 ln
253 822 343 894 capite
356 828 448 878 autem
462 818 569 877 eminus
584 819 721 877 venientis
734 819 824 877 cernit
836 818 884 875 ille
895 825 1007 875 sanctus
1060 820 1141 879 nibus
1155 823 1294 895 honorari,
1310 828 1380 884 clem
1395 830 1431 885 de
1445 830 1612 887 monasterio
1627 831 1705 906 tagit,
1717 834 1824 891 maleus
1834 834 1863 891 iu

207 926 336 973 coronam
357 925 425 967 auro
438 908 611 984 gemmisque
626 908 746 977 radiare,
768 916 929 981 vestemque
950 908 1008 977 ejus
1062 910 1387 985 desertclococrucisri;
1402 917 1430 974 in
1446 936 1529 991 quem
1539 934 1604 977 vero
1615 920 1705 979 locum
1720 939 1751 980 se
1762 923 1863 981 inmur-

206 1016 306 1076 magna
324 999 447 1058 claritate
471 1013 630 1057 coruscsre.
649 998 698 1057 Cui
721 999 847 1072 protinus
860 1012 1010 1055 occurrens
1064 1000 1140 1071 serit,
1169 1012 1214 1060 aut
1243 1022 1297 1079 quo
1325 1004 1379 1063 tine
1405 1008 1536 1067 defeceris
1557 1008 1591 1065 ad
1610 1010 1712 1067 nullius
1733 1014 1864 1071 noviciam

204 1090 377 1165 provolvitur
390 1089 518 1163 protinus
533 1088 650 1162 pedibus
664 1088 734 1159 ejus,
749 1103 781 1144 se
791 1086 825 1143 ub
835 1103 869 1144 ει
882 1086 1010 1149 benedici
1063 1093 1208 1161 pervenire
1222 1093 1318 1167 potuit.
1335 1096 1443 1154 Certum
1465 1104 1507 1155 est
1516 1106 1606 1155 autem
1620 1101 1693 1173 quod
1707 1110 1767 1175 post
1782 1104 1867 1175 hujus

203 1188 344 1255 precatur·
369 1179 405 1235 Ei
427 1178 477 1235 illt
491 1177 615 1235 simililer
636 1178 697 1247 elus
716 1176 902 1250 prosternitur
930 1176 1009 1249 pedi·
1063 1177 1125 1236 vim
1135 1181 1275 1239 miseriam
1285 1185 1382 1257 adepta
1394 1186 1429 1241 sit
1442 1186 1537 1243 eterni
1546 1188 1761 1263 regnigloriam.
1773 1192 1865 1261 Quam

204 1271 267 1340 bus,
283 1268 482 1327 commendans
503 1282 534 1324 sc
556 1268 616 1339 ejus
630 1265 812 1324 orationibus.
832 1265 935 1322 Omnes
949 1281 1010 1323 mo·
1063 1283 1126 1325 curu
1150 1272 1277 1329 omnibus
1297 1274 1393 1331 electis
1407 1276 1586 1348 postulemus,
1601 1286 1631 1335 ut
1645 1278 1672 1333 in
1686 1280 1788 1353 nuptiis
1811 1282 1866 1337 Dei

200 1360 289 1418 uictos
303 1360 502 1431 obstupescunt
514 1376 525 1427 ‚·
538 1370 575 1413 nc
597 1355 650 1412 sibi
674 1356 758 1413 talem
777 1353 904 1425 injuriam
925 1354 1009 1419 facias
1062 1356 1124 1415 sine
1137 1356 1191 1418 lius
1206 1362 1373 1421 exultemus.
1391 1364 1444 1422 Ubi
1458 1364 1556 1423 oculus
1569 1366 1594 1439 (l
1607 1369 1671 1427 dor.
1688 1366 1732 1439 ιι).

198 1455 318 1525 petunt:
346 1447 422 1506 hanc
443 1448 568 1504 insanam
590 1452 688 1517 petunt
712 1444 789 1518 (sic).
813 1443 924 1514 Quibus
946 1444 1008 1518 ipsc

817 1810 1080 1889 DOMINICA
1108 1812 1238 1893 XXII.

232 1993 545 2071 Bcctiqaicrssiodiont
547 1990 1002 2070 judiciamctsnciuntjmticicm
1017 1986 1044 2048 B
1094 1990 1152 2047 Rex
1167 1993 1213 2065 qui
1229 1995 1364 2052 rationem
1381 2011 1443 2055 curn
1458 1998 1548 2056 servis
1567 1999 1658 2073 posuit
1676 2008 1718 2057 εει
1736 2000 1863 2058 Christus

197 2086 549 2161 tnornoitcmporctl’sal.
562 2084 616 2156 cv).
630 2081 878 2152 Duosuntjudicia
894 2094 900 2135 :
917 2092 1002 2134 unum
1058 2079 1105 2152 qui
1132 2096 1229 2139 omnes
1253 2083 1376 2141 homines
1401 2102 1450 2159 prc
1473 2088 1580 2144 actibus
1605 2090 1662 2145 suis
1683 2089 1861 2160 iniudicium

196 2177 271 2253 quod
298 2177 343 2234 hic
365 2192 417 2249 per
431 2175 540 2247 judices
563 2173 665 2232 Christi
688 2171 806 2231 vivarios
832 2177 974 2227 exercetur
994 2185 1002 2237 3
1057 2168 1181 2227 adducit.
1200 2172 1314 2229 Debitor
1327 2175 1424 2232 decern
1439 2177 1542 2234 milium
1557 2178 1719 2235 talentorum
1736 2186 1778 2235 est
1792 2180 1859 2253 qui-

197 2266 272 2325 aliud
287 2265 361 2339 quod
377 2266 405 2322 iu
420 2264 578 2323 novissimis
605 2278 657 2336 per
679 2262 825 2331 Christum,
846 2258 893 2334 qui
911 2273 929 2314 a
944 2257 1003 2314 Deo
1057 2255 1125 2314 libet
1133 2266 1325 2335 transgressor
1335 2263 1640 2339 decempraeceptorum
1655 2286 1662 2337 ;
1676 2268 1782 2324 debitor
1790 2284 1861 2325 roro

197 2355 361 2414 constitutus
380 2363 422 2412 εει
436 2354 520 2425 juder
542 2352 667 2410 vivorum
681 2358 710 2407 et
722 2358 903 2415 mortuorum,
924 2346 1004 2403 enbi-
1058 2346 1155 2405 decern
1176 2349 1351 2409 denariorum
1373 2363 1415 2410 cst
1436 2355 1635 2427 calumpniator
1654 2356 1855 2429 proximorum.

199 2444 294 2501 betur.
314 2444 367 2501 Est
389 2452 479 2500 autem
499 2442 633 2513 judicium
648 2441 736 2498 bonos
760 2455 777 2496 a
797 2438 877 2494 malis
896 2436 1004 2493 discer-
1058 2436 1113 2505 Qui
1127 2454 1197 2511 ergo
1212 2441 1337 2498 volumus
1351 2442 1430 2500 nabis
1453 2460 1470 2499 a
1494 2446 1552 2503 Deo
1567 2444 1664 2502 dimitti
1687 2447 1791 2519 gravia,
1811 2446 1859 2503 di-

198 2550 283 2601 nere;
299 2532 379 2591 bonis
391 2533 474 2599 bona,
490 2531 571 2588 malis
594 2530 666 2587 mnia
681 2530 840 2587 retribuere.
857 2527 904 2585 Sic
923 2525 1003 2582 Chri·
1058 2526 1197 2586 mittamus
1223 2532 1354 2601 proximis
1376 2531 1448 2589 levia
1465 2553 1472 2601 ;
1487 2533 1559 2590 levia
1573 2536 1673 2607 quippe
1688 2544 1750 2591 suut
1763 2536 1859 2592 omnia

198 2632 258 2681 stus
272 2621 416 2693 injudicio
433 2623 521 2679 bonos
546 2636 563 2678 a
584 2620 665 2677 malis
688 2627 730 2675 est
766 2618 943 2684 discreturus,
977 2622 1004 2672 et
1059 2632 1119 2689 quse
1142 2618 1221 2675 nobis
1247 2620 1372 2677 homines
1391 2620 1504 2690 luriunt,
1531 2640 1593 2696 qum
1617 2625 1671 2681 cito
1691 2633 1857 2690 transeunt;

194 2712 276 2783 iustis
289 2712 399 2787 gaudia.
416 2712 508 2784 impiis
523 2710 659 2782 supplicis
678 2717 718 2766 εει
736 2708 905 2765 redditurus.
920 2705 1003 2762 ludi·
1058 2722 1120 2778 quae
1133 2714 1224 2765 autem
1238 2725 1289 2766 nos
1304 2719 1398 2768 contra
1413 2712 1501 2768 Deum
1517 2712 1641 2784 iacimus,
1657 2714 1736 2771 rolde
1758 2714 1859 2785 gravia

197 2803 273 2860 cium
288 2818 357 2876 ergo
377 2802 534 2859 custodiunt
547 2799 593 2873 qui
607 2798 658 2855 Dei
671 2798 792 2856 cultores
806 2796 934 2868 diligunt,
951 2792 1004 2851 Dei
1059 2804 1131 2863 suut,
1147 2797 1210 2869 quia
1226 2815 1278 2855 nos
1292 2799 1320 2855 in
1334 2800 1472 2857 interitum
1489 2811 1626 2875 mergunt.
1643 2802 1721 2860 Unde
1736 2802 1859 2860 coelestis

199 2899 402 2962 contemptores
416 2896 560 2962 respuunt.
575 2887 711 2944 iudicium
727 2900 837 2959 quoque
851 2883 1004 2941 observare
1058 2885 1220 2944 scolasticus
1242 2904 1293 2943 nos
1316 2888 1408 2946 docuit
1433 2898 1460 2947 ut
1487 2890 1673 2948 conditionem
1690 2908 1751 2949 cum
1762 2890 1860 2961 judice

199 2986 242 3037 cst
254 2979 311 3035 auis
326 2979 407 3035 malis
420 2978 524 3035 meritis
538 2976 693 3050 quempiam
708 2976 807 3049 dignas
821 2990 919 3047 pce-nas
933 2974 1004 3031 irro·
1058 2973 1198 3041 iaciamus,
1214 2981 1245 3033 ut
1259 2978 1362 3036 scilicet
1376 2980 1455 3035 nobis
1470 2980 1559 3037 debita
1580 2989 1672 3038 nostru
1694 2982 1734 3039 sic
1757 2981 1860 3037 dimitti

199 3084 279 3143 gere.
294 3067 348 3139 Qui
362 3068 435 3125 euim
449 3083 480 3124 se
494 3068 539 3125 hic
556 3065 666 3139 vigiliis,
679 3064 791 3137 jejuniis
815 3072 843 3121 ει
867 3063 929 3121 aliis
950 3063 1003 3137 piis
1057 3073 1183 3136 petamus
1207 3067 1276 3123 sicut
1297 3083 1346 3123 nos
1367 3068 1536 3126 debitoribus
1559 3070 1659 3127 nostris
1684 3070 1853 3127 relaxamus.

198 3158 339 3228 lebetibus
351 3173 403 3230 pro
418 3156 538 3229 peccatis
550 3155 684 3229 affligunt,
702 3154 777 3211 beati
791 3160 854 3210 suut
868 3154 934 3227 quia
948 3168 1003 3209 non
1055 3154 1089 3210 lit
1104 3155 1184 3213 Petro
1198 3156 1387 3231 interrogante
1402 3159 1511 3231 quoties
1536 3159 1613 3216 fratri
1642 3160 1766 3232 peccanti
1781 3168 1859 3217 esset

198 3246 367 3319 cumimpiis
380 3254 513 3304 eternum
531 3244 665 3315 judicium
679 3244 820 3301 subibunt.
837 3242 905 3313 Ques
919 3243 1003 3299 etiam
1057 3243 1259 3317 dimittendum,
1275 3247 1298 3301 si
1314 3262 1400 3320 usque
1415 3250 1516 3320 septies
1533 3266 1540 3304 ε
1556 3250 1617 3306 Νειι
1638 3266 1727 3322 usquc
1741 3252 1858 3323 septies,

200 3344 263 3394 sunt
273 3335 391 3408 iustitis
406 3353 415 3391 r
430 3350 486 3392 una
500 3334 642 3399 naturalis,
659 3332 765 3390 scilicet
783 3332 897 3399 diviua;
913 3333 1003 3389 alters
1017 3352 1042 3417 G
1057 3332 1157 3407 inquit,
1173 3336 1317 3411 sedesque
1332 3339 1492 3412 septanpics
1506 3337 1612 3409 septies
1627 3338 1736 3411 (ibid),
1764 3339 1793 3395 id
1815 3346 1860 3395 est

200 3423 452 3490 consuetudinarie,
477 3422 512 3495 (ἰο
532 3423 597 3494 316)
616 3421 744 3479 videlicet
764 3421 896 3477 humana.
917 3422 1008 3478 Nutu·
1063 3424 1271 3498 quadringentis
1280 3426 1427 3499 noncginta
1442 3428 1561 3496 vicibus;
1577 3428 1629 3485 boc
1638 3436 1680 3485 est
1690 3436 1718 3485 ut
1726 3428 1861 3501 quidquid

202 3512 271 3572 ralis
293 3519 338 3571 est
358 3512 466 3583 iustitis
482 3512 542 3569 Deo
561 3510 680 3579 servire,
696 3511 858 3584 parantibus
870 3510 985 3569 obedire
998 3531 1006 3581 ς
1061 3513 1089 3568 in
1104 3513 1184 3570 nobis
1198 3514 1375 3587 delinquitur,
1391 3517 1569 3573 dimittamus.
1588 3518 1624 3573 Et
1637 3517 1701 3575 item
1715 3517 1862 3589 Scriptura

202 3601 456 3670 consuetudinaria,
471 3601 559 3674 leges,
573 3607 673 3658 statuta
702 3599 882 3673 prolatorum
904 3599 1007 3656 obser·
1061 3599 1141 3659 dicit.
1160 3604 1248 3661 licuro
1263 3605 1366 3661 bomini
1380 3615 1472 3664 servat
1485 3606 1556 3663 iram
1583 3614 1611 3663 et
1637 3622 1654 3663 a
1678 3607 1736 3663 Deo
1765 3615 1862 3679 sperst

201 3705 273 3751 aare
300 3698 327 3748 et
349 3705 413 3749 cum
440 3689 550 3749 civibus
578 3689 757 3748 concordare.
774 3690 929 3763 Beotiergo
943 3695 1008 3745 sunt
1061 3690 1287 3752 miscricordiam.
1305 3692 1357 3763 Qui
1374 3709 1442 3768 ergo
1456 3710 1512 3752 non
1527 3694 1636 3751 dimittit
1650 3694 1753 3752 bomini
1769 3694 1799 3751 in
1826 3712 1863 3752 εε

187 3780 402 3856 ,quijusticiam
417 3778 534 3837 inomni
549 3788 675 3851 tempore
690 3778 803 3850 iaciunt,
819 3778 884 3852 quis
897 3777 1005 3850 ajusti-
1060 3781 1197 3852 peccanti.
1218 3799 1356 3857 nunquam
1380 3784 1524 3841 dimittitur
1550 3785 1575 3841 ei
1598 3785 1627 3841 in
1658 3785 1802 3841 Dominum
1826 3785 1865 3857 (ιο

202 3869 246 3928 oia
261 3869 353 3927 Patris
366 3870 474 3928 Christo
488 3870 563 3942 justa
577 3869 640 3928 vite
654 3868 768 3940 praemia
781 3868 947 3941 percipiunt.
1061 3872 1113 3925 3ιὺ
1128 3872 1168 3943 ve)
1182 3873 1325 3943 peccanti;
1341 3872 1424 3931 immo
1438 3874 1466 3931 io
1485 3875 1628 3931 tormentis
1643 3874 1679 3931 ub
1694 3890 1728 3933 eo
1740 3873 1865 3948 exigitur

237 3960 404 4018 Hodiernum
418 3958 591 4032 evangelium
605 3966 697 4015 monet
711 3974 763 4015 uos
778 3959 814 4015 ad
827 3956 1005 4029 justioiaeju·
1062 3961 1135 4031 quod
1149 3976 1200 4033 per
1214 3962 1401 4033 poenitentiem
1429 3962 1454 4019 ei
1483 3962 1626 4021 dimissum
1653 3964 1789 4021 creditur.
1805 3964 1866 4021 Sed

201 4049 314 4108 dicium.
343 4047 415 4106 Dicit
442 4064 560 4123 namque
583 4048 656 4121 quod
684 4047 793 4120 quidam
809 4062 857 4102 rex
871 4046 1006 4103 rationem
1060 4048 1130 4105 dicis
1146 4066 1153 4103 :
1171 4066 1227 4109 nun
1244 4067 1356 4124 possum
1372 4052 1508 4110 dimittere
1536 4054 1562 4110 ei
1589 4054 1634 4126 qui
1657 4054 1724 4110 mibi
1737 4053 1801 4109 lacit
1816 4053 1864 4107 in·

202 4154 265 4198 cum
280 4137 369 4196 servis
381 4136 437 4193 suis
451 4136 543 4209 posuit
559 4154 566 4202 ;
583 4137 627 4195 cui
640 4135 752 4193 oblutus
766 4142 808 4192 est
831 4151 900 4191 unus
913 4134 958 4209 qui
972 4151 1004 4204 x,
1057 4138 1174 4209 iuriam,
1193 4156 1246 4198 nec
1271 4157 1365 4197 amare
1380 4140 1455 4198 illum
1471 4158 1488 4199 a
1503 4160 1557 4215 quo
1571 4143 1661 4216 patior
1675 4142 1859 4201 calumniam.

202 4227 277 4284 milis
297 4228 397 4283 tslentn
424 4226 539 4293 debuit;
564 4233 591 4281 ει
613 4226 679 4299 quia
705 4224 778 4282 nude
805 4224 932 4283 redderet
949 4241 1005 4282 non
1060 4226 1197 4299 Osmice,
1213 4230 1279 4303 quid
1294 4229 1357 4289 lecit
1379 4230 1427 4287 tibi
1447 4231 1471 4288 is
1492 4248 1574 4305 quem
1589 4233 1695 4305 quaeris
1710 4231 1865 4290 occideret

203 4316 311 4386 habuit,
326 4314 454 4372 domiuus
478 4330 543 4372 eum
567 4329 629 4372 oum
648 4329 733 4370 uxore
747 4322 773 4371 ct
787 4311 851 4371 liliis
864 4314 1006 4371 omnibus·
1059 4318 1185 4376 Amicum
1199 4334 1302 4388 mcum,
1314 4318 1415 4393 inquis,
1427 4321 1541 4378 occidit.
1563 4322 1595 4377 lit
1611 4320 1677 4394 quid
1691 4321 1727 4378 ad
1740 4329 1768 4378 te
1782 4322 1863 4379 occi·

204 4418 258 4478 quc
271 4403 329 4461 suis
341 4403 492 4461 venundari
503 4402 602 4475 jussit,
622 4402 676 4474 Qui
689 4403 838 4475 procidens
851 4403 1004 4462 misericor·
1059 4407 1101 4465 sio
1125 4406 1243 4465 bominis
1257 4410 1271 4465 i
1287 4410 1391 4467 Omnes
1418 4410 1491 4467 servi
1518 4427 1612 4468 sumus
1637 4412 1717 4467 unius
1740 4410 1862 4481 Domini,

201 4493 273 4551 dium
286 4492 450 4566 postulavit;
467 4501 495 4549 et
506 4492 635 4550 dominus
651 4491 776 4550 misertus
791 4493 883 4551 omnia
905 4493 930 4551 ei
948 4493 1002 4551 do·
1058 4496 1133 4570 regis
1148 4496 1280 4567 omnium,
1296 4498 1343 4571 qui
1363 4499 1455 4569 justus
1481 4500 1564 4569 judex
1593 4498 1741 4558 vindicabit
1764 4515 1865 4556 omnes

200 4582 287 4641 namt.
302 4581 355 4641 llic
366 4598 434 4640 vcro
444 4596 569 4657 egresso,
583 4580 693 4639 debitor
704 4590 813 4639 centum
827 4582 1002 4640 denariorum
1056 4586 1170 4657 injurius
1196 4587 1347 4646 homiuum.
1372 4587 1424 4659 Qui
1452 4604 1522 4664 erqo
1550 4588 1690 4647 hominem
1719 4586 1863 4660 occiderit,

201 4671 303 4740 obviat,
317 4688 399 4746 quom
410 4679 506 4729 teneus
520 4670 647 4743 suffocet,
664 4670 798 4729 violenter
812 4672 954 4747 stringens
972 4680 1002 4730 ut
1055 4692 1111 4733 non
1125 4676 1152 4733 in
1169 4684 1204 4747 te,
1221 4676 1269 4734 sed
1284 4678 1311 4735 in
1327 4677 1403 4734 illum
1417 4679 1551 4751 delinquit
1565 4680 1646 4753 cujus
1658 4695 1772 4738 servum
1785 4680 1866 4736 occi·

200 4761 322 4820 debitum
335 4761 473 4819 redderet.
489 4760 542 4832 Qui
557 4761 639 4819 etiam
649 4761 710 4834 ipse
724 4760 873 4833 procidens
886 4761 998 4819 miseri·
1066 4765 1118 4823 dit.
1137 4762 1172 4823 nr
1187 4764 1210 4823 si
1225 4766 1288 4823 inde
1302 4766 1433 4824 ultionem
1447 4766 1555 4841 queris,
1571 4768 1715 4840 dupliciter
1728 4784 1793 4825 rsus
1805 4766 1865 4824 eris

201 4851 325 4911 cordiam
337 4850 472 4925 poposcit,
489 4851 538 4907 scd
553 4850 619 4907 nihil
633 4850 659 4907 ei
673 4848 862 4921 proluit,nam
878 4851 1010 4909 miserum
1064 4852 1093 4910 in
1108 4870 1172 4921 uuo,
1189 4855 1262 4929 quod
1275 4870 1437 4913 conservum
1452 4864 1527 4913 tuum
1542 4857 1690 4925 occideris,
1719 4855 1746 4912 in
1774 4855 1865 4913 altero

200 4941 306 5001 carceri
319 4940 455 5014 mancipat
469 4940 558 4997 donec
572 4939 696 4997 debitum
713 4940 815 4999 solvat.
837 4939 899 5010 Quo
912 4941 1007 4999 audito
1065 4944 1138 5017 quod
1152 4944 1269 5001 Domino
1284 4954 1329 5001 tuo
1350 4944 1482 5017 iudicium
1507 4962 1586 5003 suurn
1596 4946 1751 5003 abstuleris.
1774 4946 1867 5020 lqitur

198 5030 327 5089 dominus
349 5046 460 5088 sermm
478 5046 596 5103 nequam
624 5038 747 5097 revocat,
775 5028 843 5086 dure
871 5029 1007 5102 increpat.
1061 5030 1085 5089 si
1111 5033 1287 5090 homicidium
1314 5034 1388 5092 iacto
1402 5034 1445 5091 vol
1459 5034 1574 5093 consilio
1588 5034 1782 5103 vindicaveris,
1797 5050 1864 5093 curn

197 5120 346 5178 tortoribus
360 5118 453 5191 tradit,
470 5120 630 5176 universum
657 5116 779 5174 debitum
809 5117 845 5173 sb
869 5133 903 5175 ec
931 5118 1006 5192 exigi
1063 5120 1210 5179 homicidio
1225 5124 1318 5196 utiquc
1331 5124 1519 5193 damnaberis,
1536 5125 1600 5197 quis
1615 5124 1662 5198 qui
1676 5126 1734 5182 odit
1748 5122 1864 5182 fratrem

197 5214 329 5283 praecepit
343 5209 460 5279 (uasti.
480 5210 574 5279 svm).
590 5206 624 5265 Et
639 5208 706 5281 quid
719 5223 770 5279 per
783 5206 843 5264 haec
863 5207 948 5263 verbs
961 5208 1004 5263 si·
1060 5227 1139 5269 suum
1157 5208 1296 5269 homicida
1310 5222 1360 5280 εει,
1376 5221 1404 5270 ει
1431 5212 1476 5271 bic
1504 5229 1561 5271 non
1589 5212 1670 5271 habat
1697 5222 1805 5287 partem
1833 5214 1864 5271 in

196 5297 370 5371 gnificaverit
389 5298 520 5354 Dominus
540 5296 709 5354 concludens
736 5294 852 5353 inuoluit
866 5314 873 5352 :
889 5298 939 5365 sic,
955 5295 1001 5353 in·
1058 5310 1161 5359 aeterna
1176 5302 1230 5359 vita
1245 5300 1278 5373 (i.
1293 5298 1378 5360 ioco.
1397 5306 1450 5377 ιιι).
1467 5305 1502 5360 tt
1515 5312 1554 5371 tu,
1571 5302 1643 5362 bone
1656 5304 1707 5372 vir,
1723 5306 1802 5375 cujus
1819 5303 1862 5361 ris

197 5388 306 5461 quiens,
320 5387 493 5461 sccictvobis
508 5388 595 5443 Pater
610 5403 690 5443 meus
705 5384 828 5443 roelertt's
845 5386 942 5444 sinon
956 5404 998 5444 rc·
1061 5388 1135 5449 illius
1155 5392 1279 5449 membra
1302 5394 1426 5450 mutilare
1453 5410 1535 5466 quem
1562 5394 1664 5451 summi
1685 5390 1863 5465 imperatoris

195 5477 334 5535 miseritis
347 5476 507 5534 hominibus
518 5473 695 5533 socordibus
711 5478 812 5533 vestris
825 5475 928 5546 tetta).
944 5474 998 5533 Kt-
1063 5482 1145 5539 Filius
1160 5499 1253 5539 secum
1269 5482 1325 5540 vult
1339 5498 1517 5556 conregnare.
1528 5479 1657 5551 abstulit,
1667 5482 1769 5556 inquiS,
1786 5480 1863 5541 bons

195 5557 309 5633 rissimi,
324 5565 452 5621 istasunt
465 5563 549 5621 nimis
563 5565 711 5629 metuenda
725 5565 873 5643 ncjugiter
891 5566 919 5624 in
934 5581 994 5626 me·
1061 5588 1132 5631 meo.
1149 5570 1216 5644 Quae
1231 5570 1325 5631 bonai
1339 5576 1454 5642 Aurum,
1466 5569 1566 5649 inquis,
1582 5585 1628 5631 aut
1641 5580 1796 5646 argeutum,
1812 5576 1863 5629 aut

194 5652 284 5708 moris
302 5650 456 5717 remeans.
1057 5676 1169 5736 equum,
1184 5670 1231 5720 aut
1248 5662 1352 5736 aliquid
1366 5662 1535 5735 itiusmodi.
1553 5662 1684 5735 Obomo,
1701 5676 1794 5721 nonne
1804 5680 1863 5723 nu·
