3942 6067
175 230 227 286 987

496 220 649 281 flottoutt
668 220 925 281 thousronuu.
949 220 1029 280 OPP.
1049 220 1143 279 Putas
1158 220 1208 279 ltt.
1227 252 1262 265 -
1276 220 1481 282 traductas.

1772 220 1828 278 988

176 352 250 428 qrrod
263 351 324 426 ipae
338 350 449 410 solverit
464 349 600 418 interris,
615 349 669 407 hoc
693 363 711 405 a
732 348 840 405 christo
854 349 883 404 in
894 347 974 406 cotis
987 348 1016 415 Α
1031 366 1127 407 omnes
1149 358 1260 408 sanctos
1274 350 1527 425 praeirgnrarerunt‚
1544 351 1590 425 qui
1603 350 1651 408 Vll
1665 349 1746 407 donis
1760 347 1832 421 Spi-

175 444 295 504 solotum
308 442 361 500 erit
375 442 487 515 (narrt.
501 440 575 513 avr).
600 439 785 495 Recordemur
798 439 871 511 quod
885 438 971 495 (iham

176 540 308 607 peccante
322 532 452 589 chanaan
465 529 537 586 filius
557 530 617 599 eins
633 546 649 583 a
670 530 730 586 Noe
754 529 878 586 seruituti
892 526 974 585 addi·

177 624 250 682 citor
262 625 344 697 (διε.
355 629 409 692 rx),
421 623 485 695 quia
500 623 631 694 cuiusque
644 619 784 692 peccantis
797 634 868 690 opus
882 618 909 673 in
924 635 974 674 ex·

177 722 268 771 tremo
291 713 447 770 examines
469 711 577 767 Christo
598 709 778 766 maledicitur.
804 708 864 765 Noe
886 708 975 765 denu-

179 804 261 860 datus
275 811 328 871 est,
343 801 469 858 Christus
482 802 510 855 in
525 800 654 872 passione
675 814 725 870 pro
750 797 830 855 nobis
843 798 976 870 deturpa-

180 897 232 944 tus.
248 888 327 945 Hunc
341 888 428 944 Charo
443 887 605 954 subsannat,
617 884 680 956 quia
694 883 811 956 populns
825 882 975 939 infidelium

180 976 278 1034 Christi
304 975 460 1048 passionem
485 991 547 1033 cum
568 974 695 1030 irrisione
717 973 874 1045 exprobrem
900 974 977 1043 cujus

179 1082 273 1123 semen
286 1067 322 1123 ab
336 1082 370 1123 eo
384 1066 574 1122 maledictione
593 1064 732 1120 servitutis
753 1062 890 1128 multatur,
912 1064 978 1119 dum

181 1156 263 1213 turba
286 1156 464 1228 reproborum
493 1154 607 1211 servitio
634 1154 783 1210 electorum
806 1154 978 1225 subjugatur,

183 1246 247 1320 quic
268 1246 396 1301 nimirum
419 1244 462 1300 eis
485 1244 686 1318 quodammodo
704 1245 827 1299 serviant
846 1244 912 1301 dum
931 1259 980 1300 coa

182 1335 391 1393 adversitatibus
405 1334 548 1407 affligunt,
570 1342 597 1390 et
617 1334 687 1389 siout
706 1334 780 1390 servi
800 1333 885 1405 patris
899 1333 980 1402 jussu

180 1432 326 1497 peccantes
342 1424 414 1479 illios
428 1424 573 1497 corrigunt
594 1431 675 1495 atque
695 1438 776 1480 aurea
799 1423 848 1478 Dei
872 1438 939 1478 rasa
953 1423 980 1477 in

181 1515 291 1570 camino
307 1512 490 1569 tribulationis
504 1512 661 1569 examinant
683 1520 817 1585 quatenus
835 1512 863 1567 in
884 1512 981 1569 convi-

180 1602 226 1660 rio
241 1603 340 1657 summi
354 1604 428 1675 regis
442 1602 517 1660 clare
532 1602 738 1674 resplendeant.
771 1604 857 1658 Porro
870 1601 981 1657 demum

1028 441 1096 497 ritus
1122 440 1208 497 sancti
1229 441 1327 513 repleti
1349 457 1399 513 pro
1419 441 1528 511 justicia
1551 456 1639 513 usque
1660 438 1695 495 ad
1710 446 1830 495 mortem

1028 532 1191 597 certabunt,
1218 538 1245 586 et
1269 539 1333 589 tunc
1357 530 1473 587 laureati
1504 546 1565 587 cam
1591 538 1677 585 matra
1701 528 1832 586 Ecclesia

1029 620 1158 695 gaudium
1175 620 1284 676 Domini
1296 620 1446 677 intrabunt.
1465 620 1530 677 llaec
1545 632 1664 693 namque
1677 617 1777 674 mulier
1791 616 1831 672 ab

1031 710 1240 767 Antiochorum
1257 708 1319 766 liliis
1332 711 1388 766 suis
1403 708 1653 782 comprehenditur,
1670 710 1763 781 legem
1777 705 1833 763 Dei

1029 800 1196 873 prevaricari
1211 800 1398 873 compeditum
1415 800 1464 856 sed
1480 798 1593 855 minima
1616 798 1686 854 ricta
1711 797 1830 853 horren-

1031 891 1073 947 dis
1088 891 1177 962 poenis
1191 906 1252 947 cum
1267 890 1337 946 uatis
1352 888 1523 946 consumitur
1533 895 1559 945 et
1574 886 1711 943 mansoris
1720 884 1838 960 gaudiis

1032 978 1181 1035 inducitur.
1210 977 1283 1033 liliis
1307 992 1424 1050 namque
1449 983 1535 1032 matre
1560 974 1721 1045 inspiciente
1735 970 1834 1044 capilli

1033 1083 1094 1125 cum
1117 1075 1177 1124 cute
1199 1066 1296 1138 capitis
1321 1066 1394 1123 lerro
1418 1066 1622 1131 abstrahuntur,
1645 1078 1776 1117 manuum
1800 1075 1834 1117 ac

1034 1157 1134 1229 pedum
1149 1156 1318 1213 summitates
1333 1154 1524 1227 praeciduntur,
1541 1160 1567 1210 et
1582 1151 1622 1209 sic
1637 1152 1665 1207 in
1679 1148 1832 1223 sartagine,

1035 1247 1095 1318 pice
1109 1262 1143 1303 ao
1157 1245 1287 1317 sulphure
1310 1244 1433 1303 terrente
1457 1250 1608 1300 torrentur.
1628 1242 1712 1297 llater
1729 1248 1833 1303 autem,

1036 1352 1085 1408 per
1100 1334 1223 1409 singulos
1238 1343 1315 1390 natos
1328 1333 1458 1400 cruciata,
1476 1346 1545 1405 quos
1567 1331 1627 1403 ipsa
1650 1329 1776 1405 gradens
1798 1327 1836 1383 ad

1036 1424 1176 1482 cruciatus
1191 1432 1231 1479 cst
1247 1423 1402 1489 adhortata,
1420 1423 1529 1479 demum
1544 1420 1603 1493 pari
1617 1418 1698 1476 modo
1712 1426 1755 1475 est
1768 1432 1837 1475 con-

1036 1522 1173 1570 summata
1189 1514 1227 1583 (ll
1238 1513 1359 1570 Mochod.
1374 1511 1405 1583 r).

1072 1622 1148 1679 lianc
1164 1620 1226 1677 ielix
1239 1620 1367 1677 Felicitas
1382 1626 1423 1675 est
1438 1616 1542 1673 imitata
1557 1632 1617 1689 quae
1632 1630 1693 1673 cum
1709 1614 1757 1669 Vll
1773 1610 1839 1667 liliis

183 1691 237 1765 ἰΡθῑ
251 1692 322 1749 wli
334 1707 477 1749 ⁸⁰¹'V0fflm
491 1701 573 1748 emm
589 1692 653 1766 quii*
667 1708 728 1748 ⁰⁰¹⁰
744 1691 831 1749 Silvis
846 1692 981 1749 dfflffl‘lni·
999 1711 1026 1776 Β
1040 1712 1095 1769 suis
1111 1727 1159 1782 pro
1175 1710 1283 1766 Christo
1298 1720 1339 1765 est
1354 1708 1471 1764 diversis
1485 1706 1574 1779 poenis
1589 1705 1732 1762 inmolata.
1760 1702 1840 1758 lianc

183 1782 237 1837 bos
254 1782 308 1853 ipsi
323 1782 396 1839 servi
421 1797 516 1838 eorum
542 1782 571 1837 in
599 1783 708 1839 aeternis
736 1781 876 1839 tormentis
899 1783 982 1839 arde-

185 1872 279 2015 builitoe
292 1973 309 2013 a
324 1957 429 2014 duobos
453 1956 518 2013 liliis
541 1957 656 2026 relatur,
682 1958 745 2031 quia
767 1958 868 2015 Christi
892 1962 985 2029 passio

185 2058 202 2100 a
229 2042 339 2099 duobus
363 2042 486 2099 fidelium
513 2043 622 2115 populis
649 2051 796 2100 veneratur
811 2043 915 2113 (ibid).
946 2043 985 2103 De

184 2132 249 2189 Sem
262 2148 381 2206 namque
403 2132 557 2204 patriarcha
572 2133 627 2189 orti
642 2141 704 2188 snm
727 2133 775 2204 qui
796 2131 896 2188 Christi
919 2148 985 2205 pas-

184 2223 290 2280 sionem
304 2223 466 2279 honorando
479 2221 742 2296 praefiguraremnt,
759 2222 829 2279 sicot
842 2223 987 2278 Abraham

185 2311 270 2368 libum
293 2310 474 2368 sacrificando
498 2312 581 2379 (Gerr.
604 2313 678 2381 xxu)
702 2318 729 2367 et
753 2314 862 2384 hloyses
885 2326 987 2381 agnum

184 2400 344 2459 inmolando
364 2402 468 2473 (licod.
495 2404 548 2472 mr)
571 2401 615 2458 rel
644 2407 802 2473 serpentem
826 2401 853 2455 in
876 2400 989 2456 deserto

184 2490 328 2548 exaltando
350 2490 443 2564 (Nam.
470 2492 547 2561 xm).
575 2491 615 2547 lix
640 2490 686 2547 illo
710 2505 828 2563 namque
846 2491 988 2562 propheta

184 2582 241 2637 nati
254 2588 318 2636 aunt
341 2580 387 2653 qui
410 2579 512 2636 christi
537 2579 696 2652 passionem
725 2579 886 2637 venerando
912 2596 987 2651 prae-

185 2671 393 2738 nunciaverunt,
410 2670 480 2727 sicut
495 2671 611 2743 asopo,
637 2672 718 2729 Sicut
738 2672 811 2736 onir,
837 2669 935 2743 inquit,
950 2670 988 2726 od

186 2763 355 2818 occisionem
369 2760 491 2816 ducetur
504 2761 570 2830 (lto.
586 2762 646 2829 arn)
660 2775 667 2831 ;
682 2768 709 2816 et
724 2759 888 2829 llieremias,
905 2760 988 2816 Chri·

186 2854 257 2916 stoc,
268 2850 364 2922 inquit,
375 2851 500 2923 pcccatis
513 2851 621 2906 nostris
630 2851 771 2923 capietur.
783 2851 824 2905 De
839 2851 890 2905 hoc
905 2849 988 2904 etiam

186 2939 304 3011 apostoli
324 2938 463 3012 progeniti
485 2945 557 3004 sunt,
583 2940 630 3011 qui
650 2940 806 3011 passionem
821 2938 922 2995 Christi
935 2955 987 2994 re·

1038 1796 1229 1853 nichilominus
1252 1793 1329 1850 beata
1346 1792 1535 1865 Symphorosa
1557 1798 1599 1847 est
1621 1788 1759 1855 aemulata,
1776 1802 1841 1859 qnae

1039 1902 1100 1943 cum
1116 1886 1166 1941 Vll
1181 1883 1242 1939 tiliis
1258 1883 1316 1939 suis
1332 1882 1415 1939 variis
1431 1880 1571 1953 suppliciis
1595 1894 1644 1949 pro
1666 1876 1771 1933 Christo
1795 1882 1843 1931 est

1040 1978 1168 2033 cruciata.
1184 1976 1218 2030 Et
1233 1990 1337 2040 revera,
1348 1971 1497 2037 karissimi,
1509 1968 1643 2025 beatiores
1658 1966 1765 2023 leminae
1780 1964 1843 2021 istae

1042 2066 1148 2124 luerunt
1163 2080 1223 2140 quae
1237 2064 1272 2120 de
1287 2072 1365 2119 utero
1388 2076 1438 2117 suo
1462 2061 1511 2117 Vll
1535 2059 1659 2113 martires
1673 2060 1841 2131 genuerunt,

1041 2156 1161 2230 ipsaeque
1178 2170 1226 2225 per
1240 2153 1362 2225 singulos
1376 2167 1474 2223 passae,
1487 2148 1572 2206 octies
1593 2152 1731 2219 martyres
1745 2141 1845 2199 extite-

1042 2254 1115 2313 runt,
1145 2260 1226 2318 quam
1254 2242 1306 2298 illae
1336 2256 1396 2314 quae
1420 2241 1490 2295 duos
1513 2236 1652 2309 apostolos
1679 2232 1792 2290 Petmm
1813 2238 1845 2287 ει

1043 2332 1183 2387 Andrcum
1200 2328 1242 2387 vel
1258 2327 1393 2385 lacobum
1408 2332 1434 2381 ει
1450 2322 1603 2381 lohannem
1618 2321 1646 2376 io
1662 2326 1757 2377 ventre
1776 2330 1845 2389 por-

1042 2428 1180 2477 laverunt.

1078 2510 1165 2565 Hodie
1190 2521 1298 2581 quoqne
1322 2505 1403 2561 beata
1426 2509 1529 2573 martyr
1551 2498 1664 2555 nomine
1684 2504 1711 2555 et
1734 2494 1846 2552 actione

1044 2602 1184 2679 Sapientia
1198 2612 1278 2675 atque
1293 2607 1349 2655 tres
1365 2596 1427 2653 filiae
1446 2596 1514 2665 ejus,
1529 2593 1620 2661 Fides,
1630 2592 1698 2665 Spes
1713 2598 1740 2647 et
1754 2588 1844 2647 Kari-

1043 2698 1093 2755 tns,
1111 2688 1231 2761 pulchrae
1247 2682 1411 2749 nominibus,
1428 2678 1598 2754 pulchriores
1617 2673 1754 2749 operibus,
1772 2688 1846 2728 san-

1043 2779 1154 2853 guinem
1170 2792 1248 2831 suum
1264 2772 1411 2830 crudeliter
1425 2770 1552 2827 laceratae
1575 2783 1624 2840 pro
1648 2764 1754 2822 Christo
1769 2760 1847 2818 elfu-

1043 2868 1140 2925 derunt
1155 2874 1182 2923 et
1196 2872 1298 2922 aeterna
1323 2859 1423 2935 gaudia
1446 2877 1462 2915 a
1485 2858 1595 2915 Christo
1619 2854 1761 2929 percipere
1784 2866 1848 2907 me-

1042 2964 1165 3015 rtlerunl.

187 3023 344 3079 nerabiliter
358 3024 417 3079 orbi
430 3031 564 3079 terrarum
579 3023 764 3090 innotuerunt,
779 3024 849 3081 sicut
865 3024 984 3079 Petrus:
1003 3074 1029 3138 C
1081 3050 1124 3117 Et,
1141 3042 1294 3109 karissimi,
1310 3039 1422 3115 fragiles
1436 3036 1559 3103 semina),
1577 3032 1663 3091 reneri
1677 3030 1753 3105 pueri
1767 3028 1847 3086 rnol-

189 3112 437 3185 t'briattrainquit,
462 3130 561 3187 patrus
586 3118 628 3170 est
650 3131 700 3187 pro
722 3115 801 3171 nobis
825 3116 989 3187 relinquens

188 3205 268 3261 nobis
280 3204 444 3276 exemplum
458 3208 492 3259 ut
508 3220 660 3277 sequamur
673 3206 794 3277 oestipia
809 3205 903 3276 ejur(l
911 3204 988 3260 retr.

188 3293 236 3364 11);
251 3300 279 3349 et
294 3292 394 3349 Paulus
413 3310 421 3347 :
442 3294 506 3359 Nor,
526 3293 623 3365 inquit,
639 3294 830 3367 predicamus
846 3293 991 3350 Christum

188 3384 374 3453 crucifixum,
389 3384 494 3439 iudeis
508 3382 542 3455 (D
557 3384 610 3441 ιιι
626 3383 668 3455 r·)
682 3383 795 3456 quidem
809 3382 989 3451 scandalum,

189 3473 321 3545 pentibus
330 3476 431 3529 autem
439 3473 607 3539 stultitiam,
615 3474 713 3530 clectis
723 3489 787 3530 vero
795 3475 842 3530 Dei
854 3474 990 3530 virtatem

189 3567 218 3620 ct
228 3563 279 3619 Dct‘
292 3563 499 3636 sapientiomss
507 3563 569 3627 Gor,
579 3562 613 3633 r).
628 3564 669 3619 De
679 3564 778 3634 laphet
793 3569 885 3619 autem
901 3578 990 3634 papa,

190 3651 320 3724 episcopi,
339 3652 482 3708 multitudo
496 3660 645 3726 martymm
669 3653 720 3709 orti
740 3660 813 3722 sunt,
833 3653 878 3725 qui
894 3668 991 3709 omncs

188 3741 348 3815 passionem
369 3741 470 3798 Christi
493 3743 550 3798 suis
567 3743 744 3815 passionibus
767 3742 992 3815 glorificaverunt

189 3837 218 3889 et
231 3831 295 3889 ideo
310 3830 527 3890 benedictionem
543 3833 706 3889 haereditate
721 3832 914 3905 possederunt.
927 3832 992 3889 llaec

189 3922 249 3979 dies
263 3922 344 3978 etiam
359 3938 375 3978 a
390 3932 485 3979 sancta
502 3922 619 3995 quadam
635 3937 697 3979 cum
712 3928 815 3992 septem
835 3921 992 3976 martiribus

189 4021 313 4069 sacratur
327 4028 388 4085 quae
401 4026 452 4083 pro
467 4012 553 4068 ueteri
566 4012 630 4085 lege
644 4011 679 4066 ab
698 4012 833 4068 Antiocho
848 4026 915 4082 rege
929 4026 991 4066 cnm

189 4099 252 4157 filiis
266 4100 323 4157 suis
339 4100 397 4158 Deo
411 4108 554 4157 mactatur.
581 4100 660 4170 Quod
684 4108 775 4155 autom
798 4099 924 4156 Ecclesia
939 4102 991 4155 ho-

190 4208 252 4247 rum
267 4191 439 4247 solummodo
462 4207 514 4261 pro
536 4191 629 4248 Veteri
651 4190 827 4246 Testameuto
848 4188 992 4245 sollemnia

191 4277 297 4348 recolit,
316 4282 374 4336 haec
397 4295 479 4336 causa
501 4280 604 4335 extitit.
633 4279 786 4335 Antiochus
809 4279 894 4351 tipum
913 4277 992 4333 Anti-

191 4369 287 4425 christi
301 4370 371 4443 gerit
387 4369 433 4441 qui
448 4369 570 4425 omnium
593 4377 799 4442 persecutorum
825 4376 905 4441 caput
924 4368 987 4424 erit.

190 4458 281 4531 Hujus
295 4457 420 4513 membra
434 4474 531 4515 omnes
546 4459 656 4515 luerunt
679 4459 726 4532 qui
749 4458 877 4514 fidelibus
901 4474 994 4528 perse·
1009 4440 1034 4504 C

193 4548 332 4606 cntionem
346 4548 509 4605 intulerunt.
537 4550 623 4606 ldater
636 4564 703 4605 vero
718 4550 776 4605 haec
792 4547 880 4620 figura
895 4548 997 4604 llccle-

197 4638 245 4696 siae
258 4637 316 4707 init,
329 4654 390 4712 que
404 4653 455 4710 pro
467 4637 579 4709 iusticia
594 4638 730 4697 occubuit.
744 4638 855 4711 Septem
870 4636 918 4693 dlii
932 4636 996 4710 ejus

1047 3139 1142 3210 lesque
1158 3133 1286 3207 puellulae
1294 3134 1327 3187 de
1338 3132 1410 3187 bono
1421 3129 1455 3201 (h
1463 3126 1527 3195 ala)
1539 3126 1572 3180 ad
1583 3124 1685 3179 malum
1700 3119 1849 3178 tormentis

1046 3228 1117 3283 llecti
1131 3241 1185 3281 non
1201 3230 1356 3296 potnerunt,
1382 3226 1409 3275 et
1432 3216 1494 3273 idco
1515 3216 1551 3271 ab
1574 3214 1649 3270 omni
1671 3211 1742 3266 malo
1757 3218 1845 3283 atquc

1046 3298 1139 3383 dolore
1153 3314 1239 3385 erepti
1254 3310 1349 3367 laeticia
1364 3308 1534 3379 sempiterna
1545 3302 1668 3361 coronati
1680 3302 1738 3371 jam
1748 3314 1851 3371 posse-

1046 3406 1157 3462 derunt.
1185 3405 1316 3459 Econtra
1340 3414 1391 3454 nos
1415 3394 1538 3451 inlelicea
1562 3392 1728 3463 nimiumque
1751 3387 1849 3443 miseri

1045 3512 1097 3552 nec
1111 3493 1192 3549 minis
1207 3506 1258 3548 nec
1274 3486 1392 3561 praemiis
1412 3501 1429 3543 a
1449 3484 1531 3540 malis
1546 3479 1669 3539 revocari
1684 3494 1845 3551 possumus,

1046 3586 1129 3643 immo
1141 3580 1259 3639 diversis
1273 3592 1417 3652 paenarum
1443 3572 1592 3649 generibus
1616 3568 1700 3625 attriti
1724 3566 1849 3639 discipli·

1046 3686 1109 3727 nam
1125 3665 1235 3725 Domini
1258 3664 1383 3733 recipere
1407 3658 1536 3715 nolumus
1561 3663 1641 3727 atque
1665 3653 1693 3708 in
1717 3650 1850 3709 sordibus

1043 3762 1100 3833 jam
1115 3758 1230 3815 letantes
1244 3754 1278 3810 ad
1295 3756 1469 3809 revocantem
1484 3744 1606 3803 converti
1628 3740 1845 3801 contemnimus.

1046 3852 1131 3923 Ergo,
1147 3844 1305 3909 Karissimi,
1319 3838 1467 3913 aliquando
1490 3852 1505 3891 a
1528 3832 1635 3905 laqueis
1661 3830 1764 3887 diaboli
1778 3828 1851 3885 resi-

1046 3940 1184 4013 piscentes
1199 3942 1226 3991 et
1241 3932 1276 3989 ad
1291 3944 1427 3987 summum
1446 3926 1547 3982 bonum
1572 3921 1681 3978 Domini
1703 3934 1754 3975 nos
1777 3932 1849 3975 con-

1046 4035 1192 4089 vertentes,
1208 4026 1320 4079 beatum
1336 4022 1443 4075 l‘etrum
1468 4022 1495 4072 et
1517 4012 1585 4070 allos
1605 4018 1715 4067 sanctos
1729 4024 1851 4083 quorum

1047 4118 1128 4175 hodie
1143 4115 1212 4172 lesta
1227 4110 1398 4169 celebramus
1422 4105 1457 4161 ad
1481 4105 1609 4160 thronum
1633 4100 1728 4175 glorie
1747 4096 1852 4153 devota

1046 4223 1127 4281 prece
1142 4206 1292 4270 mittamus,
1306 4208 1335 4255 ut
1350 4204 1473 4254 nostram
1498 4190 1674 4265 fragilitatem
1698 4203 1853 4259 omnesque

1047 4296 1186 4355 cruciatus
1210 4290 1308 4347 aoimae
1323 4297 1349 4344 et
1365 4284 1489 4357 corporis
1503 4283 1644 4338 valeamus
1662 4292 1807 4350 superare,
1823 4284 1854 4333 ct

1049 4388 1077 4442 in
1092 4384 1194 4441 lumine
1210 4380 1299 4438 vultus
1313 4376 1421 4433 Domini
1445 4389 1507 4431 cum
1528 4370 1656 4428 omnibus
1670 4364 1772 4424 sanctis
1785 4380 1854 4436 per-

1049 4472 1176 4532 henniter
1190 4484 1345 4526 mereamur
1359 4464 1493 4522 exultare.
1508 4459 1589 4533 Quod
1603 4456 1698 4516 oculus
1713 4472 1769 4512 noa
1783 4454 1856 4511 uidit

1050 4567 1075 4641 (l
1088 4564 1151 4624 Cor.
1171 4564 1202 4630 rr)
1220 4566 1247 4617 et
1259 4566 1373 4617 caetera.

692 5082 762 5157 DE
789 5080 1002 5158 SANCTO
1031 5068 1358 5151 LAURENTIO.

235 5347 338 5403 Beatus
349 5332 1005 5415 oirouiinvcotaacatrincorccotoctquipoat
1060 5325 1224 5385 omnimoda
1247 5322 1344 5396 gloriae
1367 5321 1439 5377 inter
1462 5315 1577 5391 angelos
1598 5312 1720 5385 laetatum
1741 5328 1757 5367 a
1781 5311 1863 5382 cuius

204 5432 519 5497 curamnoooitiitmc
527 5428 652 5501 speravit
661 5426 693 5481 in
699 5425 856 5498 pccumcet
864 5420 1007 5479 thesauris
1062 5417 1150 5477 oculis
1165 5413 1254 5473 omnia
1268 5412 1381 5470 lacrima
1395 5408 1481 5481 ipsius
1495 5406 1545 5463 Dei
1560 5411 1672 5476 aspectu
1686 5402 1820 5468 siccatur,
1835 5406 1864 5499 et

206 5524 305 5596 (dccli.
327 5521 424 5591 narr).
449 5519 576 5583 Beatum,
602 5514 758 5580 karissimi,
781 5511 923 5582 Scriptura
944 5507 1010 5565 dicit
1064 5507 1158 5565 dolore
1174 5519 1208 5561 ac
1221 5501 1325 5575 gemitu
1341 5500 1464 5572 fugiente
1479 5494 1579 5570 gaudio
1593 5492 1734 5553 etlaticia
1755 5505 1866 5562 sempr-

214 5611 261 5682 qul
271 5615 355 5665 omne
367 5611 451 5665 habet
465 5607 538 5680 quod
552 5605 682 5663 volucrit.
701 5604 818 5660 Sanctus
833 5602 926 5672 itaque
940 5599 1013 5655 tau-

1066 5604 1144 5653 terna
1159 5592 1327 5653 cansolatur.
1340 5590 1391 5645 llic
1406 5586 1468 5645 idco
1480 5586 1521 5643 vir
1530 5584 1641 5651 dicitur,
1653 5582 1718 5655 quia
1732 5578 1873 5639 oocblan·

219 5696 325 5753 reatina
338 5704 401 5753 tere
414 5696 513 5752 heatus
526 5694 691 5766 preadicatur
700 5691 747 5764 qni
757 5704 830 5747 nunc
839 5689 868 5745 in
878 5686 1015 5745 affluentia
1069 5684 1113 5743 dis
1127 5699 1178 5743 neo
1192 5680 1299 5754 asperis
1312 5694 1395 5753 praro
1418 5675 1533 5735 coasilio
1559 5680 1588 5729 ut
1609 5671 1711 5731 mulier
1725 5667 1869 5735 subicitur,
