3942 6067
199 307 251 364 343

499 431 611 490 CAPUT
629 433 701 488 vlu.

236 551 307 623 Quid
323 561 364 612 εει
379 555 452 628 qaod
466 555 501 611 ait
513 557 596 624 (ocus.
616 555 644 622 ιι)
661 571 667 611 :
682 557 734 624 Qui
748 555 870 613 custodit
892 570 995 629 prece-

199 647 283 714 ptum
296 645 357 709 liei,
374 659 429 700 nou
454 646 620 716 experietur
642 645 794 717 quidquam
808 629 903 700 muli?
917 643 995 712 Quo·

200 731 283 788 modo
298 732 364 786 nihil
379 731 442 786 meli
456 731 619 801 experietur,
634 747 696 788 cum
710 733 794 788 saneti
805 732 856 788 vici
867 732 912 804 qui
926 747 997 803 prae·

199 829 279 891 cepte
294 820 343 875 Dei
359 819 553 887 custodierunt,
568 820 654 876 multe
668 821 739 876 male
752 821 876 894 perpessi
891 823 953 876 sunt
968 819 995 875 in

201 908 253 965 hoc
270 909 391 964 saeculo‘t

235 997 335 1052 l'erum
350 996 413 1068 quie
428 997 473 1070 qui
488 1005 626 1069 praecepta
643 998 690 1054 Dei
705 999 834 1066 custodit,
847 999 875 1054 id
886 1005 928 1054 εει
939 1013 997 1053 om-

198 1099 233 1138 ne
247 1085 319 1156 quod
337 1086 469 1158 praecepit
492 1094 519 1141 ει
543 1085 623 1156 jussit
651 1088 739 1154 Deus,
765 1103 820 1143 non
841 1087 997 1158 experietur

198 1167 344 1240 quidquam
360 1169 425 1224 meli
439 1169 467 1223 iu
482 1168 584 1238 Iuturo,
601 1170 654 1226 hoo
676 1178 718 1226 εει
739 1170 843 1225 nullurn
866 1169 995 1241 patietur,

196 1255 300 1312 nullum
313 1257 456 1313 sustinebit
479 1256 580 1312 malum
601 1258 629 1312 in
657 1258 701 1314 die
726 1258 834 1328 judicii.
864 1257 996 1326 Quemvis

197 1343 269 1398 enirn
284 1345 374 1418 aliqua
390 1345 462 1402 mala
482 1346 601 1417 patiatur
623 1347 650 1402 in
674 1347 725 1404 hac
746 1346 812 1412 vite,
835 1345 906 1402 levia
931 1353 996 1400 stunt

196 1439 224 1486 et
239 1432 407 1488 transitoria.
427 1434 457 1487 ln
473 1433 562 1488 lutura
576 1450 693 1506 namque
708 1433 760 1489 rita
775 1433 841 1489 nihil
866 1433 929 1488 mcii
943 1448 995 1504 pa-

196 1517 286 1586 tietur,
300 1521 364 1592 quie
377 1521 518 1596 perveniet
531 1523 565 1578 ed
589 1531 697 1579 aeterum
719 1521 895 1580 beatitudinis
919 1537 995 1592 prae·

196 1607 280 1664 mium
293 1617 319 1665 et
333 1609 461 1684 gloriam.

497 1708 613 1766 CAPUT
631 1709 683 1764 IX.

231 1820 302 1890 Quid
317 1829 357 1878 est
373 1821 445 1894 quod
459 1821 497 1877 eit
512 1823 597 1894 (cers.
616 1824 644 1890 il
660 1839 666 1877 :
684 1823 780 1879 llelior
794 1826 835 1879 cst
850 1823 930 1878 curris
952 1821 992 1876 ui·

194 1926 244 1966 ιιιε
260 1911 338 1968 icone
352 1913 484 1968 ruortuoi
501 1910 572 1980 Quid
586 1927 635 1983 per
649 1927 742 1967 cenem
758 1911 847 1966 virum
871 1917 916 1969 aut
931 1909 990 1964 leo·

193 2013 259 2054 nem
272 2007 408 2054 mortuum
423 2000 479 2055 vult
495 1999 623 2055 Salomon
639 1999 774 2071 intelligi?

229 2086 311 2142 Canis
324 2088 401 2143 rivus
415 2087 597 2160 gentilitatem
619 2086 763 2160 significat,
789 2087 832 2143 leo
855 2093 989 2147 mortuus,

193 2173 322 2246 populum
345 2175 502 2231 ludaeorum
526 2190 542 2230 e
563 2176 621 2232 lieo
642 2175 810 2232 derelictum.
835 2174 929 2230 ltelior
950 2182 991 2230 εει

193 2278 262 2335 crgo
276 2263 353 2320 cenIs
367 2263 421 2320 istc
437 2264 514 2320 vivus
536 2264 609 2336 apud
629 2265 727 2332 Deum,
743 2279 823 2336 quam
847 2263 890 2318 leo
915 2279 991 2318 mor-

193 2357 269 2418 tuus,
286 2350 349 2422 qula
362 2367 412 2406 nos
432 2352 525 2424 quide
540 2352 668 2426 gentibus
692 2353 843 2416 credimus,
867 2351 990 2407 viventes

192 2455 241 2510 per
255 2437 347 2502 fidem.
365 2440 559 2513 cognoscimus
574 2442 661 2496 Deum
677 2441 784 2495 Putrem
802 2449 829 2496 ει
852 2440 947 2494 Filium
962 2447 990 2495 et

191 2526 320 2598 Spiritum
335 2536 470 2584 sanctum.
484 2528 571 2584 iudai
587 2545 652 2585 vero
663 2529 761 2584 mortui
776 2545 826 2601 per
841 2527 988 2583 infidelita-

190 2622 254 2683 tem,
270 2615 336 2671 nihil
352 2615 450 2672 sciunt.
467 2617 552 2673 Aliter
568 2635 574 2671 :
591 2617 668 2673 cenis
680 2625 721 2674 εει
735 2625 873 2689 peccator,
891 2617 935 2688 qui
959 2631 989 2671 se

189 2705 309 2776 peccatis
324 2713 460 2762 mortuum
475 2704 629 2772 confitetur,
646 2713 672 2761 et
687 2721 736 2778 per
748 2705 932 2777 poeniteutiam
949 2721 989 2759 re·

189 2805 316 2862 surgens,
333 2789 426 2861 inprit
440 2805 490 2860 per
509 2789 641 2859 justitiam
663 2790 769 2846 visere.
788 2791 842 2845 Leo
867 2797 987 2845 mortuus

190 2885 231 2932 εει
242 2876 334 2950 justus
349 2881 395 2949 qui
410 2876 438 2932 iu
452 2893 502 2933 suu
513 2877 616 2947 justitia
631 2877 749 2944 confidit,
767 2884 793 2934 et
807 2877 840 2932 de
855 2877 912 2932 suis
927 2893 988 2932 rne-

189 2965 248 3020 ritis
263 2965 408 3038 gloriatur,
425 2965 563 3022 etidcirco
587 2966 615 3020 ιιι
634 2966 764 3037 superbie
787 2966 884 3032 clatus,
909 2981 988 3021 mor-

188 3062 252 3110 tuus
266 3061 307 3110 εει
320 3053 394 3126 apud
409 3054 508 3110 Deum.
528 3054 624 3110 llelior
637 3063 680 3110 est
700 3069 770 3126 ergo
793 3063 919 3126 peccator
933 3055 984 3110 ltu-

515 307 664 366 HONOIIII
683 307 935 367 AUGUSTODUN.
956 303 1041 361 OPP·
1066 303 1168 362 PARS.
1192 307 1228 364 ll.
1252 341 1287 351 -
1306 308 1522 368 ustuanti.

1791 309 1846 367 att

1010 427 1038 488 A
1053 430 1208 503 Demones,
1225 434 1298 503 vitia,
1315 443 1342 494 ει
1355 442 1479 507 peccate,
1494 435 1554 492 hec
1566 433 1641 491 euim
1653 434 1745 492 omnia
1758 442 1851 494 exter-

1048 520 1154 579 minent
1168 524 1325 582 suavitatem
1340 524 1483 598 unguenti,
1499 523 1527 580 id
1541 531 1584 580 est
1597 524 1717 598 gradem
1731 523 1851 596 Spiritus

1049 611 1147 669 sancti.

1085 699 1157 770 Quid
1163 709 1205 758 est
1213 703 1287 774 quod
1296 702 1333 758 ait
1340 704 1421 774 (ocra.
1433 701 1496 771 tl):
1508 701 1706 773 dmsapieutis
1716 701 1851 758 tritecto

1048 791 1150 860 rcejua
1159 795 1188 846 et
1197 807 1245 848 cor
1254 792 1340 848 stulti
1348 793 1381 848 in
1390 791 1514 848 εειιιιιια
1524 791 1625 847 itliusi
1636 789 1705 860 Quis
1717 790 1791 847 enirn
1799 790 1850 846 ha·

1048 877 1095 934 bet
1108 893 1158 935 cer
1171 897 1249 936 suum
1264 880 1372 938 εειιιιιε
1386 880 1415 935 in
1429 879 1522 935 dextra
1532 879 1574 936 vel
1584 879 1613 934 ιιι
1623 879 1735 936 siuistra
1745 879 1845 935 manui

1084 986 1156 1042 llere
1170 986 1271 1053 nullus,
1296 993 1324 1043 et
1347 986 1410 1042 ideo
1435 985 1613 1059 spiritualiter
1635 986 1695 1044 lraec
1716 986 1851 1044 sententia

1049 1081 1091 1130 est
1106 1074 1291 1149 intelligenda.
1307 1074 1474 1144 Quomodo?
1489 1073 1547 1129 Per
1565 1091 1614 1131 cor
1630 1074 1791 1148 deeIgnetur
1805 1076 1849 1131 in-

1049 1162 1142 1232 tentio,
1154 1163 1211 1220 siue
1224 1162 1364 1237 cogitatio,
1376 1179 1427 1234 per
1437 1164 1587 1220 meierum
1597 1177 1666 1233 epus
1675 1163 1787 1229 bonurn,
1800 1179 1850 1234 per

1047 1251 1198 1308 sinistram
1209 1267 1278 1323 opus
1293 1251 1407 1308 melum.
1424 1253 1477 1308 Cor
1486 1265 1554 1323 ergo
1569 1251 1707 1322 sepientis
1722 1252 1754 1308 ie
1777 1251 1849 1308 dee-

1049 1341 1196 1411 cerceios,
1212 1340 1275 1412 quia
1291 1339 1419 1413 cogitatio
1434 1347 1461 1396 et
1473 1338 1587 1396 intentio
1602 1338 1654 1394 viri
1668 1338 1798 1410 sepientis
1814 1340 1849 1394 ed

1048 1427 1100 1484 hoc
1115 1427 1209 1495 tendit,
1221 1436 1248 1484 et
1262 1428 1298 1484 ed
1312 1429 1366 1485 hoc
1378 1427 1496 1491 laboret,
1507 1435 1537 1482 ιιι
1546 1442 1656 1498 semper
1666 1426 1741 1483 bona
1752 1443 1850 1498 operc-

1048 1523 1101 1582 tur,
1117 1524 1253 1588 quatenus
1267 1517 1294 1571 in
1308 1516 1353 1572 die
1364 1515 1460 1583 judicii
1474 1516 1508 1571 ed
1523 1515 1665 1571 demerem
1680 1515 1800 1582 Domini,
1818 1515 1847 1571 id

1048 1611 1090 1660 cst
1102 1603 1130 1659 iu
1145 1612 1219 1660 εοιιε
1227 1606 1363 1675 justorum
1379 1611 1453 1660 stere
1467 1611 1615 1671 mereatur,
1626 1611 1652 1659 et
1664 1619 1727 1660 cum
1740 1603 1809 1676 ipsis
1821 1603 1850 1659 in

1048 1698 1152 1749 eterne
1166 1693 1332 1750 beatitudine
1346 1693 1471 1766 gloriari.
1485 1692 1536 1750 Gor
1550 1696 1645 1750 cutem
1660 1694 1747 1749 stulti
1758 1694 1790 1748 tn
1803 1695 1847 1749 si·

1007 1783 1034 1846 B
1050 1781 1146 1837 nistre
1159 1781 1248 1848 iltius,
1260 1781 1325 1853 quie
1338 1789 1365 1837 ct
1378 1780 1452 1836 mele
1465 1797 1526 1852 quae
1540 1781 1654 1852 cogitet,
1664 1781 1745 1836 malis
1753 1781 1847 1852 operi-

1046 1869 1097 1925 bus
1111 1869 1276 1937 accumulat,
1291 1884 1343 1941 pre
1358 1869 1458 1941 quibus
1471 1869 1500 1923 in
1513 1868 1559 1924 die
1569 1869 1694 1939 judIciie
1713 1869 1843 1934 sieistris,

1046 1957 1072 2013 id
1087 1965 1130 2013 εει
1142 1958 1170 2012 ιι
1184 1965 1260 2014 sorte
1273 1957 1456 2028 reproborum
1470 1964 1596 2028 ponetur,
1615 1964 1720 2014 etcum
1735 1957 1802 2029 ipsis
1816 1957 1845 2012 ie

1045 2053 1179 2103 aeternum
1193 2047 1331 2118 punietur.

1081 2133 1149 2204 Quis
1163 2143 1204 2191 est
1217 2135 1264 2189 ille
1287 2133 1397 2206 spiritus
1420 2135 1456 2190 de
1478 2150 1534 2206 quo
1558 2133 1624 2190 dicit
1646 2139 1735 2202 (uere.
1751 2133 1778 2204 t)
1795 2135 1846 2190 :st

1045 2224 1164 2296 spiritus
1183 2226 1354 2296 potestatem
1375 2223 1505 2280 detentis
1525 2223 1687 2279 escenderit
1707 2227 1843 2296 superte,

1046 2311 1138 2368 locum
1154 2314 1236 2367 tuum
1250 2327 1287 2366 ιιε
1300 2311 1467 2367 dimiseris?
1481 2309 1550 2379 Quis
1564 2318 1607 2366 εει
1620 2309 1667 2365 ille
1690 2310 1737 2382 qui
1751 2318 1846 2380 potcs-

1044 2393 1126 2454 letem
1140 2399 1233 2465 habet,
1250 2399 1328 2468 cujus
1342 2398 1455 2470 spiritus
1469 2399 1493 2454 si
1506 2398 1663 2456 escenderit
1686 2414 1843 2470 supernos,

1043 2486 1133 2542 locum
1146 2494 1268 2542 nostrum
1283 2486 1421 2544 dimittere
1434 2502 1489 2544 non
1503 2486 1656 2544 debemus?

1077 2593 1210 2651 Diabolus
1224 2593 1353 2664 priuceps
1382 2594 1461 2663 liujus
1483 2593 1601 2649 mundi:
1625 2594 1745 2666 spiritus
1767 2592 1839 2664 ejus,

1042 2689 1087 2737 est
1102 2681 1222 2755 maligne
1246 2681 1399 2755 suggestio.
1429 2681 1546 2752 Spiritus
1573 2681 1675 2737 diaboli
1702 2682 1839 2754 quomodo

1041 2770 1168 2826 escendit
1181 2786 1264 2840 super
1277 2770 1353 2825 nesi
1368 2769 1434 2841 quie
1447 2769 1639 2841 persuadendo
1654 2769 1717 2828 tacit
1731 2778 1761 2826 ut
1772 2769 1845 2826 mela

1041 2858 1201 2931 cogitemus.
1219 2858 1247 2914 Si
1262 2873 1331 2932 ergo
1344 2867 1512 2931 suggerente
1526 2859 1636 2915 diaholo
1650 2858 1725 2914 mele
1734 2874 1840 2930 sugge-

1040 2946 1093 3002 stio
1107 2946 1265 3004 ascenderit
1276 2947 1304 3002 in
1319 2962 1368 3002 eor
1382 2953 1514 3014 nostrum,
1530 2962 1585 3003 nen
1599 2947 1625 3002 ei
1639 2947 1732 3004 locum
1755 2945 1843 3004 debe·

1039 3051 1101 3090 rnus
1114 3035 1193 3099 dere,
1209 3036 1259 3090 sed
1273 3043 1371 3092 contre
1386 3035 1474 3106 Ipsam
1489 3033 1595 3091 fortiter
1615 3050 1741 3109 pugnare
1756 3035 1843 3090 debe-

188 3142 261 3198 milis
274 3150 301 3198 et
323 3158 373 3213 per
400 3142 587 3213 poenitentiem
613 3150 764 3209 correctus,
795 3159 874 3214 quam
896 3144 985 3212 justus
1001 3135 1026 3198 C
1041 3135 1111 3184 ”¹⁰⁸¹
1127 3135 1162 3174 ¹¹ss
1176 3117 1244 3176 f⁰f¹⁸
1258 3134 1343 3190 (ΨΜ
1357 3119 1545 3191 ⁰⁰¹¹¹P¹⁰⁸¹¹¹¹¹⁸
1568 3119 1667 3175 ΜΨ
1691 3118 1839 3191 Qum·

188 3230 345 3303 superbus:
363 3231 425 3304 quia
440 3230 491 3286 iste
506 3231 704 3299 abominabilis,
721 3231 767 3286 ille
791 3239 833 3286 est
854 3232 912 3287 lico
936 3247 985 3288 ac·

187 3328 296 3392 ceptus.

224 3407 294 3477 Quid
308 3416 350 3464 est
364 3408 437 3480 quod
454 3407 492 3462 eit
508 3409 590 3478 (cers.
606 3409 652 3480 8):
671 3409 754 3465 Ocurri
777 3414 901 3482 ternpore
924 3409 986 3466 siut

188 3497 358 3553 uestimento
373 3501 423 3553 tec
434 3497 566 3568 condida,
575 3502 603 3554 et
614 3498 707 3553 oleum
720 3498 856 3570 decapite
869 3502 916 3555 tuo
928 3515 985 3555 reon

187 3585 318 3653 deficiet?
334 3585 462 3658 Nunquid
476 3592 565 3658 potest
579 3586 677 3659 eliquIs
691 3585 808 3642 candida
818 3602 929 3658 semper
939 3588 984 3642 lra-

187 3672 254 3730 bere
269 3673 453 3729 vestimenta?
467 3681 493 3730 ει
507 3675 529 3730 ει
545 3673 660 3730 forsitan
672 3674 708 3730 ita
718 3683 762 3731 est
775 3675 861 3743 dives,
875 3683 902 3730 ut
913 3691 984 3732 scm-

186 3777 238 3834 per
254 3761 412 3818 vestimenta
426 3762 514 3834 pessit
531 3764 636 3818 habere
651 3763 775 3829 candida,
795 3764 859 3837 quia
874 3765 984 3822 omnino

187 3845 297 3902 difficile
317 3854 367 3912 est,
397 3847 534 3918 quomodo
562 3845 622 3903 fieri
650 3855 748 3917 potest,
779 3856 808 3904 ut
836 3848 870 3905 dc
896 3849 983 3919 capite

191 3935 249 4003 eius
264 3949 401 4006 nunquam
420 3934 528 3990 deficiat
550 3936 665 3992 oleum?
679 3935 748 4006 Quis
770 3952 891 4008 unquam
911 3937 983 3994 terre

186 4031 287 4094 potest,
304 4031 334 4079 ut
348 4038 458 4095 semper
470 4023 531 4080 oleo
546 4033 627 4096 ceput
641 4033 801 4096 perunctum
817 4027 938 4082 hebeat‘t

1040 3223 1116 3264 nem.
1135 3208 1227 3263 l‘otest
1241 3215 1269 3264 et
1284 3207 1323 3264 sie
1336 3207 1473 3280 intelllgi:
1489 3207 1518 3264 Si
1531 3207 1618 3264 trabes
1627 3207 1689 3264 vita
1702 3207 1842 3264 humilitu-

1040 3303 1105 3362 tem,
1120 3295 1290 3362 munditiam,
1306 3297 1469 3362 castitatem,
1487 3296 1659 3367 patientiam,
1669 3297 1837 3364 charitatem,

1039 3393 1067 3442 et
1080 3384 1207 3441 diabolus
1222 3384 1271 3440 riui
1286 3384 1410 3458 suggerit
1433 3384 1600 3456 superbiam,
1622 3385 1773 3452 libididem,
1788 3385 1841 3440 im-

1039 3473 1211 3540 munditiam,
1227 3473 1331 3540 odium,
1346 3490 1380 3530 ne
1394 3473 1542 3541 dimiseris,
1567 3474 1658 3532 locum
1681 3481 1767 3537 tuum,
1791 3475 1842 3530 troc

1039 3569 1090 3628 est,
1105 3562 1293 3628 humilitatem,
1318 3578 1352 3617 ne
1375 3561 1503 3619 efficieris
1521 3564 1666 3636 superbus,
1692 3563 1733 3620 sic
1753 3571 1781 3619 ει
1805 3562 1841 3619 de

1038 3649 1144 3706 caeteris
1159 3657 1201 3706 est
1211 3649 1431 3723 intelligendum.

1073 3755 1146 3825 Quid
1159 3763 1202 3812 est
1215 3757 1289 3828 qued
1300 3755 1366 3813 dicit
1375 3757 1505 3813 Salomon
1515 3768 1600 3827 tuere.
1627 3757 1675 3827 16)
1693 3775 1700 3813 :
1721 3759 1762 3814 t'oe
1777 3758 1838 3829 cios,

1039 3849 1127 3912 terre,
1141 3847 1224 3918 cujus
1243 3861 1296 3902 res
1310 3862 1382 3919 puer
1394 3850 1437 3902 est
1450 3851 1479 3902 et
1493 3849 1575 3918 cujus
1591 3847 1739 3919 principes
1756 3862 1842 3904 ercet

1037 3934 1205 3991 comedunt!
1223 3935 1352 4005 Nunquid
1378 3950 1432 3990 neu
1460 3935 1540 3990 beate
1563 3935 1612 3989 tuit
1637 3943 1714 3990 terre
1741 3934 1838 4003 lsrael,

1038 4038 1104 4093 quae
1119 4025 1249 4092 iuuenem
1262 4022 1358 4078 habuit
1372 4038 1476 4095 regem,
1491 4023 1579 4079 David
1602 4023 1715 4090 scilicet,
1739 4023 1786 4096 qui
1797 4024 1841 4078 ri-

223 4113 286 4168 Htec
302 4111 436 4168 sententie
452 4127 504 4167 non
520 4112 705 4180 historialiter,
731 4115 781 4169 sed
804 4113 982 4184 spiritualiter
1033 4111 1104 4183 gluti
1118 4126 1252 4166 annorum
1267 4110 1317 4167 luit
1329 4112 1441 4184 quenda
1456 4112 1578 4184 suscepit
1592 4113 1733 4184 reguum?
1756 4113 1837 4168 Nun-

187 4196 268 4254 debet
282 4199 411 4271 intelllgi.
427 4201 497 4254 Num
512 4215 562 4270 per
577 4203 745 4257 uestimento
769 4201 881 4258 virtutes
904 4203 982 4259 desi-

185 4295 315 4358 gnantur,
341 4287 440 4358 quibus
467 4288 556 4342 anima
583 4288 698 4343 vestitur
723 4296 750 4344 ει
778 4299 900 4346 ornetur.
932 4292 983 4347 Per

187 4374 281 4430 uicum
305 4389 370 4430 vero
391 4375 550 4446 desIguatur
570 4391 639 4446 opus
658 4375 864 4444 misericordie,
888 4379 913 4433 id
940 4387 982 4434 cst

1035 4199 1102 4270 quid
1115 4215 1170 4255 non
1185 4199 1272 4254 bouus
1284 4201 1374 4256 iosias
1386 4199 1436 4256 luit
1459 4217 1520 4266 rex,
1537 4201 1584 4272 qui
1607 4215 1728 4274 regnare
1754 4201 1836 4273 coepit

1036 4287 1065 4342 ln
1078 4287 1266 4344 edelescentia
1278 4289 1293 4342 t

1071 4394 1143 4448 llere
1157 4393 1249 4449 bonus
1264 4409 1309 4449 rer
1326 4393 1375 4450 tuit
1387 4394 1477 4451 David
1493 4401 1519 4451 et
1533 4393 1637 4461 tesius,
1655 4395 1704 4452 sed
1720 4411 1786 4453 vere
1798 4412 1841 4453 rae

187 4460 372 4531 eleemosyna,
389 4462 433 4518 vel
448 4471 520 4519 certe
535 4463 684 4535 spiritualis
694 4463 793 4531 laetitio,
810 4473 837 4522 ct
860 4475 900 4523 est
915 4484 981 4524 seu-
997 4486 1116 4546 Dim
1129 4483 1206 4551 cujus
1221 4499 1268 4538 m
1281 4482 1401 4552 juvenis,
1416 4485 1469 4540 1100
1484 4491 1525 4540 ρει
1540 4485 1568 4538 in
1584 4499 1638 4556 quo
1653 4501 1737 4555 pam
1754 4493 1781 4541 ει
1794 4486 1840 4540 ιη.

185 4563 245 4606 sus.
261 4549 344 4605 Omni
365 4553 490 4622 tempore
504 4552 564 4607 sint
587 4553 755 4609 vestimentu
781 4557 833 4610 tuo
848 4555 980 4623 condida,

185 4638 239 4693 hoc
261 4641 314 4705 εει,
339 4651 507 4710 quecunque
532 4640 623 4710 egeris
649 4641 729 4708 bona,
754 4642 808 4698 sint
828 4645 929 4700 munda
957 4655 983 4700 et

184 4740 264 4798 pura,
280 4733 309 4781 ut
323 4725 428 4797 possim
442 4727 500 4782 Deo
515 4735 627 4799 accepta
641 4745 712 4798 esse,
727 4737 753 4786 et
764 4747 903 4803 nunquam
915 4731 983 4788 delr-

183 4812 241 4869 cias
255 4811 282 4868 ln
299 4812 377 4868 bonis
396 4813 536 4884 operibus,
560 4823 586 4872 ει
607 4831 715 4890 semper
743 4818 844 4875 trabere
869 4819 980 4876 studeas

186 4901 306 4958 laetitiem
321 4901 504 4973 spicitualem.

498 5024 614 5082 CAPUT
633 5027 668 5082 X.

217 5119 285 5192 Quae
295 5130 359 5178 sunt
368 5137 469 5180 muscae
480 5121 514 5178 dc
524 5123 622 5195 quibus
632 5124 759 5180 Salomon
770 5125 835 5183 dicit
844 5127 928 5196 (eccs.
942 5130 966 5198 ι)
978 5145 983 5182 :

181 5212 281 5268 itureos
311 5211 464 5269 morientes
493 5213 689 5270 exterminant
723 5217 892 5272 suauitatem
924 5234 980 5272 ιιιι-

178 5301 301 5372 guenti?

216 5385 352 5454 Quantum
366 5387 400 5443 ud
415 5387 544 5454 litteram,
562 5387 584 5442 si
600 5403 701 5444 muscas
714 5389 867 5446 monentur
882 5391 908 5446 in
924 5409 979 5448 un-

180 5482 282 5545 guento
310 5476 456 5546 pretioso,
485 5477 664 5533 extenninant
692 5478 851 5535 suavitatem
880 5481 977 5550 illius,

179 5568 364 5642 verumtamen
380 5563 508 5620 Salomon
524 5565 689 5637 spirituales
705 5583 816 5624 mrrsccs
831 5569 887 5624 vult
902 5570 981 5626 intel·

178 5649 227 5721 ligi
244 5648 271 5703 ln
285 5649 338 5704 hoc
352 5650 421 5706 loco.
439 5651 506 5722 Qure
521 5661 582 5710 sunt
596 5669 664 5726 ergo
688 5655 844 5727 spicituales
859 5661 981 5718 museto?

1038 4569 1115 4624 firma
1129 4579 1170 4624 est
1184 4577 1210 4625 ει
1226 4571 1345 4626 cernetis
1360 4571 1496 4642 sepientis
1511 4580 1537 4628 et
1550 4573 1708 4643 prudentie.
1729 4571 1783 4642 Qui
1794 4575 1839 4645 ju-

1039 4657 1138 4714 venilia
1153 4659 1289 4714 desideria
1310 4661 1442 4731 sequitur,
1459 4661 1516 4716 odit
1537 4661 1681 4730 justitiam,
1698 4661 1838 4718 veritatem

1038 4754 1065 4802 et
1084 4747 1229 4817 judicium.
1245 4747 1388 4817 Quomodo
1410 4749 1548 4820 principes
1571 4765 1651 4805 mene
1673 4751 1839 4807 comedenti

1037 4835 1146 4907 quando
1160 4835 1299 4891 luxurlose
1318 4837 1408 4892 vivunt
1422 4837 1569 4909 priucipes‚
1589 4853 1668 4896 mane
1678 4839 1837 4905 comedunt,

1037 4932 1063 4980 et
1079 4923 1181 4980 idcirco
1196 4941 1237 4980 raa
1251 4933 1330 4980 terrae
1347 4925 1424 4995 cujus
1437 4927 1577 5000 principes
1587 4943 1668 4983 manc
1678 4929 1836 4995 comedunt,

1037 5007 1098 5078 quia
1113 5008 1201 5081 magis
1214 5016 1304 5063 emant
1319 5009 1486 5082 voluptatem
1499 5013 1579 5081 huius
1596 5012 1693 5069 seculi
1707 5022 1734 5069 ct
1747 5013 1838 5069 carnis

1036 5096 1254 5164 delectationem,
1271 5113 1352 5170 qrrem
1368 5101 1460 5171 populi
1475 5101 1603 5168 sulutem,
1619 5102 1737 5174 ideoque
1752 5102 1837 5158 luxu-

1035 5185 1110 5240 riose
1124 5185 1240 5242 vivendo
1254 5187 1415 5258 pertentent
1430 5189 1621 5260 adjudicium.

1072 5290 1215 5361 Quomodo
1229 5294 1313 5362 (cers.
1334 5295 1396 5367 t'll:
1412 5297 1499 5352 liceto
1512 5301 1555 5352 est
1576 5301 1662 5362 terro,
1679 5299 1762 5369 cujus
1781 5315 1835 5355 rese

1036 5381 1136 5437 rectilis
1148 5385 1200 5450 est,
1218 5385 1247 5438 et
1257 5385 1338 5454 crcjus
1348 5385 1492 5458 principer
1503 5385 1657 5444 comedunt
1667 5387 1697 5442 ιιι
1710 5391 1836 5461 tempore

1035 5469 1111 5525 suu?

1071 5575 1098 5632 Si
1114 5593 1161 5632 rex
1177 5583 1217 5634 est
1241 5577 1352 5647 nobilis,
1369 5579 1486 5639 decorus
1512 5582 1658 5654 sapientia,
1674 5582 1835 5655 splendidus

1032 5664 1146 5734 iustitie,
1158 5673 1271 5723 ornatus
1282 5667 1361 5724 bonis
1373 5669 1495 5726 moribus
1506 5678 1533 5728 et
1547 5671 1663 5738 actibus,
1675 5688 1740 5730 vere
1752 5673 1832 5730 beata
