3942 6067
73 299 122 354 sur
534 286 539 294 '
688 301 790 360 treus
809 301 858 358 nu
876 301 1097 369 nmnnstsus.
1671 327 1724 384 sse

107 417 326 480 notetueutant
350 419 432 489 dieti,
457 419 520 494 quie
542 421 742 484 Melchisedech
758 441 811 484 nou
824 426 919 490 DeiA
969 435 1116 496 Totiniuni
1140 455 1154 496 a
1174 440 1271 498 Totino
1293 443 1416 515 smyrne
1433 444 1563 518 episeopo
1583 445 1658 504 dieti.
1691 449 1726 506 ili

73 510 257 580 sacerdotem,
273 509 324 566 aed
334 508 385 565 Dei
400 509 529 566 virtutem
544 511 706 584 predicant.
931 521 1070 580 Christum
1085 543 1100 582 e
1114 528 1198 586 tierie
1211 547 1261 603 per
1272 532 1374 604 ioseph
1392 531 1506 606 nuptiali
1528 534 1601 591 ooitu
1623 548 1726 593 oouoo·

106 599 249 671 inpoliti,
262 597 338 666 disti,
354 597 419 672 quia
432 599 549 672 eupeioa
562 601 666 658 colunt.
929 617 1006 681 ptum
1020 615 1181 685 predieant.

106 687 265 760 Apostoiiei
289 685 369 752 dieti,
395 687 442 759 uui
465 687 533 743 nihii
564 690 707 762 proprium
729 693 876 764 possiden·
965 701 1085 759 nonani
1098 704 1133 759 nb
1148 704 1236 761 Aerio
1251 695 1461 777 quotam'dieti.
1480 707 1515 763 Hi
1527 705 1628 767 oflerre
1640 710 1727 769 saeri-

73 781 134 842 tes‚
151 790 208 831 non
222 773 361 846 reeipiunt
382 789 431 832 eoa
454 775 502 848 qui
525 775 629 850 aliquid
651 777 679 834 iu
704 780 756 840 hoo
774 783 877 840 mundo
930 785 1003 844 oinrn
1015 805 1066 861 pro
1081 791 1215 850 deiunotis
1228 799 1371 864 spernunt.

72 869 200 918 utuntur.
967 877 1045 933 idem
1059 879 1165 936 Aetieni
1179 881 1214 936 ab
1227 879 1309 938 Aetio
1322 881 1462 940 nominati.

108 951 282 1008 cerdoniani
295 951 449 1010 scorcione
462 952 581 1026 quodem
596 955 672 1012 dieti.
684 956 717 1014 ui
730 957 786 1016 duo
799 959 876 1032 prin·
966 967 1141 1025 Eunominni
1153 968 1189 1025 ab
1202 969 1337 1027 Eunomio
1356 970 1475 1044 quodem
1496 971 1639 1032 diuieotioo
1656 975 1728 1034 notit

72 1039 144 1111 oipia
159 1039 297 1098 contraria
311 1049 448 1098 esserunt.
930 1051 1067 1126 discipulo
1081 1056 1157 1114 disti.
1172 1057 1207 1113 ili
1219 1066 1347 1114 usserunt
1361 1057 1439 1114 Patri
1448 1060 1546 1118 Titium
1561 1061 1688 1130 similem,
1699 1069 1729 1122 et

108 1128 301 1186 Torrionirtoe
314 1144 329 1183 u
343 1129 480 1186 tieroioue
491 1131 610 1203 quodem
625 1132 746 1192 diutini
762 1135 877 1192 aiterum
932 1140 1001 1199 rino
1026 1143 1158 1220 Spiritum
1178 1153 1304 1204 sanetum
1327 1146 1503 1216 dissimilem
1525 1149 1622 1208 dieunt
1645 1149 1728 1208 etiem

74 1216 195 1284 bonum,
211 1215 326 1274 alterum
346 1217 450 1286 iustum
473 1217 561 1276 Deum
584 1225 730 1291 asserunt,
747 1230 877 1298 tunquam
931 1229 1038 1288 nulirun
1052 1233 1182 1306 imputari
1196 1241 1338 1307 peecatum
1352 1234 1380 1290 iu
1394 1234 1449 1293 iide
1462 1238 1638 1296 monentium.

73 1303 128 1360 dno
143 1304 277 1377 principie
292 1305 429 1362 Cenatoria
442 1305 550 1364 diouut.
968 1319 1139 1394 Oripenistoe
1151 1323 1187 1378 ab
1201 1321 1321 1395 Origene
1335 1322 1410 1380 dieti.
1425 1324 1460 1380 iii
1474 1323 1568 1382 diount
1586 1327 1659 1398 quod
1672 1341 1729 1384 nou

109 1393 278 1466 Artotysitor
292 1393 328 1450 nb
342 1393 481 1452 oblatione
495 1395 569 1454 dieti.
595 1397 627 1454 Hi
651 1414 752 1472 penem
777 1407 804 1458 et
828 1415 877 1458 ou·
931 1407 1019 1480 possit
1034 1409 1118 1465 Filius
1131 1409 1228 1468 videns
1242 1409 1367 1479 Putrem,
1377 1426 1468 1484 neque
1478 1412 1595 1484 Spiritus
1605 1423 1727 1472 unctus.

73 1497 151 1537 soum
168 1479 298 1550 oiiemnt,
314 1481 438 1539 dieentes
465 1498 482 1541 a
503 1483 598 1556 primis
622 1486 777 1545 hominibus
797 1487 878 1546 obis·
932 1496 1034 1554 Diount
1048 1496 1132 1554 etium
1146 1498 1396 1556 animeainmuudi
1407 1499 1540 1573 prineipio
1551 1517 1689 1573 peccasse,
1701 1509 1729 1560 et

74 1569 177 1626 tionem
193 1585 208 1624 e
224 1567 358 1628 iruotibus
373 1577 463 1643 terres,
477 1579 506 1628 et
520 1572 613 1629 ovium
628 1574 807 1632 oelebretum.
931 1599 981 1657 pro
994 1585 1155 1644 diversitas
1167 1594 1343 1659 peeeetomm
1362 1603 1378 1644 e
1399 1587 1477 1645 ooeiis
1490 1587 1598 1661 lupsas,
1614 1605 1729 1663 corpora

109 1659 232 1732 Aquarii
241 1657 318 1730 disti,
330 1659 404 1732 quod
419 1675 516 1734 equum
526 1660 614 1718 solum
623 1659 741 1720 offerunt
754 1663 782 1719 in
793 1664 878 1722 culice
931 1672 1044 1731 diversa
1056 1673 1085 1730 in
1099 1675 1179 1732 tetris
1188 1675 1307 1734 intrasse
1317 1677 1396 1749 quari
1406 1676 1517 1736 rinouie
1528 1685 1572 1736 :et
1583 1679 1636 1735 heo
1646 1693 1730 1738 oense

74 1745 260 1806 Saoramenti.
889 1763 1061 1836 Bmundum
1075 1763 1175 1821 sartum
1191 1763 1285 1821 inisse.

108 1835 258 1894 severiani
277 1850 294 1893 t
316 1835 419 1894 Severo
442 1835 541 1894 exorti.
578 1839 611 1896 tti
632 1840 725 1896 uinum
751 1855 805 1898 nou
830 1841 875 1897 bi·
966 1851 1130 1909 remmia
1147 1852 1235 1910 Nonio
1250 1852 1367 1926 quodam
1381 1853 1457 1911 dicii.
1481 1853 1516 1910 ni
1538 1853 1728 1914 dicuntum.

75 1925 160 1990 bunt,
187 1925 274 1981 Vetus
285 1925 489 1982 Testamentum
514 1933 541 1984 et
564 1927 796 1986 resurrectionem
821 1945 877 1988 nou
930 1945 1002 1994 stum
1018 1940 1144 1996 eumdem
1159 1957 1221 1998 ease
1235 1949 1262 1998 et
1276 1941 1390 1998 Patrem
1403 1949 1431 1999 et
1440 1941 1580 2014 Sipirit'um
1594 1952 1729 2003 sonuum.

75 2011 221 2083 recipiunt.
931 2025 1092 2084 Trinitatem
1104 2027 1132 2084 iu
1146 2028 1296 2085 officiorum
1308 2029 1474 2099 nominibus,
1490 2045 1546 2088 uon
1560 2033 1588 2087 in
1600 2033 1730 2106 personia

115 2101 233 2158 Tnta‘nni
246 2115 264 2157 a
279 2101 398 2174 quodem
408 2103 522 2162 Tatitno
535 2103 609 2176 dieti,
621 2106 667 2181 qui
681 2114 708 2166 et
718 2107 875 2166 Creathitae.
931 2111 1084 2186 aooipiunt3
1109 2115 1182 2172 uude
1205 2123 1233 2173 et
1255 2118 1466 2192 Pomponiani
1488 2127 1630 2192 vocantur,
1666 2121 1730 2187 uuis

77 2188 108 2245 iii
122 2189 438 2249 oameaebominentur.
932 2201 1048 2260 Putrem
1064 2218 1175 2276 passum
1188 2203 1296 2261 dieunt.

110 2279 215 2352 Ateii
232 2286 360 2353 unquam
386 2279 446 2337 ἀπο
462 2282 548 2339 verbo
562 2282 637 2341 areu.
662 2283 797 2341 niueum
813 2301 876 2341 ttr-
969 2309 1126 2368 moritum
1147 2326 1162 2365 a
1187 2309 1308 2368 mooun
1330 2309 1467 2384 etaatputo
1489 2311 1569 2370 naen
1591 2313 1664 2372 arcii.
1696 2313 1731 2372 111

78 2368 140 2462 ¹⁰¹¹
156 2382 214 2424 '¹⁰¹¹
228 2366 354 2464 ¹¹¹¹¹¹¹¹v
369 2369 483 2426 ¹⁰¹¹¹¹¹¹¹
496 2370 658 2446 ¹¹¹¹¹¹ss⁰¹¹¹=
682 2380 710 2429 ⁰¹
732 2373 878 2448 At>⁰⁰⁸¹t·
930 2410 1013 2452 uuum
1040 2413 1187 2469 personum
1206 2399 1298 2456 Patris
1320 2405 1348 2456 et
1369 2399 1430 2457 Filii
1453 2409 1482 2458 et
1504 2401 1620 2476 Spiritus
1643 2403 1730 2462 senoti

77 2465 145 2521 ΡΜ
161 2465 219 2508 ”⁰¹¹
233 2459 376 2523 mmm·
929 2493 1062 2542 astmunt.

113 2539 328 2640 Gotopirypaea
344 2540 465 2614 Phrygia
478 2542 620 2644 prouincia
633 2543 709 2612 dieti,
719 2543 792 2600 unde
801 2545 877 2602 tron-
966 2573 1068 2632 Artem
1090 2573 1126 2628 eb
1148 2571 1217 2629 Ario
1239 2571 1424 2631 Alexandrino
1437 2575 1600 2647 presbitero
1623 2577 1733 2637 exerti.¹

78 2634 170 2684 tanus.
187 2627 221 2687 th
235 2635 358 2700 spiritum
372 2637 509 2698 sanetum,
533 2647 591 2688 non
612 2647 639 2690 m
658 2632 813 2705 upo⁸i⁰¹⁰⁵r
828 2633 877 2689 ¹¹¹¹
932 2661 964 2718 ni
991 2661 1116 2718 diverses
1130 2660 1297 2717 substautias
1314 2659 1482 2718 inTrinitete
1496 2634 1608 2722 suriunt.

78 2731 105 2770 ¹¹¹
120 2731 152 2772 ¹¹
167 2713 299 2774 ¹¹¹¹¹¹¹¹¹¹¹¹
313 2725 450 2774 mmm·
967 2747 1164 2806 Macedoniani
1191 2764 1208 2805 o
1238 2748 1399 2807 iisoedouio
1431 2750 1729 2828 Constantinopolituno

114 2821 480 2881 entonamunuitieuioti.
502 2824 535 2880 iii
558 2825 754 2898 poenitentibus
768 2825 877 2883 reniam
931 2837 1061 2911 episeopo
1076 2836 1153 2894 dieti.
1172 2835 1207 2892 iii
1221 2844 1323 2911 negent
1344 2837 1473 2913 Spiritum
1493 2849 1618 2900 sanetum
1640 2843 1730 2901 Deum

79 2917 255 2980 peoeuturum
279 2917 398 2983 negant,
423 2911 537 2980 ndusa,
573 2913 596 2969 si
628 2914 788 2986 nupserint,
814 2921 878 2969 ten·
931 2941 1007 2983 esse,

78 3013 160 3070 iffi
184 2997 322 3055 fluum·
343 2999 492 3069 (hmini,
514 3000 672 3058 mssflffiffl'es
706 3018 736 3059 ⁵0
770 3001 877 3060 witti!
967 3015 1183 3089 Apoiiinnrsitoe
1215 3015 1251 3073 eb
1280 3017 1438 3090 Apollinare
1461 3020 1561 3078 roseti.
1586 3020 1620 3078 Hi
1637 3021 1731 3082 dieunt

77 3093 238 3164 praedieant.
892 3127 918 3192 C
933 3103 1070 3160 Christum
1085 3119 1188 3177 eorpus
1204 3110 1310 3162 tantum
1333 3105 1393 3164 sine
1413 3108 1502 3164 anime
1516 3110 1687 3184 suscepisse.
1702 3103 1735 3170 et'

112 3197 251 3256 Pontiani
273 3213 290 3253 e
312 3195 402 3255 Panto
421 3197 601 3257 samosateno
623 3199 752 3274 episeopo
775 3201 874 3259 exorti.
929 3200 1059 3258 deitatem
1074 3215 1127 3274 pro
1141 3201 1232 3258 enims
1247 3202 1389 3260 hebuim.

77 3288 110 3344 ili
123 3287 219 3344 dieunt
232 3301 288 3343 nou
301 3301 411 3359 semper
424 3288 560 3345 Christum
574 3287 670 3358 fuisse,
686 3289 735 3346 sed
756 3303 773 3345 e
793 3289 876 3346 traria
965 3307 1212 3366 mmmmm
1234 3307 1427 3368 contradicunt
1449 3311 1600 3387 virginittti
1625 3315 1730 3384 uarie,

77 3373 185 3430 ¹⁰¹¹¹¹¹¹¹¹
198 3373 361 3446 mmmm·
930 3393 1056 3452 dieentes
1075 3410 1138 3452 eem
1161 3404 1224 3469 post
1245 3404 1339 3454 netum
1362 3395 1500 3456 Christum
1526 3401 1585 3460 riro
1612 3403 1728 3461 sommi·

111 3479 333 3551 tiermopanioni
346 3478 384 3536 ab
397 3479 572 3553 Hermogene
593 3479 712 3552 quodem
727 3482 827 3540 voosti.
843 3482 877 3541 iii
930 3490 1013 3540 atem.

81 3565 226 3625 materiam
241 3567 336 3624 muudi
350 3568 409 3624 Deo
422 3567 554 3640 sequetem
570 3566 679 3625 feriunt.
965 3571 1159 3646 iietonpoeitoe
1181 3570 1268 3646 liert,
1302 3573 1501 3652 Konopioioel,
1523 3591 1542 3633 s
1564 3591 1631 3636 raas
1653 3574 1729 3636 disti.

111 3673 262 3733 renutet
280 3671 404 3732 ailsues
418 3673 539 3747 quodum
562 3671 649 3731 Perse
664 3673 738 3733 dieti.
760 3677 793 3734 Hi
809 3679 877 3736 dues
931 3659 1034 3733 ΛΨ*
1047 3659 1121 3717 0⁰¹¹ss
1143 3675 1192 3717 Μ’
1215 3659 1328 3718 diffluis·
1353 3663 1389 3718 ffi
1410 3663 1589 3721 wbwiitm
1602 3665 1730 3725 humanm

78 3771 195 3820 naturus
209 3771 236 3818 et
250 3761 426 3830 substantias,
442 3761 469 3818 id
484 3770 527 3818 est
548 3763 648 3819 bonam
664 3771 691 3821 et
705 3765 815 3836 mohin,
830 3767 875 3824 in·
929 3748 1020 3806 Μὴ
1041 3762 1059 3804 ¹
1077 3747 1339 3806 &¹¹0¹00011ffifflm
1352 3749 1460 3808 difflui·

79 3849 242 3920 trodueuat‚
266 3849 373 3907 animas
394 3865 427 3907 ex
448 3850 522 3919 Deo,
538 3851 614 3923 queri
638 3867 671 3908 ex
690 3851 782 3928 utiquo
800 3853 876 3913 tonte
967 3852 1106 3910 Coiioioni
1120 3869 1136 3908 n
1151 3852 1247 3911 Colioo
1260 3855 1379 3928 quodem
1393 3855 1551 3929 nuncupati.
1581 3858 1615 3914 iii
1635 3857 1731 3916 uiuunt

79 3953 190 3995 munere
211 3945 339 3998 assamnt
363 3951 370 3994 :
393 3938 481 3994 Vetus
503 3939 707 3998 Testamentum
736 3951 874 4016 respuunt,
930 3941 1019 3998 Deum
1033 3955 1088 3998 non
1102 3939 1194 3998 insere
1207 3941 1290 4010 mala,
1307 3950 1403 4000 eontra
1415 3942 1484 4001 iilud
1501 3945 1579 4017 :Epo
1596 3945 1730 4004 morinus

80 4025 186 4082 Nurum
200 4041 233 4081 er
247 4033 324 4098 parta
338 4023 484 4097 recipiunt.
929 4041 1031 4083 ereum
1045 4026 1134 4082 muln.

113 4113 268 4172 simunt
281 4114 341 4174 ἀπο
356 4113 420 4187 lese
433 4113 567 4173 viventes.
965 4132 1093 4190 ninom
1107 4129 1245 4188 antonno
1259 4130 1467 4206 numeneus.
1485 4133 1519 4190 nr
1532 4133 1627 4192 urunt
1640 4138 1731 4195 neum

113 4221 412 4294 Anthropomorptitoe
434 4219 470 4276 eb
492 4221 603 4279 homine
625 4221 876 4300 diuitissimos
931 4235 1044 4278 treme
1059 4220 1147 4289 malt,
1164 4227 1261 4278 oontre
1274 4219 1344 4277 illud
1359 4236 1366 4276 :
1382 4222 1461 4281 Fecit
1475 4224 1613 4281 Morinos
1632 4226 1729 4284 omnin

83 4309 151 4366 enim
166 4309 248 4368 inmo
271 4309 378 4367 dicitur.
403 4307 437 4368 iii
459 4309 546 4368 Deum
568 4313 688 4369 humana
709 4314 833 4372 membra
848 4322 876 4372 et
935 4309 1017 4368 imao.

82 4398 227 4454 numanam
249 4396 367 4455 iormem
391 4397 495 4458 hebere
509 4405 659 4470 eutumant,
675 4416 738 4460 oum
752 4403 826 4462 Dour
841 4404 875 4460 sit
964 4400 1154 4458 Donatistoea
1169 4402 1277 4458 Doueto
1291 4401 1410 4474 quodam
1425 4400 1496 4459 niro
1509 4403 1612 4460 rooati.
1636 4399 1670 4460 nt
1681 4416 1730 4460 es·

84 4487 189 4559 spiritus
203 4493 229 4543 et
241 4485 428 4559 incorporeus.
888 4471 917 4535 D
931 4495 1028 4544 serunt
1042 4487 1141 4545 Titium
1156 4490 1236 4548 Putre
1249 4488 1399 4559 minorem,
1415 4497 1442 4546 et
1456 4489 1585 4562 Spiritum
1604 4499 1730 4550 amotum

113 4593 264 4651 Heracliti:
277 4593 311 4649 ab
324 4591 448 4652 Homolio
463 4589 583 4668 quodem
598 4591 695 4649 exorti,
722 4592 756 4649 ni
776 4608 876 4652 mom.
930 4575 999 4633 Filio
1012 4577 1159 4650 majorem,
1175 4584 1203 4634 et
1216 4577 1424 4650 rebaptiaebent
1436 4577 1605 4638 Catholioos.

82 4681 145 4738 rhos
165 4689 267 4738 tantum
282 4681 427 4754 recipiunt,
443 4682 572 4757 nonjupis
586 4689 732 4753 respuunt,
748 4683 877 4755 parvulos
965 4683 1113 4742 Bononiensi
1134 4699 1151 4740 e
1173 4683 1283 4742 muoso
1297 4683 1418 4756 quodum
1430 4684 1561 4757 episeopo
1576 4686 1676 4744 exorti.
1695 4682 1729 4742 iii

82 4785 196 4843 regnum
210 4769 342 4828 otelomu
358 4771 460 4832 hebere
470 4786 525 4829 non
539 4769 661 4828 eredunt.
930 4771 1067 4830 Christum
1089 4769 1175 4828 tilium
1190 4771 1241 4829 Dei
1257 4771 1426 4844 adoptivum,
1449 4788 1505 4829 nou
1526 4773 1667 4847 proprium
1683 4788 1729 4831 ta·

113 4877 265 4935 Novatiani
278 4893 295 4933 e
308 4877 416 4935 Nouato
429 4877 506 4934 urbis
519 4877 599 4934 Rom.
615 4877 778 4952 presbytero
793 4877 871 4937 dieti.
929 4866 1038 4916 ¹¹¹¹¹¹¹¹·

81 4963 112 5022 ffi
120 4965 214 5038 iapaoa
228 4965 264 5022 ed
278 4966 466 5038 pmuiteutiem
478 4981 535 5026 non
548 4963 694 5038 recipiunt,
710 4972 737 5023 et
750 4965 876 5040 baptize-
966 4966 1214 5037 Cirourtoeilionau
1229 4965 1259 5022 io
1274 4973 1318 5023 est
1331 4973 1466 5040 omenes,
1476 4967 1559 5025 iidem
1579 4966 1726 5042 Goropitm,

81 5059 121 5110 toa
133 5053 350 5126 rebaptizabant.
929 5055 1101 5129 superiomm
1115 5055 1242 5112 heresim
1264 5062 1414 5112 nectentes.
1439 5053 1474 5110 iii
1492 5070 1586 5112 amore
1603 5054 1727 5128 martyrii

109 5161 239 5219 mmm!
260 5176 279 5216 ι
300 5159 439 5219 montibu.
456 5159 531 5218 diui,
557 5161 591 5217 Εἰ
607 5164 733 5234 tmpore
747 5172 875 5232 penem.
929 5143 1094 5216 101110ῑίΜο
1107 5144 1275 5212 inlerimwi,
1290 5151 1320 5199 ui
1333 5151 1470 5217 martyre!
1483 5145 1667 5200 nominemur.

78 5249 159 5307 uenis
172 5249 202 5306 in
216 5249 354 5307 montibus
368 5249 514 5320 latuerunt,
531 5257 559 5307 et
573 5263 604 5307 ro
618 5263 636 5307 e
649 5263 765 5322 corpore
779 5248 874 5307 Boule-
963 5250 1199 5309 Prisciiiiunirtoe
1208 5266 1225 5307 a
1235 5249 1411 5308 Priscillieno
1424 5251 1554 5324 episeopo
1564 5249 1663 5330 rooati.
1675 5249 1726 5309 flio

77 5337 125 5396 aie
140 5337 304 5397 ommni.
927 5339 957 5396 iu
969 5339 1099 5413 Hispuuiu
1113 5354 1147 5397 ex
1160 5338 1266 5396 heresi
1273 5339 1466 5396 Gnosticorum
1480 5344 1507 5395 et
1516 5337 1725 5397 Muniohaeorum

110 5453 290 5514 monimen
300 5453 406 5513 Rhium
422 5451 729 5530 sireapauporteteitn
739 5467 756 5512 a
766 5453 874 5530 nutet]
928 5436 1090 5501 T0¹m¹⁸¹¹¹¹¹¹
1102 5428 1205 5501 ¹¹⁰T¹¹¹¹
1219 5435 1385 5500 00¹¹¹i>⁰⁸¹¹¹¹·

75 5541 175 5602 menti.
200 5542 235 5600 iii
257 5541 396 5601 Christum
417 5541 570 5618 perfeetum
595 5550 699 5600 tantum
724 5549 751 5600 et
772 5543 874 5615 justum
964 5533 1303 5610 tonfmntatneisero
1315 5535 1442 5607 Sntymoe
1451 5529 1584 5608 [Goinmr]
1594 5532 1726 5608 episeopo

72 5633 167 5690 riruru
176 5631 490 5706 putantffleemiindasi
498 5637 570 5703 aunt,
578 5631 762 5706 iiuaugsiium
768 5639 873 5702 tenent,
930 5627 1031 5686 exorti.
1054 5624 1088 5681 ili
1102 5623 1130 5682 iu
1144 5624 1272 5681 uereeim
1283 5623 1386 5696 lapsos,
1401 5631 1429 5679 et
1449 5629 1545 5695 postes
1558 5623 1596 5682 ad
1609 5623 1725 5682 eutholi-

73 5731 101 5780 et
112 5721 209 5796 legem
222 5719 369 5780 oumtliter
381 5727 498 5782 sonant.
928 5731 989 5774 oum
1003 5712 1154 5772 Rooiesiaui
1169 5726 1297 5771 reversos
1310 5710 1431 5784 recipere
1444 5712 1552 5771 uolunt.
