3942 6067
104 207 142 265 85
470 207 520 265 bh
539 206 774 270 PfflhOSOPllld
792 208 907 269 tturtbt
925 208 1022 269 Lllllll
1037 211 1221 283 Qttawoa.
1234 246 1269 259 -
1283 218 1350 277 Llll.
1368 215 1416 275 IV·
1728 215 1765 276 db

106 337 196 399 erere,
212 328 263 387 sed
277 329 440 391 melioribus
462 332 654 403 eondormsre,
669 340 778 393 remoto
791 333 883 395 enimn
897 348 913 393 t
926 335 955 401 Α
970 336 1076 395 similet
1088 338 1271 413 diversiutes,
1285 358 1343 403 aon
1357 352 1450 403 temen
1462 344 1544 403 simul
1564 346 1643 405 hem
1663 352 1690 405 et
1711 359 1766 405 ao-

106 418 270 493 pejoribus,
296 419 529 497 ooalormetoque
552 424 731 495 melioribus,
755 425 791 482 sd
811 429 913 485 stetere
968 434 1050 483 otem.
1073 428 1142 486 Cum
1167 433 1240 489 enim
1265 450 1298 493 ex
1313 436 1461 508 splendore
1475 434 1511 492 sit
1531 434 1607 504 dies,
1621 452 1655 493 er
1668 436 1764 494 umbre

108 516 294 567 transeamus.
318 511 354 567 ut
367 511 432 583 quie
447 512 482 571 de
496 512 556 571 allis
575 514 733 582 elementis,
757 522 784 573 et
806 522 910 583 ornete,
969 522 1050 573 terre
1064 515 1094 573 lit
1108 534 1172 575 nox.
1185 520 1290 579 amare
1303 540 1371 581 sero
1385 524 1583 597 semperestin
1593 532 1668 597 porte
1677 541 1767 598 oppo-

108 606 136 653 et
151 612 248 654 eornm
262 606 400 659 sententes
414 600 722 675 compertissimum,
736 603 863 663 deterre
886 609 914 663 st
968 603 1019 660 sita
1034 606 1175 678 splendori
1199 610 1283 682 solis,
1305 626 1368 669 num
1391 612 1420 669 in
1443 612 1578 685 superiori
1592 621 1669 685 parte
1683 621 1765 669 terrae

109 693 210 745 ernstu
225 687 285 761 aius
297 688 391 749 disere
404 690 577 767 incipiemus.
968 700 1012 749 est
1025 695 1156 765 splendor
1170 696 1236 766 diei,
1252 699 1280 755 in
1293 700 1417 757 interiori
1431 708 1474 757 est
1486 702 1585 757 umbre
1596 701 1694 770 noetis,
1709 709 1736 758 et
1750 717 1767 759 e

968 797 1114 843 conuerso.
1138 783 1221 845 Nulla
1241 796 1284 845 est
1307 805 1374 861 erqo
1388 790 1471 857 hore,
1495 790 1524 845 iu
1547 806 1602 863 que
1625 790 1653 848 ln
1674 790 1767 863 aliqua

969 880 1046 945 parte
1060 888 1114 931 uon
1129 873 1165 930 sit
1177 872 1253 945 dies,
1269 884 1296 933 et
1318 876 1346 932 in
1370 876 1464 950 eliqua
1483 894 1541 935 nort
1564 878 1600 936 sit
1621 895 1687 935 nox.
1711 878 1768 937 Sed

147 960 198 1017 Est
215 976 282 1035 erqo
297 970 369 1021 tetro
382 961 550 1023 elementum
564 965 594 1023 iu
608 965 699 1023 medio
710 964 805 1023 mundi
820 964 912 1033 rhum,
969 962 1100 1033 queritur
1115 979 1122 1020 :
1141 962 1170 1021 Si
1184 981 1246 1036 nos,
1263 974 1290 1021 et
1303 964 1353 1031 illi,
1368 965 1449 1022 simul
1472 966 1623 1023 babeemns
1644 975 1769 1025 estatem

113 1057 197 1122 atque
211 1050 275 1109 ideo
289 1050 425 1113 infimum.
441 1055 558 1111 blundus
572 1068 674 1127 nempe
695 1055 734 1111 ed
756 1054 913 1112 similitudi
970 1057 998 1108 et
1019 1052 1148 1110 hiemem.
1174 1054 1231 1111 Sed
1255 1054 1366 1129 quendo
1381 1070 1431 1111 nos
1444 1054 1526 1122 diem,
1542 1054 1582 1111 illi
1593 1064 1711 1113 noctem.
1735 1058 1768 1113 ln

111 1154 176 1195 nem
189 1139 236 1197 oui
254 1148 297 1197 est
309 1141 467 1215 dispositus.
482 1144 608 1216 Namque
621 1152 694 1203 terre
708 1150 751 1201 est
763 1143 792 1199 in
806 1144 912 1211 medio,
968 1150 1062 1199 estete
1072 1158 1139 1199 aero
1151 1144 1233 1201 nobis
1243 1150 1306 1200 sunt
1318 1142 1474 1217 longissimi
1487 1144 1557 1215 dies,
1567 1143 1668 1203 breves
1677 1153 1769 1203 nutem

111 1234 142 1283 ut
155 1228 264 1287 vitellus
278 1229 306 1285 in
321 1246 384 1287 oro.
401 1230 482 1289 Giroe
494 1232 567 1289 hena
581 1240 621 1291 est
637 1247 721 1305 sque,
737 1240 766 1289 ut
779 1232 852 1291 eirea
868 1232 913 1289 vi·
968 1240 1081 1298 nootes;
1098 1232 1240 1291 habebunt
1254 1248 1322 1307 ergo
1336 1231 1391 1305 ipsi
1403 1232 1433 1288 in
1444 1239 1540 1291 masto
1562 1250 1611 1290 sua
1628 1233 1687 1291 dies
1700 1233 1769 1292 bro-

112 1316 206 1373 tellum
219 1316 359 1375 albumen.
370 1319 451 1379 (lires
464 1336 565 1394 equum
579 1330 621 1379 eet
634 1338 694 1391 ner,
709 1329 740 1379 ut
750 1320 914 1394 panniculus
968 1336 1028 1389 res,
1039 1328 1168 1379 etnootes
1182 1322 1292 1395 longas,
1303 1319 1378 1393 quod
1387 1336 1444 1378 non
1457 1330 1499 1379 est
1512 1322 1634 1381 neturale
1648 1321 1770 1380 metetis?

113 1406 258 1463 marineus
281 1407 422 1467 rhomen.
438 1410 522 1469 Extra
535 1426 604 1471 vero
619 1409 788 1472 oonntuneru
808 1410 912 1480 omnia,
970 1410 1072 1467 Gontrs
1090 1410 1145 1468 boe
1158 1410 1274 1467 dicimus
1289 1424 1298 1466 τ
1311 1412 1365 1468 etsi
1378 1411 1490 1485 quando
1502 1427 1555 1468 nos
1567 1410 1651 1481 diem,
1666 1410 1707 1468 illi
1718 1425 1770 1467 no·

113 1502 154 1551 ost
168 1494 241 1569 ignis
254 1496 290 1553 ed
305 1496 418 1555 modurn
430 1505 509 1559 testes
521 1498 578 1559 erl·
971 1506 1053 1567 etem,
1070 1507 1163 1555 temen
1177 1499 1206 1556 in
1221 1499 1340 1573 quodam
1352 1508 1476 1573 tempore
1489 1500 1550 1558 dies
1563 1500 1645 1557 nobis
1666 1508 1694 1557 et
1714 1498 1770 1558 illis

969 1595 1013 1645 est
1027 1587 1191 1659 eommunis,
1207 1588 1259 1647 sed
1273 1589 1353 1650 alteri
1366 1589 1396 1646 in
1408 1606 1537 1662 vespere,
1551 1589 1769 1650 alteriinmane.

925 1677 1037 1759 ficum
1055 1677 1128 1734 enirn
1143 1678 1184 1734 sol
1198 1686 1242 1735 est
1254 1678 1335 1736 nobis
1348 1678 1377 1735 in
1392 1686 1453 1736 ortu
1461 1720 1470 1749 ,
1486 1678 1576 1736 ndhuo
1600 1686 1643 1735 est
1663 1678 1718 1735 illis
1741 1678 1770 1733 in

146 1770 214 1827 Eme
231 1777 305 1827 terre
326 1769 369 1827 sio
392 1770 421 1827 in
443 1770 535 1829 medio
558 1770 653 1829 nundi
676 1770 782 1845 posita,
806 1777 833 1829 et
851 1770 916 1829 iude
972 1780 1085 1839 amatr,
1097 1766 1284 1841 hebenusque
1293 1782 1385 1835 mane,
1396 1767 1437 1824 illi
1450 1775 1617 1840 seqpere,ut
1630 1766 1769 1826 otmun-

111 1858 205 1915 omnie
219 1858 357 1931 resipiens
373 1858 509 1931 pondere,
522 1859 573 1917 etsi
585 1859 748 1919 neturallter
763 1859 798 1916 sit
812 1857 917 1931 frigide
970 1872 1030 1913 ram
1045 1857 1164 1928 primam
1177 1856 1301 1915 nondum
1314 1857 1354 1915 sit
1365 1857 1408 1913 eis
1421 1872 1489 1915 nor.
1504 1857 1633 1915 stmtter
1645 1857 1675 1915 in
1687 1871 1770 1915 eces-

110 1956 139 2003 et
153 1946 238 2014 sinos,
263 1946 292 2003 io
316 1947 433 2007 diversis
456 1956 546 2005 tumen
567 1949 690 2021 pertibus
704 1948 777 2015 aeis,
793 1964 826 2007 ex
841 1948 916 2007 soei-
970 1961 1014 2014 au,
1028 1960 1063 2003 ex
1077 1960 1132 2019 quo
1146 1944 1189 2003 sol
1203 1944 1302 2017 insipit
1314 1944 1494 2013 deeoeudere,
1506 1944 1602 2018 incipit
1614 1944 1669 2003 illis
1682 1961 1769 2019 eppa·

109 2035 194 2093 dente
208 2035 334 2093 diverses
349 2036 471 2095 eontinet
484 2036 640 2110 quelitetee.
666 2038 735 2095 Pers
755 2036 829 2095 onim
843 2037 916 2095 illius
969 2050 1042 2103 rere,
1054 2042 1084 2091 et
1097 2042 1162 2092 tuae
1175 2041 1220 2091 est
1234 2033 1288 2091 illis
1301 2050 1391 2103 mene,
1408 2034 1488 2091 nohis
1502 2050 1629 2108 uespere.
1643 2035 1712 2093 lude
1724 2042 1770 2094 est

110 2124 225 2183 torridas
239 2140 327 2193 sonte,
339 2124 410 2197 perti
425 2126 500 2182 seris
515 2126 652 2197 sublesta,
663 2141 700 2183 ex
715 2124 823 2184 fertore
837 2126 914 2196 solis,
970 2138 1050 2197 ergo,
1063 2123 1137 2196 qnod
1156 2123 1292 2181 hebemus
1302 2140 1356 2181 nos
1370 2130 1397 2180 et
1409 2122 1450 2180 illi
1462 2123 1523 2181 dios
1536 2124 1658 2197 equales
1673 2132 1701 2182 et
1714 2138 1769 2184 se·

109 2212 216 2269 torrida
232 2220 274 2269 est
289 2222 315 2271 et
327 2213 523 2273 inhabitabilis.
542 2214 596 2275 Sed
610 2215 664 2273 duo
679 2215 804 2285 ejusdem
814 2215 914 2287 sepita,
969 2220 1039 2282 otes,
1054 2212 1107 2269 etsi
1118 2228 1175 2269 non
1190 2212 1282 2269 simul.
1297 2212 1429 2271 Simihter
1441 2213 1540 2271 hiertts.
1563 2212 1692 2283 Qusllter
1713 2214 1769 2273 hoa

109 2300 447 2377 lrlqidispartibusaeris
461 2303 580 2373 subdite,
596 2303 700 2379 ltiqida
714 2310 819 2363 suntet
833 2304 914 2361 inho·
969 2302 1015 2371 ait,
1039 2300 1160 2377 ingeniis
1176 2301 1327 2375 tegentium
1349 2302 1551 2361 disentiendun
1568 2302 1768 2375 permittemus.

108 2390 245 2447 bitebilia.
269 2393 338 2449 Pers
355 2408 421 2451 uero
436 2400 595 2465 temperate
609 2393 680 2465 pom·
693 2392 766 2451 seris
781 2393 913 2463 subjeete,
968 2391 1027 2449 Nos
1041 2406 1108 2449 uero
1122 2398 1149 2447 et
1159 2388 1246 2453 horlon
1258 2391 1377 2450 similem
1387 2392 1520 2449 babemus
1527 2392 1602 2451 diem
1611 2399 1768 2463 elnonem,

108 2488 263 2553 temperate
279 2489 320 2539 est
334 2490 361 2539 et
373 2481 543 2538 habitabilis.
562 2481 621 2539 Sed
632 2482 695 2556 quin
705 2482 766 2541 dne
780 2489 875 2554 pertas
889 2482 917 2537 il·
969 2478 1020 2537 aed
1032 2479 1143 2553 quando
1155 2497 1207 2539 nos
1220 2487 1352 2549 mehtem,
1359 2480 1402 2537 llll
1418 2480 1546 2550 hiemem,
1557 2490 1585 2538 et
1593 2497 1611 2539 e
1620 2496 1768 2542 souuerse.

108 2570 174 2637 lius,
190 2579 221 2627 ut
235 2570 424 2642 prediximus,
448 2571 635 2643 intemporale
658 2579 736 2640 sunt,
760 2572 822 2627 dum
843 2570 916 2629 inlrs
969 2569 1038 2625 Cum
1053 2569 1170 2627 enimin
1184 2570 1284 2627 eodem
1298 2568 1491 2641 hemisphaerio
1505 2569 1586 2627 umal
1604 2585 1658 2627 nos
1678 2578 1709 2627 et
1729 2569 1773 2627 illi

109 2667 174 2718 snut
188 2667 359 2731 temperate,
377 2667 404 2716 et
418 2660 593 2718 habitationis
607 2660 752 2733 patientes.
766 2661 825 2717 Une
839 2668 916 2718 extre
970 2657 1103 2715 habemus
1112 2658 1305 2730 splendorem,
1331 2665 1359 2715 et
1381 2656 1463 2715 simul
1476 2658 1602 2715 ambram
1616 2673 1624 2717 ε
1638 2658 1690 2717 sed
1699 2657 1770 2732 qnia

110 2748 246 2806 torridam
261 2765 368 2819 ιοιιιιιιι,
383 2749 471 2807 sltem
485 2750 556 2807 ultro
572 2768 579 2805 :
595 2750 647 2807 sed
661 2749 788 2823 quemuis
806 2750 915 2807 beblte·
971 2747 1083 2819 qaendo
1098 2746 1179 2805 nobis
1192 2754 1235 2803 est
1247 2747 1291 2804 sol
1304 2746 1485 2819 propinquus,
1500 2746 1555 2805 illia
1567 2755 1611 2805 est
1623 2754 1745 2806 remotas
1759 2763 1769 2804 t

112 2837 193 2909 bites,
210 2854 297 2895 utrem
320 2847 411 2896 umen
433 2840 469 2897 eb
491 2839 620 2896 omnibus
642 2838 790 2897 inhabituri
814 2844 916 2899 tentum
971 2837 1084 2908 quondo
1097 2836 1234 2895 hebemus
1246 2843 1379 2905 melotem,
1389 2835 1430 2893 illi
1444 2835 1576 2893 hiemem.
1588 2835 1645 2894 Sed
1659 2836 1704 2893 hie
1717 2834 1773 2895 ari·

109 2927 268 2995 eredimus,
285 2943 336 2985 neo
351 2935 446 2985 totsm.
463 2929 517 2985 Sed
533 2928 598 3001 quia
618 2928 774 3001 philosophi
787 2928 822 2985 de
835 2928 915 2984 babi—
969 2932 1013 2981 tur
1027 2925 1153 2999 questio,
1163 2925 1262 2985 similis
1275 2925 1370 2999 priori,
1381 2925 1419 2983 ed
1429 2940 1512 2997 quem
1523 2924 1619 2999 siquis
1633 2925 1773 2999 prioribus

111 3015 262 3071 tatiouibas
276 3014 427 3087 utriusque,
442 3025 498 3072 non
512 3015 578 3089 quie
591 3015 629 3071 ibi
647 3022 720 3084 sunt,
735 3016 783 3072 sed
800 3014 862 3087 quia
876 3014 915 3070 ibi
927 3042 953 3110 G
965 3021 1119 3080 instructus
1132 3014 1297 3081 serrassent,
1312 3012 1385 3071 illius
1396 3013 1565 3073 solutionem
1582 3013 1669 3073 deoile
1692 3013 1771 3075 inre·

107 3120 173 3161 esse
187 3110 319 3177 possum,
342 3104 489 3178 loquuntur
502 3106 538 3161 de
550 3104 615 3172 illis,
630 3117 699 3179 quos
714 3117 766 3161 nos
779 3119 835 3161 non
849 3118 915 3162 ere·
967 3103 1034 3160 niet.
1046 3104 1105 3163 Noa
1125 3120 1204 3173 vero,
1225 3111 1253 3161 et
1275 3103 1421 3175 antipodes
1442 3100 1545 3181 hules,
1570 3118 1663 3177 neque
1686 3104 1772 3165 simul
1808 3142 1816 3158 ,

107 3194 202 3249 dimus
216 3206 281 3249 esse
291 3200 407 3265 propter
421 3193 590 3252 intellectum
604 3194 731 3252 umento
744 3192 914 3269 philosophi·
967 3200 1101 3265 esteten,
1112 3208 1232 3267 nequem
1244 3192 1326 3249 simul
1337 3192 1567 3268 monemusque
1579 3194 1770 3267 stemusque

108 3298 166 3352 em,
182 3282 287 3356 eliquit
300 3282 365 3339 inde
381 3282 518 3339 dicemus.
967 3290 1078 3339 nonum
1091 3283 1234 3353 hebemus,
1251 3280 1377 3347 ινιιιιιοι
1390 3300 1458 3341 sero
1470 3292 1499 3343 et
1512 3284 1555 3343 stri
1569 3280 1715 3356 antipodm
1726 3282 1771 3342 'sia

731 3438 737 3450 ι
966 3371 1117 3442 setrabent,
1126 3374 1346 3433 utuosetnostri
1355 3374 1510 3442 anteeae',et
1519 3374 1606 3432 nostn
1614 3373 1772 3447 enupndes,

235 3439 303 3497 0⁸⁹·
319 3440 368 3497 ffl-
385 3468 420 3483 ···
432 3441 471 3497 9⁶
485 3438 696 3497 mmm
709 3453 782 3511 epm.
965 3466 996 3517 ut
1009 3476 1061 3517 nos
1075 3469 1104 3518 et
1116 3462 1179 3531 sui;
1194 3462 1341 3536 antipodes
1361 3462 1452 3522 nostri
1467 3471 1497 3519 et
1512 3462 1555 3520 sui
1570 3470 1601 3521 nt
1611 3478 1665 3521 soe
1678 3469 1773 3520 sten-

965 3548 1048 3607 leuel.
1065 3551 1102 3608 Et
1116 3550 1246 3625 quonism
1259 3552 1295 3611 de
1307 3552 1519 3611 habitatioru'bus
1533 3552 1621 3609 tribus
1633 3560 1773 3611 stemate

967 3639 1168 3699 habitatoribus
1184 3641 1253 3701 setis
1264 3642 1420 3710 donuimus,
1434 3641 1470 3698 de
1484 3648 1581 3699 nostre
1593 3642 1688 3701 diaere
1700 3641 1772 3699 luel·

967 3729 1090 3802 pisanus.
1117 3730 1320 3804 Nostruiqitur
1333 3730 1465 3787 hebitudo
1478 3730 1515 3788 eb
1528 3730 1635 3789 oriente
1648 3730 1677 3787 in
1695 3730 1773 3790 aoei-

968 3820 1099 3887 dentem,
1125 3819 1278 3877 emendis
1301 3819 1338 3876 ud
1359 3819 1574 3891 septentrionem
1608 3820 1773 3890 extenditur,

969 3907 1161 3981 quequsmvts
1171 3914 1321 3979 temperate
1330 3908 1509 3975 dioatur,non
1523 3908 1664 3979 equaliter
1680 3915 1772 3964 temen

969 3997 997 4053 in
1011 3996 1141 4053 omnibus
1154 3996 1212 4052 suis
1227 3995 1350 4069 pertibus
1363 4003 1516 4068 temperata
1539 4003 1591 4052 est.
1614 3996 1683 4052 Pars
1696 3996 1771 4053 enlm

969 4086 1083 4143 torrido
1106 4100 1183 4142 sonae
1206 4084 1398 4159 propinquior,
1413 4093 1444 4141 at
1456 4094 1499 4142 est
1513 4084 1609 4158 Libya,
1623 4085 1770 4158 dlthiopia,

267 830 338 889 cnr.
353 830 378 889 1.
395 864 431 876 -
445 832 484 893 be
498 838 576 893 terro
592 838 620 893 et
634 836 751 895 mundo.

177 1636 246 1695 car.
260 1628 297 1697 tt.
310 1672 345 1682 -
360 1642 398 1699 lle
412 1640 529 1699 diuersis
544 1640 732 1715 qualitatihus
748 1642 843 1699 terroe.

143 3584 211 3641 Pars
225 3584 313 3658 igitur
327 3600 402 3642 zonae
411 3577 576 3651 habitabilis,
592 3580 620 3637 in
636 3597 688 3656 qua
703 3596 807 3650 sumus,
819 3579 912 3639 induo

109 3672 253 3731 dividitur.
270 3675 338 3731 Cum
356 3673 427 3731 enim
441 3672 590 3744 temperies
604 3670 678 3727 aeris
693 3670 816 3729 exomni
835 3677 914 3743 parte

110 3764 144 3819 sit
160 3774 251 3833 terrae,
269 3763 395 3836 quaedem
413 3778 479 3835 pars
502 3768 655 3833 temperate
670 3768 720 3829 est,
737 3769 763 3816 et
777 3758 913 3817 habitnbi-

109 3850 155 3910 lis.
183 3850 236 3909 Sed
261 3852 391 3927 quoniam
416 3847 581 3909 refluxiones
603 3848 706 3907 Ooeeni
726 3848 809 3905 latere
833 3856 914 3907 terrm

108 3948 188 4019 juxte
213 3949 369 4021 qualitatem
393 3946 542 4004 horizontis
557 3946 652 4020 cingit,
669 3944 762 4001 induo
778 3944 854 4000 illam
868 3944 913 3999 di-

111 4040 216 4095 sidunt.
226 4038 316 4109 Cujus
331 4036 501 4109 superiorem
515 4038 624 4108 partem
638 4034 794 4090 bebitamus
811 4048 818 4090 ι
833 4034 913 4090 Anti·

112 4128 202 4199 podes
212 4142 278 4185 uero
289 4126 378 4183 nostri
392 4125 562 4183 interiorem.
573 4122 672 4181 Nullus
685 4131 775 4179 tumen
790 4131 914 4181 nostrum

110 4217 146 4273 ed
159 4215 234 4283 illos,
250 4230 341 4289 neque
355 4214 464 4271 illorum
478 4214 514 4271 sd
529 4228 580 4269 nos
595 4211 742 4287 peruenire
757 4218 857 4283 potest.
873 4214 915 4269 Et
969 4174 1060 4233 “¹3⁶⁸
1075 4182 1119 4232 ⁰⁸¹
1132 4182 1159 4231 ⁶¹
1174 4173 1264 4277 ’,ἰωῖ
1286 4174 1380 4276 fian}
1400 4174 1523 4279 fffssidoer
1536 4174 1648 4278 ‚ffiffidl
1661 4182 1728 4277 ⁸0⁸1·
1744 4182 1773 4278 fl

110 4312 193 4378 perte
207 4304 283 4361 enim
297 4302 500 4376 septentrionis,
511 4302 601 4375 trigue
612 4309 638 4359 et
648 4300 816 4360 relluttiones
826 4308 916 4359 trans·
969 4264 1089 4321 mmm·
1119 4262 1326 4334 ⁰⁰⁰¹d⁰⁰⁸⁸¹¹⁸t
1346 4263 1449 4338 ἧψά.
1470 4270 1497 4321 0¹
1521 4278 1605 4322 Μ·
1620 4262 1770 4323 ⁰f¹⁰¹¹¹²¹¹⁸

110 4394 181 4451 hum
200 4392 358 4466 probibent.
370 4392 415 4449 'Es
429 4400 510 4465 parte
524 4406 591 4451 rere
609 4388 726 4449 orientis
740 4396 768 4447 et
782 4390 913 4449 enuiden-
926 4394 955 4461 D
969 4354 1057 4411 Μ’
1071 4360 1098 4411 ⁰⁸
1111 4353 1232 4410 ''mid''
1247 4352 1399 4427 AEqfflm
1412 4368 1479 4411 'm
1492 4352 1607 4424 dim*
1627 4354 1771 4429 ”quum

110 4483 156 4550 tis,
174 4483 218 4541 sol
233 4490 262 4540 et
274 4480 449 4540 seautones.
475 4480 606 4539 Similiter
625 4478 683 4539 elie
706 4478 862 4537 amittatis
886 4482 916 4537 ιιι
969 4451 1012 4502 ⁶⁸t
1024 4449 1186 4516 “mm“

110 4574 168 4631 duo
181 4570 313 4629 dividitur
328 4586 335 4627 :
350 4570 623 4645 Superius-quorum
636 4567 720 4635 ιιπιιι
745 4570 832 4632 nostri
845 4570 917 4630 ohti-
1064 4638 1067 4643 ,

111 4677 195 4731 me,
224 4674 252 4726 er
278 4667 393 4726 interim
411 4668 545 4731 enlm
566 4670 685 4731 morum,
713 4674 780 4731 gum
805 4684 875 4745 ρῳ
888 4667 917 4725 in
970 4651 1038 4712 Car.
1054 4649 1100 4711 lv.
1114 4682 1149 4695 -
1162 4654 1201 4711 be
1221 4650 1354 4710 leoninis
1369 4648 1459 4719 tete,
1475 4649 1578 4724 Africo
1591 4654 1621 4711 et
1634 4650 1766 4728 Europos.

115 4768 230 4825 dumus
251 4768 443 4825 bebitabillbns
466 4777 584 4842 quntum
601 4772 779 4839 habitatores,
795 4769 842 4827 elli
855 4780 917 4827 rura

116 4858 223 4914 allisio
236 4856 401 4929 quibusdem
415 4859 586 4930 temporibus
600 4861 782 4929 conveniunt,
806 4858 835 4915 in
855 4855 918 4930 qai·
1007 4847 1094 4919 Hujus
1116 4846 1180 4903 item
1203 4852 1261 4903 hes
1279 4852 1373 4919 partes
1395 4852 1460 4902 sunt
1485 4844 1669 4920 principales,
1693 4849 1771 4917 deis.

116 4946 237 5003 hosdem
252 4944 393 5003 dlfferunt.
407 4946 465 5005 Nes
480 4962 547 5022 ergo
568 4956 597 5006 et
617 4951 703 5006 nostri
718 4948 861 5021 antipodes
875 4947 919 5003 si·
971 4939 1071 5013 Africo
1093 4945 1120 4995 et
1143 4938 1270 5009 suropo.
1297 4943 1324 4995 θῑ
1346 4934 1442 5009 ἱΗθίΡίῑ
1463 4934 1528 4993 Asia
1548 4936 1583 4993 eb
1606 4936 1730 5009 oriente,
1744 4945 1774 4994 οι

116 5037 176 5093 mul
189 5036 327 5093 hebenum
339 5043 472 5105 estatem,
484 5045 513 5093 et
526 5037 655 5107 hiemem,
671 5048 698 5096 et
710 5038 764 5095 olla
778 5037 842 5094 anni
851 5044 919 5093 tem·
972 5027 1126 5087 extenditur
1138 5025 1284 5083 lateraliter
1298 5039 1315 5083 e
1329 5024 1524 5098 septentrione
1535 5042 1624 5099 usque
1637 5026 1673 5082 Νι
1687 5025 1772 5085 wrti-

119 5138 203 5198 pors.
222 5125 280 5182 aed
294 5124 406 5197 quondo
431 5125 564 5183 habemus
582 5127 669 5197 diem,
694 5126 734 5183 illi
756 5134 878 5195 nnooem,
903 5141 919 5181 e
972 5116 1037 5175 dem
1060 5130 1166 5180 sonem.
1190 5110 1406 5185 lefmimtlurque
1422 5112 1511 5170 Tanai
1524 5119 1551 5169 θι
1563 5112 1637 5179 Nilo.
1651 5110 1772 5169 metten

119 5228 267 5273 eonverso.
290 5214 321 5270 Si
335 5214 406 5269 enlm
421 5228 454 5270 er
469 5215 674 5290 propinquitate
689 5216 755 5273 sotis
771 5223 814 5273 est
827 5222 917 5281 aestss,
972 5214 1080 5279 portem
1093 5200 1247 5259 habitabilis
1261 5200 1416 5259 continens.
1437 5199 1547 5271 Europe
1559 5215 1625 5257 vero
1639 5207 1666 5257 et
1679 5200 1773 5261 blrioa

119 5310 148 5361 et
161 5320 195 5361 ex
210 5302 365 5361 remotione
384 5302 483 5372 ments,
496 5320 532 5364 ex
545 5305 677 5365 medioeri
690 5306 819 5363 distantis
832 5318 879 5363 ver
893 5309 920 5361 et
973 5296 1044 5353 dues
1058 5294 1126 5351 elius
1136 5290 1268 5350 obtinent.
1279 5290 1422 5347 Suntvero
1432 5286 1539 5347 termini
1548 5286 1648 5358 bidom
1660 5306 1666 5346 :
1678 5290 1772 5361 Nilus,

120 5402 279 5461 eutumaus,
294 5393 452 5467 signavero
464 5393 545 5453 nobis
556 5393 645 5451 stillis
656 5393 918 5468 equetiterdistsnt,
974 5402 1008 5443 ex
1020 5391 1097 5459 perte
1109 5379 1243 5440 orientis:
1258 5394 1276 5437 e
1289 5378 1402 5437 meridie
1416 5376 1520 5435 torrida
1531 5391 1611 5446 zone,
1627 5393 1644 5435 ι
1657 5387 1772 5453 septen-

121 5482 222 5557 quippe
239 5488 342 5539 lemm
356 5482 505 5555 serpentia,
517 5490 545 5541 et
560 5500 639 5541 suum
655 5482 815 5543 naturalem
830 5482 920 5540 locum
973 5474 1063 5532 irione
1083 5471 1311 5529 llediterreneum
1332 5482 1426 5535 mare,
1446 5466 1480 5523 eb
1499 5464 1643 5525 oooidente
1656 5470 1772 5528 refluxio

121 5570 260 5643 obeuntis,
275 5570 303 5629 in
318 5586 482 5645 quoeunque
497 5572 577 5646 signo
592 5573 627 5629 sit
641 5572 694 5643 sol,
709 5572 851 5647 mqusliter
871 5570 922 5629 erit
975 5560 1178 5623 llediterrsnei.
1193 5556 1314 5630 Termmi
1327 5571 1393 5614 uero
1406 5556 1526 5631 Europe
1540 5565 1603 5615 sunt
1613 5559 1648 5615 eb
1658 5558 1773 5617 Oriente

124 5660 205 5721 nobis
216 5669 244 5721 et
253 5658 319 5732 illia,
331 5660 441 5721 elidem
455 5660 562 5723 efficiet.
578 5662 675 5723 lderito
688 5661 772 5737 iqitm
787 5662 922 5722 bohemus
975 5653 1086 5721 Tentis,
1101 5650 1138 5711 ad
1153 5646 1386 5717 Mediterraneum
1398 5662 1485 5717 mere,
1509 5647 1545 5706 ob
1567 5648 1710 5708 obsidente
1724 5663 1771 5707 re·
