3942 6067
187 222 222 279 dd
480 214 629 275 HONORII
648 210 900 275 AUGUSTODUN.
922 210 1001 271 OPP.
1022 209 1115 269 Palis
1133 213 1156 269 Ι.
1177 214 1318 275 brunsc.
1340 217 1387 277 ΕΤ
1405 214 1546 275 histob.
1675 158 1679 163 ι
1808 219 1850 275 56

188 346 278 405 midos
291 363 299 414 3
315 360 371 403 non
385 340 474 419 potuit
488 357 555 417 ergo
569 357 623 397 nou
638 340 805 397 desiccaudo
818 338 955 411 spissare,
968 342 996 393 ει
1008 337 1033 394 Α
1044 336 1155 397 Boetius
1168 340 1197 398 in
1210 342 1389 401 drithmetica
1404 360 1412 397 :
1431 341 1527 401 Omnis
1537 342 1787 417 eqacdtarpuuco
1801 347 1852 399 est

187 436 229 493 sic
243 435 364 493 lucidum
380 443 407 492 et
422 432 528 491 visibile
544 447 655 495 creare;-
673 428 757 485 veluti
770 429 794 484 si
809 444 881 502 aqua
899 427 991 500 spissa

188 533 358 598 supponatur
371 523 438 597 igni,
454 522 588 593 spissatur
603 534 676 590 saepa
691 527 718 575 et
733 518 848 575 vertitur
869 518 897 573 iu
917 516 990 589 lapi-

190 614 273 671 deam
288 613 466 671 substantiam
484 628 490 665 :
506 609 530 664 si
551 615 641 664 autern
661 615 830 680 supponatur
844 607 925 663 ahcui
940 622 990 663 oa-

190 703 247 760 lido
262 701 423 768 ethumido,
447 699 518 755 sicut
539 713 618 771 aquea
641 696 774 766 bullienti,
796 697 833 753 ita
856 696 930 769 quod
955 694 991 751 ab

191 793 239 850 ilio
255 793 314 849 solo
328 790 441 861 recipiat
452 788 580 855 calorem,
596 802 651 842 uon
667 786 810 857 spissatur.
823 785 873 842 Vel
888 800 990 843 secun-

192 883 258 938 dum
276 878 479 937 Cousteutinum
495 894 502 935 :
518 892 580 933 cum
604 874 659 929 siut
684 874 737 929 ista
759 882 886 946 quatuor,
913 882 939 929 et
962 872 992 929 iu

193 984 357 1043 unoquoque
368 968 430 1025 duae
440 965 595 1039 qualitates,
608 978 690 1019 unam
701 964 804 1021 habeut
817 963 991 1037 singularem

194 1076 227 1117 ex
240 1075 280 1125 se,
297 1054 377 1114 aliam
392 1074 426 1113 ex
440 1056 505 1111 alio.
521 1054 597 1129 lgnis
612 1070 646 1110 ex
659 1068 689 1109 εε
702 1053 809 1109 calidus
831 1062 884 1119 εει,
899 1053 991 1111 siccus

193 1165 226 1207 ειι
240 1156 334 1217 ιειιε;
349 1162 397 1203 εει
410 1145 540 1201 humidus
554 1160 586 1199 ει
603 1159 641 1212 εε,
656 1142 761 1199 cahdus
776 1159 809 1199 ex
823 1142 904 1216 igne3
921 1156 991 1215 aqua

192 1237 306 1295 humida
323 1254 357 1297 ει
370 1250 444 1303 aere,
459 1233 508 1291 ssd
524 1232 623 1306 frigide
637 1247 671 1287 ex
695 1247 743 1300 se;
765 1238 841 1287 terra
859 1246 926 1288 vero
947 1238 992 1288 est

195 1328 279 1394 sicce,
294 1327 343 1383 sed
358 1342 392 1382 en
401 1339 472 1397 aqua
482 1330 524 1379 εει
537 1322 647 1395 frigida.
660 1319 739 1390 Quod
751 1334 817 1378 vero
829 1320 857 1377 iu
867 1336 991 1393 unoquo·

194 1422 314 1488 quaest,
331 1429 418 1482 exse,
434 1412 496 1485 plus
510 1412 538 1467 iu
554 1428 587 1468 co
601 1412 741 1483 praeveiel,
763 1424 847 1483 quarn
868 1410 942 1482 quod
957 1426 993 1466 ex

195 1504 249 1563 alio
263 1511 317 1560 est.
337 1502 405 1559 Cum
420 1518 486 1559 vero
500 1501 529 1557 iu
542 1516 603 1558 aere
613 1500 762 1557 humiditas
774 1498 809 1555 sit
820 1516 853 1556 ex
864 1515 905 1566 se,
916 1498 993 1555 calor

196 1611 229 1651 ex
243 1593 298 1650 aiio
313 1608 395 1665 qnam
409 1608 441 1649 en
456 1590 540 1663 igne:
556 1606 623 1663 ergo
633 1589 776 1661 prevaluit
790 1588 818 1643 in
829 1604 864 1645 εο
873 1588 993 1645 humidi-

1045 433 1074 487 et
1089 430 1187 504 finito,
1203 435 1387 508 inaequalitas
1404 448 1558 491 nummata
1571 436 1600 489 ct
1609 434 1774 505 multiplex.
1789 433 1854 489 Sed

1045 522 1277 591 quemadmodum
1301 524 1375 598 quod
1397 532 1439 580 est
1462 522 1579 595 primunr
1601 520 1763 595 aequalitati,
1788 521 1846 578 etsi

1044 609 1143 677 minus,
1159 620 1249 669 tamen
1264 613 1431 687 aliquantum
1445 620 1638 685 temperatum,
1654 619 1732 667 etex
1750 610 1847 668 ricino

1044 698 1119 769 limo,
1134 716 1236 774 corpus
1249 704 1373 760 mulieris
1387 719 1448 759 esse
1468 708 1591 759 creatum
1613 699 1765 757 uerisimile
1786 706 1843 766 est,

1045 796 1072 845 ει
1085 789 1148 846 ideo
1161 807 1214 848 uec
1226 792 1334 864 penitus
1345 792 1408 849 inde
1423 790 1496 864 quod
1507 791 1589 846 horno
1600 796 1652 857 εει,
1665 804 1717 845 uec
1730 789 1848 861 penitus

1044 878 1155 935 diversa
1170 882 1205 936 ab
1220 881 1404 949 homiue,uec
1417 880 1456 937 ita
1470 888 1624 952 temperata
1634 886 1663 935 ut
1673 880 1766 947 homo,
1779 877 1846 951 quia

1045 968 1214 1027 calidissima
1234 971 1362 1045 frigidior
1384 979 1427 1027 εει
1451 969 1630 1043 frigidissimo
1652 968 1709 1023 viro
1726 986 1733 1023 ε
1749 976 1777 1023 ει
1791 968 1849 1025 hoc

1045 1066 1098 1126 εει,
1109 1060 1182 1132 quod
1198 1060 1288 1116 diviua
1300 1060 1402 1133 pagina
1418 1059 1501 1115 dicit:
1517 1060 1607 1115 Deam
1621 1059 1723 1129 secisse
1737 1058 1848 1113 malie-

1045 1164 1106 1205 rem
1115 1165 1153 1205 ex
1164 1150 1253 1207 intere
1263 1150 1328 1205 tdoe
1352 1150 1432 1220 (Gen.
1444 1164 1474 1217 ιι,
1486 1148 1559 1220 nur).
1571 1148 1634 1204 Nou
1644 1147 1717 1203 enirn
1727 1146 1762 1201 ad
1774 1146 1850 1202 litte·

1045 1252 1106 1293 ram
1131 1238 1284 1295 credendus
1313 1246 1364 1304 εει,
1392 1245 1535 1295 constasse
1557 1236 1677 1309 primum
1697 1234 1851 1291 homiuem.

1046 1326 1102 1384 Sed
1123 1326 1197 1383 dicet
1215 1327 1318 1399 aliquis
1334 1344 1341 1383 ε
1357 1328 1454 1385 eadem
1475 1327 1581 1383 ratione
1603 1326 1697 1397 plures
1721 1324 1851 1380 homiues

1047 1423 1075 1472 et
1087 1415 1205 1473 iemiuas
1219 1433 1282 1473 esse
1296 1425 1416 1487 creatos,
1432 1424 1460 1472 et
1472 1416 1561 1471 adbuc
1575 1415 1681 1487 posse?
1694 1415 1752 1469 Nos
1775 1412 1853 1469 dici-

1046 1520 1117 1574 mus,
1133 1522 1229 1562 verum
1243 1522 1314 1576 esse,
1332 1505 1355 1562 si
1369 1505 1462 1561 diviua
1483 1504 1610 1561 uoluntas
1626 1510 1713 1571 esset,
1737 1502 1804 1575 quia
1816 1508 1852 1556 ut

1047 1594 1151 1667 aliquid
1175 1595 1210 1650 sit
1236 1603 1331 1651 natura
1359 1602 1500 1667 operante,
1517 1609 1632 1650 necesse
1658 1599 1700 1648 est
1727 1591 1853 1647 diuinum

196 1690 249 1753 ιεε,
261 1696 313 1739 nec
326 1688 432 1753 poterat
445 1678 611 1737 dessiccando
626 1694 742 1750 corpora
757 1678 897 1735 stellarum
912 1691 993 1734 crea·
1012 1684 1206 1756 ppraeeedere
1220 1684 1402 1741 voluptutem.
1421 1684 1489 1739 item
1504 1680 1579 1739 dicet
1597 1682 1651 1738 hoe
1671 1696 1733 1737 esse
1747 1680 1853 1736 divinae

196 1788 238 1833 re.
254 1772 355 1831 lterum
371 1769 442 1843 quod
457 1769 544 1839 majus
558 1776 613 1833 εει,
635 1767 684 1823 luit
703 1767 828 1823 uoluntas
843 1766 992 1835 Creatoris,

196 1861 291 1919 stellas
305 1862 334 1918 in
349 1877 413 1919 aere
428 1875 491 1917 esse
507 1876 515 1914 :
531 1873 593 1915 cum
608 1857 681 1914 euim
696 1856 802 1913 vicinus
816 1855 850 1912 sit
868 1864 958 1922 terrae,
971 1855 996 1911 si

198 1950 227 2007 iu
242 1967 275 2008 eo
289 1951 377 2007 stellae
388 1956 489 2019 esseut,
502 1963 535 2005 ex
545 1946 685 2005 vicinitate
695 1954 796 2002 terram
805 1945 994 2012 incenderent,

196 2055 249 2100 neo
262 2040 364 2113 aliquid
377 2038 405 2094 in
419 2052 453 2094 ea
466 2036 558 2094 vivere
572 2043 677 2108 posset.

232 2149 299 2206 cnr.
313 2147 404 2205 xxtt.
420 2176 455 2189 -
468 2148 507 2203 lle
518 2148 663 2203 creatione
676 2146 799 2219 piscium
814 2146 843 2200 ct
857 2142 965 2199 oviam.

233 2250 400 2323 Corporibus
416 2248 555 2304 steilamm
565 2246 674 2314 creatis,
689 2244 753 2317 quia
763 2244 855 2318 ignem
865 2248 928 2297 sunt
942 2256 995 2297 ua·

196 2346 273 2411 turm,
290 2346 431 2411 coeperunt
445 2352 558 2394 ruovere
572 2352 613 2403 se,
629 2342 703 2391 etex
718 2342 793 2389 motu
813 2332 886 2387 aeris
899 2330 995 2387 subdi-

197 2438 256 2487 tum
271 2429 424 2487 calefacere
440 2442 447 2483 :
464 2427 513 2483 sed
534 2426 672 2481 mediante
687 2438 751 2479 aere
775 2436 848 2495 aque
862 2418 995 2477 calefacta

197 2526 249 2577 est.
264 2520 305 2575 Ει
319 2534 388 2591 aqua
412 2515 554 2583 calefacta,
578 2514 686 2571 diversa
708 2526 811 2585 genera
834 2509 995 2566 animalium

197 2618 291 2667 creata
304 2616 367 2664 suut
382 2622 388 2663 ε
403 2622 519 2680 quorum
535 2620 595 2677 quae
612 2602 674 2676 plus
695 2603 850 2657 habueruut
869 2599 994 2671 superio·

197 2717 257 2756 rum
272 2700 477 2763 elementorum,
489 2710 553 2751 aues
568 2702 639 2749 suut.
656 2692 735 2749 Unde
750 2707 816 2747 aves
830 2690 915 2746 modo
932 2695 995 2744 sunt

197 2790 228 2845 iu
241 2804 314 2856 aere,
332 2803 364 2845 ex
383 2786 493 2842 levitate
513 2783 684 2854 superiorum
700 2798 707 2836 :
723 2780 806 2837 modo
820 2779 995 2835 descendunt

198 2878 351 2944 interram,
367 2890 399 2931 ex
414 2872 548 2945 gravitate
561 2870 729 2926 inferiorum.
754 2868 822 2925 hliae
843 2883 909 2924 reru
933 2883 995 2939 quse

199 2967 263 3041 plus
276 2980 357 3038 equae
372 2962 540 3028 hahuerunt,
552 2960 641 3033 pisces
656 2966 730 3014 suut.
750 2959 780 3013 lu
795 2959 847 3013 hoc
862 2957 921 3013 solo
937 2954 994 3011 ele·

200 3064 304 3123 mento,
322 3068 374 3111 uec
388 3053 416 3108 iu
430 3052 484 3107 aiio
497 3050 591 3107 vivere
604 3056 728 3122 possunt.
746 3047 791 3105 Sic
814 3063 881 3120 ergo
902 3046 994 3117 pisces
1008 3040 1031 3099 C
1053 3026 1083 3089 23
1102 3022 1166 3078 0³⁶⁶
1180 3036 1218 3087 lv,
1235 3023 1262 3090 9)

202 3151 228 3203 ει
243 3160 308 3202 ειεε
333 3142 393 3200 lacti
413 3148 485 3197 sunt.
507 3138 585 3197 Unde
604 3138 796 3211 scriptumest
820 3138 866 3210 (ln
892 3136 993 3207 hymn.

203 3235 331 3295 Ambros.
346 3234 407 3289 Fer.
424 3248 450 3298 v,
462 3230 499 3287 cd
518 3228 626 3302 impl:

342 3334 449 3404 dapne
462 3330 536 3386 Deus
549 3327 695 3401 potentie,

348 3422 401 3491 Qui
415 3436 452 3476 en·
465 3419 546 3491 cquis
559 3420 655 3475 ortum
669 3430 769 3487 penas,

347 3510 459 3567 Partim
473 3506 597 3565 remittis
611 3505 727 3577 qurqiti,

350 3600 462 3657 Partim
477 3598 552 3654 leuat
567 3596 597 3652 in
612 3610 697 3653 cerus.

1049 1772 1178 1847 potestati
1191 1774 1340 1847 derogare,
1351 1772 1391 1829 sic
1401 1789 1464 1830 csse
1474 1772 1612 1828 hominem
1624 1769 1725 1827 iactum
1736 1769 1831 1825 dicere
1844 1788 1853 1838 ς

1049 1864 1147 1937 quibus
1161 1862 1362 1935 respondemus
1389 1879 1405 1918 e
1430 1862 1579 1927 contrario,
1602 1860 1630 1915 id
1657 1859 1683 1915 ci
1710 1858 1852 1925 conferre,

1043 1953 1111 2026 ¹quia
1126 1952 1152 2009 ei
1162 1952 1347 2021 attribuimus,
1359 1959 1386 2009 et
1395 1952 1482 2007 talem
1493 1950 1576 2005 rebus
1587 1957 1712 2005 naturam
1725 1948 1853 2016 dedisse,

1050 2050 1077 2098 ει
1098 2040 1137 2098 sic
1160 2058 1211 2114 per
1232 2049 1358 2097 naturam
1379 2048 1553 2112 operantem,
1576 2054 1678 2110 corpus
1699 2038 1855 2094 humanum

1049 2147 1171 2190 creasse.
1185 2133 1258 2187 Nam
1272 2130 1300 2186 iu
1314 2146 1369 2203 quo
1383 2130 1481 2186 divinae
1495 2129 1643 2200 Scriptura
1657 2127 1787 2183 contrarii
1803 2144 1855 2182 su-

1047 2237 1118 2288 mus,
1134 2220 1157 2276 si
1171 2221 1246 2294 quod
1259 2221 1288 2275 iu
1300 2220 1347 2274 ilia
1362 2220 1516 2276 dictumest
1529 2234 1591 2273 εεεε
1606 2217 1716 2283 lactum,
1727 2216 1849 2289 qualiter

1048 2310 1150 2366 iactum
1165 2310 1199 2365 sit
1214 2308 1404 2381 explicemus?
1419 2306 1448 2364 Si
1463 2307 1535 2363 euim
1549 2306 1636 2361 Julius
1653 2305 1766 2377 sapiens
1780 2304 1855 2359 mihi

1048 2398 1129 2464 dicat,
1144 2398 1247 2470 aliquid
1263 2398 1360 2453 lactum
1373 2412 1444 2465 esse,
1460 2404 1488 2451 et
1502 2412 1558 2451 uon
1579 2394 1695 2466 explicet
1717 2392 1847 2467 qualiter,

1048 2487 1156 2543 etalter
1170 2487 1242 2542 dicat
1258 2488 1311 2543 hoc
1330 2486 1404 2541 idem
1427 2492 1454 2540 et
1477 2491 1604 2555 exponat,
1632 2482 1721 2555 qualis
1744 2480 1773 2536 in
1797 2482 1855 2538 hoc

1049 2576 1248 2632 contrarietas?
1263 2574 1317 2632 Sed
1332 2574 1460 2647 quoniam
1475 2573 1529 2645 ipsi
1544 2572 1671 2627 nesciunt
1695 2572 1771 2626 vires
1792 2585 1850 2624 na-

1049 2672 1125 2732 turae,
1142 2673 1171 2720 ut
1184 2665 1346 2740 ignorantiae
1361 2680 1418 2719 suae
1432 2678 1529 2719 omues
1547 2662 1640 2718 socios
1656 2660 1783 2725 habeant,
1798 2674 1856 2715 no·

1050 2756 1107 2811 lunt
1122 2771 1170 2811 εοε
1184 2754 1286 2827 aliquid
1300 2753 1449 2825 inquirere,
1465 2751 1515 2808 sed
1528 2759 1558 2806 ul
1578 2750 1694 2806 rusticos
1717 2765 1768 2804 uos
1783 2763 1850 2805 cre-

1050 2846 1126 2913 dere,
1142 2859 1194 2900 uec
1209 2844 1341 2898 rationem
1357 2857 1491 2915 quaerere,
1508 2848 1536 2895 ul
1549 2841 1604 2910 jam
1618 2840 1764 2909 impleatur
1780 2853 1852 2908 pro-

1049 2934 1186 3005 pheticum
1200 2950 1207 2986 ε
1223 2934 1286 2988 Erit
1300 2931 1429 2986 sacerdus
1443 2932 1519 2987 sicut
1531 2930 1653 3003 populus
1667 2927 1740 2999 (irc.
1760 2941 1847 2993 xxiv,

1270 3062 1276 3074 .
1295 3020 1352 3074 Nos
1366 3026 1455 3075 autern
1470 3018 1596 3083 dicimus,
1612 3016 1641 3071 in
1661 3016 1788 3073 omnibus
1804 3031 1854 3068 ra-

1053 3111 1156 3166 tionem
1176 3126 1239 3165 esse
1258 3108 1453 3181 quaerendam,
1476 3106 1499 3161 si
1518 3114 1608 3162 autem
1629 3105 1712 3162 alicui
1731 3100 1854 3168 deficiat,

1054 3200 1127 3272 quod
1142 3198 1233 3254 diviua
1247 3198 1349 3269 pagiua
1362 3196 1485 3262 affirmat,
1502 3203 1598 3251 sancto
1613 3194 1728 3265 Spiritui
1748 3200 1775 3249 et
1789 3190 1857 3248 ndei

1000 3340 1004 3349 .
1053 3295 1097 3344 εει
1107 3286 1301 3343 mandandum.
1315 3286 1392 3342 [lude
1404 3285 1441 3340 ait
1455 3286 1567 3357 Moyses
1578 3302 1585 3338 τ
1597 3285 1726 3356 sicquae
1738 3296 1797 3337 non
1807 3297 1857 3354 pc·

1055 3381 1110 3434 test
1119 3378 1235 3444 comedi,
1246 3393 1305 3432 non
1319 3376 1418 3431 statim
1431 3376 1497 3446 iqne
1507 3374 1699 3438 comburatur,
1711 3372 1761 3428 scd
1770 3371 1854 3443 prius

1053 3470 1185 3526 convocet
1195 3465 1322 3522 aetnam
1335 3466 1383 3537 qui
1394 3466 1565 3536 conjunctas
1581 3466 1624 3519 est
1638 3462 1734 3519 domm
1744 3476 1813 3526 sare,
1826 3464 1858 3517 et

1054 3557 1079 3612 si
1087 3570 1141 3612 nec
1151 3557 1193 3611 ita
1207 3555 1352 3625 sufficiant
1361 3554 1397 3609 od
1407 3569 1486 3610 ctum
1497 3552 1574 3623 oqui,
1587 3555 1656 3608 tunc
1669 3552 1783 3606 demum
1792 3549 1859 3621 iqui

1053 3645 1239 3703 comburatur
1252 3640 1355 3714 (deod.
1372 3657 1424 3708 ιιι,
1439 3641 1485 3711 l):
1500 3640 1563 3712 quis
1582 3654 1645 3695 cum
1660 3638 1695 3694 de
1714 3637 1856 3693 divinitate

204 3710 636 3776 cn.xn111.-ceoreuttone
651 3706 1002 3766 eoecerommansmanum
1055 3733 1157 3806 aliquid
1181 3730 1339 3802 querimus,
1368 3730 1392 3785 st
1415 3730 1452 3785 uu
1475 3729 1542 3784 urus
1563 3726 1857 3800 comprehendendum

204 3813 234 3867 εἰ
244 3806 375 3872 'mmm'
387 3807 414 3861 ‘t
425 3818 477 3875 ⁹¹⁴⁰
491 3805 614 3873 ‘emm
631 3799 732 3856 mundi
746 3797 853 3855 “⁶⁰5⁰
862 3799 941 3869 sam
951 3796 1000 3850 ἠ·
1055 3838 1111 3878 nou
1126 3820 1283 3886 sufficimus,
1300 3818 1419 3875 vicinum
1432 3818 1526 3874 domui
1538 3826 1639 3873 uostrae
1659 3831 1855 3885 convocemus,

239 3904 301 3961 istis
315 3902 354 3958 sic
366 3900 468 3959 creatis
478 3916 511 3957 ει
526 3898 625 3955 effectu
637 3896 822 3968 superiorum,
835 3894 882 3950 ubi
893 3892 1002 3949 tenuior
1055 3909 1083 3965 qd
1092 3918 1138 3966 032
1152 3916 1308 3965 manentem
1323 3907 1351 3961 in
1369 3907 1467 3963 „adem
1489 3906 1542 3962 fid„
1565 3904 1705 3963 calholica
1725 3904 1855 3976 inquim.

204 3994 255 4051 iuit
268 4006 348 4066 equa,
365 4004 401 4045 en
415 3988 507 4045 calore
522 3994 548 4043 et
570 3987 708 4043 creatione
732 3985 926 4056 praedictorum
950 3983 1002 4037 de·
1054 4015 1125 4055 mus·
1142 3999 1170 4056 sq
1185 4006 1274 4053 ,utem
1289 4012 1377 4070 neque
1391 4012 1451 4061 nos,
1468 4011 1557 4069 neque
1571 3994 1618 4051 5110
1630 3994 1665 4049 ad
1678 3993 1708 4049 id
1717 4007 1853 4064 compre·

205 4083 309 4137 ⁸i⁰⁰⁸²⁸
321 4085 435 4143 tantum·
452 4084 478 4132 0²
491 4083 673 4145 lppaluel'unl
686 4074 715 4129 5¹¹
731 4073 856 4147 aequasi
876 4070 1002 4143 ‘luaedffln
1055 4087 1231 4144 hendendum
1243 4084 1419 4149 sufficiamus,
1445 4084 1589 4157 iuncique
1611 4082 1675 4139 fidei
1704 4081 1859 4138 combura-

206 4166 331 4231 m⁸⁰l¹l³b
348 4164 377 4220 5¹¹
392 4163 491 4237 quihus
507 4162 630 4217 *labium
646 4161 781 4227 h⁰mi¹¹⁰⁵r
798 4158 1003 4216 mumma·
1055 4194 1126 4232 mus.
1143 4175 1197 4232 Sed
1219 4174 1264 4230 isti
1282 4174 1387 4230 vicinos
1406 4172 1507 4228 multos
1530 4174 1662 4228 habentes
1686 4168 1782 4226 domui
1796 4186 1854 4226 suae

205 4257 252 4315 ΗΕ·
269 4255 324 4312 sed
338 4268 402 4311 ⁰⁰⁰¹
419 4260 491 4308 ‘em
504 4267 538 4306 ΘΧ
552 4250 725 4321 ⁸¹¹pefp⁰⁵it⁰
735 4265 807 4322 ΨΒ
818 4256 890 4307 ⁰⁵⁵0¹
899 4250 1002 4317 ¹¹¹²⁰⁵³r
1056 4266 1225 4337 coujunctos,
1239 4280 1273 4318 cx
1287 4262 1416 4334 superbia
1430 4263 1526 4317 uolunt
1539 4262 1657 4334 aliquem
1671 4272 1825 4317 convocare
1845 4276 1854 4313 t

206 4363 239 4403 ex
251 4344 345 4401 calore
360 4341 487 4407 bulliens,
505 4338 609 4397 creavit
618 4356 653 4395 ει
664 4354 694 4395 εε
708 4338 818 4396 diversa
829 4355 932 4411 genera
942 4339 1004 4394 ani·
1020 4392 1045 4449 D
1059 4354 1218 4425 malumque
1232 4352 1351 4419 nescire,
1368 4366 1450 4425 quam
1465 4351 1501 4406 ab
1515 4350 1569 4406 3150
1585 4365 1708 4423 quaeoere
1720 4366 1726 4404 ε
1738 4355 1765 4404 Θ,
1780 4347 1803 4401 35
1818 4346 1858 4401 in,

207 4435 318 4494 ΜΨ
335 4450 342 4488 ²
359 4439 386 4488 οἵ
408 4430 431 4485 Si
452 4430 480 4487 in
510 4429 602 4502 afim
627 4428 690 4500 P¹¹¹⁵
712 4429 891 4485 ⁸b⁰⁰d³V⁰fil
920 4428 1003 4501 igni&
1058 4444 1210 4517 quirentem
1233 4440 1352 4514 aliquem
1377 4441 1475 4507 sciant,
1504 4440 1581 4496 iilum
1608 4454 1670 4495 esse
1690 4436 1857 4494 hereticum

206 4523 349 4581 cholerica
364 4528 427 4575 nata
442 4527 507 4574 snut
523 4518 764 4586 animationem,
776 4516 1006 4587 siterra,meiau·
1058 4532 1186 4602 0pamqnq
1202 4530 1268 4602 plus
1282 4531 1317 4585 ,qe
1332 4546 1382 4586 suo
1405 4529 1514 4602 caputio
1537 4540 1745 4601 pmumemes,
1771 4539 1858 4597 quam

206 4612 324 4690 ⁰h⁰¹i⁰³t
339 4586 371 4665 ᾖ
384 4610 435 4667 ¹20⁸
450 4614 477 4665 el
491 4607 599 4671 asinus:
612 4607 635 4663 si
645 4622 712 4665 v0t0
722 4622 802 4679 aqua,
815 4604 1004 4679 Phlfllifflllissir
1058 4620 1199 4692 sapientias
1213 4636 1270 4675 suae
1291 4618 1470 4675 confidentes.
1496 4618 1551 4674 Sed
1566 4634 1670 4690 quaeso,
1692 4632 1728 4673 ue
1749 4614 1855 4669 habitui

208 4708 237 4757 ¹¹¹
250 4699 339 4771 ΡθΓῧῑ·
365 4699 405 4753 ΕΚ
430 4698 546 4769 (llladam
572 4702 648 4768 Ρθῑῑθ
671 4712 749 4767 V01'0r
771 4712 849 4770 81’ΨΜ
869 4696 1006 4753 0¹⁰¹¹¹0¹¹¹⁸
1058 4708 1165 4777 credas,
1178 4711 1234 4777 jam
1253 4708 1324 4763 euim
1340 4707 1477 4779 impletum
1490 4715 1532 4762 est
1555 4706 1628 4778 quod
1642 4706 1680 4761 ait
1695 4704 1854 4776 satyricus:

203 4787 348 4861 oequaliter
360 4786 534 4855 conveniunt,
550 4787 700 4843 humanum
721 4802 822 4858 corpus
835 4784 936 4843 lactum
951 4787 1003 4841 est.
1094 4798 1285 4855 Frontinum
1294 4797 1374 4865 fiaes,
1387 4796 1453 4864 Qus,
1462 4797 1539 4853 enim
1554 4812 1613 4853 πω,
1628 4796 1705 4852 „scm
1719 4792 1855 4858 mundat,

203 4880 238 4936 Et
249 4878 302 4934 hoc
316 4884 367 4941 εει,
384 4876 457 4948 quod
471 4875 563 4932 diviua
576 4876 678 4948 pagina
693 4876 759 4932 dicit
776 4893 783 4930 z
800 4876 888 4933 heum
902 4874 1004 4945 secisse
1098 4886 1235 4943 Tristibus
1247 4884 1401 4942 oleeoepist

206 4968 351 5024 hominem
365 4964 399 5021 de
411 4955 663 5037 dinumeremus.
676 4980 706 5033 ιι,
716 4964 776 5035 vn).
788 4965 849 5021 Non
860 4963 1005 5019 euimcre·

210 5056 330 5119 dendum
352 5060 403 5123 εει,
429 5053 549 5113 animam
569 5054 648 5127 quasi
672 5054 802 5125 spiritus,
828 5061 855 5108 ει
874 5051 952 5118 levis,
977 5056 1005 5105 et

206 5144 320 5211 munda,
336 5160 370 5201 ex
384 5144 441 5200 luto
455 5142 555 5200 tecum
569 5158 632 5199 esse
647 5160 654 5199 :
669 5142 748 5197 seda
764 5142 821 5196 Deo
833 5139 938 5196 homini
949 5138 1006 5195 col·

206 5232 304 5289 latam.
322 5232 401 5289 Unde
411 5232 451 5288 ait
462 5232 612 5303 Scriptura,
625 5231 767 5289 Formcrtt
779 5230 851 5289 Dour
864 5228 1007 5285 bominem

209 5335 247 5378 ert
263 5322 329 5379 limo
346 5326 438 5386 terre,
451 5324 480 5377 et
489 5320 643 5391 inspiravit
652 5320 685 5375 tn
694 5320 798 5390 focum
809 5320 869 5390 ejas
879 5320 1007 5389 spiraca-

1448 4990 1540 5061 (iuv.,
1556 4994 1610 5049 sot.
1627 5006 1657 5059 11,
1672 5005 1702 5045 v.
1719 4989 1763 5059 8.)

1060 5082 1095 5138 Et
1108 5079 1209 5136 iterum
1222 5093 1232 5138 ι

1096 5190 1186 5245 daras
1199 5201 1291 5244 ιειειιο
1306 5185 1374 5253 iilis,
1390 5191 1419 5244 et
1433 5202 1537 5260 meque
1553 5186 1636 5243 libido
1653 5186 1778 5245 lucendi.

1613 5275 1703 5344 (leid,
1720 5290 1747 5330 v.
1763 5276 1821 5347 ιι.)

212 5411 272 5465 lum
286 5410 352 5465 citur
361 5410 442 5466 t'Gcn.
458 5425 487 5477 ιι,
504 5408 664 5489 vrri-Unde,
676 5424 738 5463 cum
752 5406 861 5463 diverse
875 5405 1007 5462 animalia
1060 5408 1095 5464 Ει
1109 5409 1237 5481 quoniam
1252 5378 1287 5463 de
1299 5407 1386 5479 prima
1399 5407 1538 5464 creatione
1553 5406 1668 5463 lecimus
1677 5407 1858 5475 mentionem,

210 5498 409 5556 melancholica
424 5504 516 5553 creata
530 5504 601 5569 suut,
615 5504 644 5552 'et
663 5494 766 5550 inlicita
782 5495 964 5569 phlegmatica
980 5507 1008 5555 ει
1061 5514 1145 5571 qnam
1160 5496 1276 5554 diversis
1291 5496 1445 5552 rationibus
1459 5497 1552 5553 dicunt
1561 5512 1624 5553 csse
1635 5496 1746 5564 ladam,
1758 5498 1860 5554 docea-

214 5586 360 5658 eholerioa,
375 5602 446 5643 uuus
461 5584 536 5644 solus
550 5587 756 5645 homocreatus
770 5593 822 5655 est,
839 5585 904 5658 quia
925 5592 956 5644 ut
969 5588 1007 5645 ait
1061 5604 1123 5645 mus
1137 5604 1144 5643 ι
1162 5587 1210 5661 qui
1222 5586 1251 5643 iu
1266 5600 1321 5660 quo
1334 5594 1468 5657 tempore,
1485 5593 1512 5642 et
1525 5585 1627 5657 quibua
1640 5586 1793 5645 rationibus
1806 5586 1860 5644 hoc
