3942 6067
212 280 279 341 tttt
461 279 612 339 llONOlill
631 276 883 338 AUGUSTODUN.
904 280 983 337 OPP.
1008 276 1105 337 ultas
1125 280 1174 336 tv.
1198 314 1229 325 -
1250 256 1410 336 adortat.
1433 280 1478 335 ΕΤ
1498 277 1623 337 astitit.
1796 276 1870 335 ill!

212 410 252 482 (id
267 412 321 478 esi,
337 408 437 473 sauctil
452 410 536 484 louge
551 408 728 465 excellentius
742 407 903 464 exuberant.
919 406 1013 463 Absa—
1027 406 1055 468 A
1071 414 1146 462 ctare
1161 426 1167 472 ;
1184 406 1295 462 multem
1325 406 1470 480 pecuniam
1488 412 1514 462 et
1542 404 1644 463 vanam
1669 404 1868 479 supellectilem

212 499 284 557 lonis
298 514 417 574 namque
432 498 588 559 formositas
600 497 639 559 ibi
654 503 728 553 esset
742 495 910 563 delontimas.
922 496 1016 575 Porro
1070 494 1212 567 possidere
1236 516 1244 565 ;
1273 496 1333 553 ltreo
1365 496 1456 552 omnia
1483 494 1537 551 illis
1564 492 1669 551 induite
1696 495 1863 551 redundant.

211 590 319 649 illorum
349 588 510 661 speciositas
542 587 592 643 erit
620 592 648 644 ut
678 586 745 643 solis
765 584 885 653 claritas,
902 594 931 642 ut
945 585 1016 642 dici·
1066 577 1218 657 'Oqualem
1234 584 1400 658 voluptatem
1422 585 1498 642 visus
1526 584 1579 657 ipsi
1605 583 1752 653 habebunt,
1769 584 1815 658 qui
1829 584 1869 640 ita

214 688 258 737 tur
274 697 281 734 :
296 680 455 752 Fulpolunt
459 678 537 750 justi
546 678 623 733 siout
638 678 680 733 sol
695 675 809 749 (ttnttt.
820 691 885 745 xut,
902 676 958 748 13),
971 674 1018 747 qni
1071 674 1173 731 clausis
1201 676 1270 731 siout
1294 674 1395 747 apertis
1416 674 1503 731 oculis
1526 673 1656 731 videbunt
1668 672 1675 730 l
1689 672 1796 745 Quibus
1808 674 1869 730 sin-

215 775 281 826 tuuo
310 767 434 839 septuplo
462 767 524 839 plus
552 782 634 838 quatu
656 763 896 837 nunciulgrscot.
914 766 1017 822 lithoo
1071 764 1285 837 gulamembra,
1307 773 1337 820 ut
1361 763 1457 821 oculus
1485 763 1552 821 eolis
1574 772 1665 831 erunt,
1695 763 1742 837 qui
1763 764 1868 837 Regem

216 874 257 914 ers
271 856 434 929 promittitur
450 873 457 910 ι
474 856 649 930 llesormulit
663 856 950 929 corpusltumilitottr
962 870 1016 911 no-
1072 852 1167 929 gloriue
1193 854 1221 909 in
1245 853 1343 911 decore
1372 870 1425 911 suo
1451 860 1582 924 oernent;
1602 868 1699 911 omnes
1713 852 1827 925 angelos
1841 864 1870 913 ιι

216 951 285 1003 strae
301 947 510 1019 configuratum
532 944 643 1018 corpori
657 944 803 1000 clo'ritotis
817 960 875 999 rum
894 945 1013 1017 (Pttttp.
1073 958 1169 999 omnes
1198 950 1307 1000 sanctos
1346 943 1459 999 interius
1487 949 1513 1001 ιι
1541 942 1661 1000 exteritia
1688 942 1868 1014 conspicient,

109 1072 111 1075 -
217 1052 258 1103 ut,
275 1035 330 1111 21).
346 1036 435 1091 Nemo
450 1034 558 1090 dubitat
586 1033 653 1106 quin
679 1048 780 1105 corpus
799 1031 898 1088 Christi
917 1033 1020 1089 clarius
1073 1032 1193 1088 tlloriam
1208 1032 1268 1101 Dei,
1284 1032 1583 1105 gloriamangelorum,
1612 1031 1727 1105 gloriam
1754 1032 1870 1103 patriar·

197 1124 253 1181 'ait
275 1141 355 1198 quarn
382 1123 433 1191 sol,
464 1128 561 1196 utpote
584 1137 688 1194 corpus
701 1121 841 1178 Creatoris
855 1137 938 1195 quam
952 1138 1018 1179 cor·
1074 1122 1198 1191 altarum,
1212 1120 1325 1194 gloriam
1355 1122 1558 1195 prophetarum,
1589 1121 1705 1194 gloriam
1729 1121 1871 1195 apostulo-

216 1230 268 1287 pus
282 1223 417 1271 creaturae
432 1232 440 1279 3
455 1213 580 1269 homines
596 1228 662 1269 vero
676 1210 779 1283 templa
806 1211 857 1267 liei
879 1210 1021 1282 dicuntur,
1075 1226 1146 1277 rum,
1175 1211 1288 1285 gloriam
1327 1218 1486 1283 martyrum,
1522 1211 1638 1284 gloriam
1666 1210 1870 1279 confessorura,

216 1304 290 1375 quod
303 1303 347 1360 sol
360 1319 415 1360 non
429 1301 538 1359 dicitur.
573 1301 601 1357 Si
627 1316 694 1374 ergo
722 1316 837 1373 corpora
866 1309 1021 1358 sanctorum
1074 1299 1191 1374 gloriam
1206 1299 1352 1373 virginum,
1382 1307 1409 1356 et
1431 1300 1547 1373 gloriam
1570 1300 1692 1356 omnium
1715 1308 1872 1357 aanotomm

216 1393 326 1467 corpori
344 1391 473 1449 claritatis
493 1389 601 1458 chrisi,
612 1390 686 1463 quod
698 1398 740 1447 est
754 1389 926 1460 splendidius
938 1405 1020 1463 quarn
1074 1388 1229 1445 videbunt:
1248 1405 1313 1446 suos
1331 1390 1436 1459 oculos,
1467 1404 1530 1445 suas
1557 1388 1652 1459 iacies,
1681 1390 1773 1445 omnia
1785 1405 1872 1447 mem·

216 1481 268 1549 sol,
284 1481 492 1555 configurantur
508 1498 516 1548 3
531 1489 559 1536 ιι
574 1481 648 1537 Deus
665 1478 694 1534 in
707 1479 758 1547 eis,
790 1488 820 1535 ut
848 1479 875 1535 in
899 1479 1019 1551 templis,
1075 1478 1125 1533 bra
1140 1495 1187 1533 sua
1203 1478 1314 1534 interius
1342 1483 1370 1535 et
1398 1479 1526 1549 exterius,
1542 1478 1724 1551 cogitationes
1744 1478 1872 1553 singulo-

215 1570 337 1639 habitat;
353 1586 468 1627 necesse
485 1578 527 1625 est
540 1577 570 1625 ut
585 1568 686 1641 temple
706 1568 755 1625 Dei
771 1568 861 1643 magis
874 1569 1020 1641 perspicua
1075 1584 1134 1623 rum
1147 1566 1342 1623 intuebuntur:
1358 1568 1524 1641 omniaque
1553 1575 1616 1624 sunt
1638 1568 1666 1623 in
1693 1582 1766 1625 novo
1789 1568 1871 1635 ooelo,

216 1661 271 1716 sint
284 1674 367 1733 quam
378 1662 435 1717 sol.
453 1660 527 1717 Ecce
551 1657 641 1731 qualis
655 1666 813 1715 sauctorum
827 1657 1015 1730 pulchritudo.
1075 1665 1100 1712 et
1128 1652 1155 1711 in
1181 1672 1256 1713 noua
1273 1659 1346 1712 terra
1360 1656 1616 1729 contemplabuntur
1633 1672 1640 1712 ε
1655 1657 1781 1715 inimicos
1796 1672 1870 1728 suos,

216 1749 299 1806 asael
326 1748 434 1821 agilitas
459 1754 534 1805 esset
562 1747 600 1804 ini
627 1747 707 1821 pigra
735 1747 860 1804 tarditas.
879 1747 949 1805 Sane
964 1746 1018 1818 ipsi
1032 1763 1059 1825 Β
1074 1746 1120 1819 qui
1135 1762 1165 1803 se
1179 1745 1242 1801 olim
1259 1744 1423 1813 afflixerunt,
1440 1747 1467 1801 iu
1483 1745 1589 1803 inferno
1601 1747 1704 1822 iugiter
1716 1746 1846 1803 videbunt
1863 1766 1870 1813 ;

216 1837 326 1895 veloces
348 1845 410 1893 suut
425 1846 452 1893 ut
467 1852 548 1910 quam
575 1834 631 1895 cito
654 1836 749 1893 oriens
775 1836 819 1893 eol
847 1835 1018 1895 occidentem
1073 1842 1099 1891 et
1113 1836 1148 1891 de
1162 1835 1206 1890 his
1231 1834 1358 1891 omnibus
1386 1834 1560 1891 ineffabiliter
1573 1836 1741 1907 gaudebuut.
1761 1836 1871 1909 oqua-

216 1933 267 1985 suo
295 1928 375 1985 radio
400 1927 497 2000 tangit,
513 1934 569 1983 tam
583 1925 688 1983 citoab
702 1927 807 1983 oriente
835 1925 863 1982 in
886 1924 1019 1989 occiden-
1073 1924 1106 1979 lis
1134 1924 1262 1997 voluptas
1291 1924 1541 1993 rudimentorum,
1575 1925 1674 2000 quibua
1701 1926 1872 1983 incessanter
1965 1908 1966 1929 ¹

213 2025 272 2075 tem
285 2017 382 2077 uenire
393 2016 510 2089 possint,
526 2024 554 2073 ιι
567 2031 649 2089 quam
664 2015 719 2072 cito
732 2015 831 2075 oculus
852 2031 884 2071 ιι
905 2014 1020 2071 elevans
1073 2014 1207 2069 sonabunt
1235 2014 1387 2072 harmoniae
1412 2012 1552 2083 coeloram,
1580 2024 1729 2073 concentus
1754 2015 1873 2090 angelo·
1965 1994 1966 2061 ἐ

216 2106 305 2166 visum
319 2108 353 2163 ad
368 2107 469 2165 coelum
496 2106 603 2179 dirigit,
633 2113 688 2164 tam
716 2104 771 2163 cito
793 2104 830 2161 ad
857 2110 955 2161 terram
983 2103 1020 2161 de
1072 2119 1144 2172 rum,
1160 2102 1301 2161 dulcisona
1323 2118 1427 2176 organa
1449 2104 1569 2161 omnium
1590 2103 1767 2162 sanctornm!
1793 2104 1868 2161 utra·
1965 2164 1966 2173 ¹

97 2204 106 2213 '
215 2197 299 2264 ooelo,
320 2196 356 2255 de
373 2194 725 2269 terraad‘coelumrelabi
751 2199 901 2267 poterunt:
926 2194 979 2251 hoo
994 2199 1021 2250 et
1072 2192 1126 2249 otio
1147 2192 1245 2266 qualis,
1276 2192 1322 2248 ubi
1351 2192 1543 2249 suavissimum
1558 2194 1671 2251 odorem
1686 2194 1721 2251 de
1735 2193 1796 2267 ipso
1810 2209 1872 2251 sua·
1965 2214 1966 2217 ¹

215 2286 291 2344 euim
317 2286 411 2361 angeli
437 2285 529 2344 iacere
554 2292 680 2358 possunt,
707 2284 807 2357 quibus
821 2284 874 2357 ipsi
889 2298 1017 2357 eooequa-
1072 2282 1160 2340 vitatis
1186 2281 1260 2339 tonte
1283 2281 1341 2339 Deo
1360 2282 1494 2354 haurient,
1511 2290 1537 2340 ι1
1562 2284 1675 2341 odorem
1702 2282 1738 2341 da
1766 2284 1872 2359 angelis

222 2376 264 2433 les
278 2381 367 2443 eruut,
381 2382 411 2431 ut
422 2374 521 2432 dicitur
536 2392 544 2430 ι
559 2376 654 2432 Erunt
681 2375 803 2449 oepuolea
830 2374 940 2447 angelis
965 2374 1018 2443 Dei
1071 2379 1097 2427 et
1112 2371 1146 2428 de
1161 2370 1288 2427 omnibus
1304 2371 1407 2429 sanctis
1422 2372 1591 2445 percipienti
1608 2373 1659 2429 liic
1673 2373 1763 2447 qualis
1789 2373 1870 2430 volu-

220 2464 370 2534 (Lrtc.,n,
386 2466 443 2532 36).
461 2464 535 2522 Ειιι
549 2462 639 2537 qualis
652 2462 763 2519 illorum
783 2461 924 2519 velocitas.
935 2460 1015 2519 Sam·
1071 2468 1130 2534 ptas
1144 2468 1250 2536 gastus,
1264 2462 1309 2517 ubi
1325 2462 1519 2535 epulabuntur
1529 2462 1754 2521 ctearultoduttt
1765 2465 1797 2521 in
1807 2480 1873 2523 coe

196 2553 291 2619 ‚sonis
313 2552 443 2617 valetudo
469 2560 543 2609 esset
571 2552 610 2608 ibi
636 2550 794 2609 invaletudo
811 2566 932 2624 :nempe
951 2549 1015 2607 illo·
1069 2556 1167 2625 apertu
1189 2552 1240 2607 Dei
1261 2552 1349 2623 (Prot.
1366 2567 1450 2617 txvtt,
1466 2552 1494 2625 1)
1506 2570 1513 2619 ;
1526 2560 1553 2610 et
1566 2568 1626 2610 cum
1638 2553 1798 2625 apparuerit
1812 2553 1872 2627 glo-

212 2657 276 2699 rum
305 2641 367 2698 talis
395 2642 449 2699 erit
477 2640 607 2712 ualentia,
631 2647 662 2697 ut
687 2640 712 2697 ai
736 2647 844 2697 montes
864 2646 892 2696 et
904 2653 1015 2697 omnem
1057 2639 1111 2697 ·ria
1127 2640 1174 2698 1)ιί
1188 2640 1388 2711 saturabuntur,
1419 2649 1446 2696 et
1468 2642 1502 2697 nd
1526 2642 1657 2701 ubertate
1683 2645 1782 2701 domuc
1809 2645 1871 2715 eius

213 2730 314 2788 molem
342 2739 426 2789 terrae
452 2731 524 2802 pede
547 2738 654 2787 vertere
677 2729 797 2797 velleut;
812 2728 933 2787 ualenter
946 2744 1014 2801 pos-
1069 2728 1403 2803 inebriabanturtffrol.
1415 2744 1508 2799 xxxv,
1516 2734 1556 2803 9.)
1569 2732 1700 2804 Voluptas
1710 2740 1798 2790 tantur
1808 2748 1872 2805 qut·

213 2828 284 2887 seut,
299 2826 326 2875 et
356 2826 412 2876 tam
438 2818 530 2886 tacite,
555 2834 638 2891 quarn
651 2834 726 2875 nunc
740 2818 834 2875 videre
848 2838 859 2876 .·
873 2819 926 2874 hoc
940 2816 1014 2874 euim
1068 2818 1112 2888 lis,
1142 2818 1187 2874 ubi
1216 2818 1305 2875 omnia
1336 2833 1436 2891 aspere
1457 2827 1483 2876 et
1503 2821 1575 2878 dura
1594 2822 1721 2889 aberunt,
1737 2830 1765 2879 ιι
1775 2822 1871 2879 otnnia

213 2923 304 2964 neruo-
322 2908 428 2965 dubitat
449 2908 564 2982 angelos
591 2921 683 2978 posse,
714 2907 813 2981 quibus
826 2906 879 2979 ipsi
892 2905 1014 2979 aequales
1068 2907 1317 2965 blandaetsuavia
1331 2908 1509 2964 arridebunt!
1526 2908 1550 2967 0
1567 2927 1650 2984 quam
1665 2926 1765 2985 magua
1793 2912 1869 2967 mul-

213 2996 342 3055 dicuntur
369 3012 444 3054 esse.
476 2998 549 3055 Ecce
575 2995 664 3067 qualis
695 2997 831 3068 justorum
868 2992 1008 3052 tortitudo.
1067 2996 1151 3053 titudo
1175 2996 1326 3054 dulcedinis
1349 2996 1518 3066 divitiarum,
1548 3001 1594 3056 ulti
1620 3000 1649 3056 in
1676 3000 1781 3075 gaudio
1805 3000 1867 3057 Do-

213 3085 331 3160 dugusti
346 3084 518 3159 imperatoris
545 3084 657 3142 libertas
684 3092 758 3142 esset
782 3084 820 3140 ibi
842 3084 1010 3157 captivitas:
1068 3086 1134 3142 mini
1158 3086 1354 3159 superomnia
1381 3086 1452 3143 bona
1480 3104 1528 3143 sua
1556 3090 1766 3146 constituentur.
1795 3091 1868 3147 Ecce

214 3174 261 3248 qui
285 3160 371 3249 potui't
401 3174 473 3247 capi,
502 3172 594 3249 ligari,
624 3174 724 3234 claudi..
743 3174 856 3231 illorum
870 3189 935 3231 vero
949 3173 1014 3230 talis
1067 3176 1137 3233 tales
1151 3184 1213 3233 aurt
1227 3176 1331 3233 delicia
1345 3184 1513 3233 sanctorum.
1531 3178 1635 3251 lloysie
1663 3179 1767 3236 sanius
1794 3187 1868 3235 esset

214 3271 257 3320 est
282 3264 404 3333 libertas,
428 3274 457 3321 ut
478 3263 568 3322 omnia
582 3262 720 3320 obstantia
734 3273 878 3335 penetrare
894 3262 1012 3329 valeant,
1057 3265 1101 3321 ibi
1131 3264 1286 3322 infirmitas.
1316 3264 1400 3321 Salus
1426 3273 1515 3321 autem
1536 3268 1671 3337 iustorum
1700 3267 1866 3325 allomino.
1965 3254 1966 3261 ἵ

215 3361 243 3409 ιι
257 3351 332 3409 nulla
346 3361 472 3410 creatura
499 3367 547 3409 eos
571 3352 693 3407 retiuere
721 3359 800 3424 queat
815 3372 822 3417 ;
838 3351 908 3409 siout
923 3350 1014 3424 sepul·
1065 3354 1142 3424 Quos
1156 3354 1179 3409 si
1194 3362 1313 3410 tentares
1327 3353 1459 3427 impetere
1486 3354 1567 3425 tarro,
1597 3372 1653 3414 non
1680 3357 1742 3429 plus
1769 3372 1867 3429 posses

216 3456 293 3498 orum
320 3456 420 3513 corpus
448 3440 556 3497 Domini
579 3449 675 3497 tenere
702 3456 756 3496 non
778 3442 866 3513 potuit
888 3440 953 3514 quin
972 3456 1014 3499 re·
1064 3442 1167 3500 laedere
1189 3458 1275 3516 quam
1299 3458 1372 3499 nuno
1399 3444 1508 3500 radium
1524 3444 1590 3502 solis
1605 3460 1721 3515 secare;
1738 3444 1803 3502 talis
1824 3454 1869 3502 est

216 3538 352 3604 surgeret,
368 3538 394 3587 ιι
403 3530 495 3601 ianuis
522 3528 624 3587 clausis
650 3530 776 3586 intraret.
795 3530 864 3587 lluic
878 3529 933 3603 ipsi
947 3544 1015 3588 cou-
1063 3533 1323 3605 sanimsjustorum,
1340 3532 1498 3590 lltthuaalae
1517 3536 1679 3609 longaevitas
1704 3544 1778 3592 esset
1802 3551 1870 3608 pro·
1965 3568 1966 3573 κ

215 3616 410 3693 figurabantur.
424 3618 498 3677 Ecce
512 3618 602 3693 qualis
615 3617 725 3676 illorum
739 3619 866 3677 libertas.
1056 3622 1127 3679 lixae
1142 3620 1238 3678 mortis
1252 3620 1406 3691 difficultas,
1428 3638 1498 3695 quoe
1526 3640 1600 3681 mors
1615 3632 1642 3680 ιι
1656 3624 1735 3681 dolor
1748 3622 1866 3699 ingiam,
1965 3612 1966 3617 ¹

307 3723 312 3733 ·
1056 3712 1129 3786 *quia
1148 3711 1177 3767 in
1196 3711 1485 3783 perpetuumumnt.
1519 3714 1562 3769 lla
1589 3714 1700 3786 qualem
1727 3713 1868 3771 habebunt

392 3820 440 3875 gp,
459 3819 498 3879 p,
513 3819 658 3892 „mptum
672 3817 832 3876 pompam,
930 3837 934 3843 -
1066 3800 1128 3859 vitan
1142 3799 1356 3868 diuturnitatem,
1384 3800 1430 3873 qui
1454 3801 1635 3860 indeficientis
1662 3804 1725 3863 tlte
1753 3802 1868 3861 feliciter
1965 3860 1966 3873 ,

1065 3890 1265 3949 hereditabunt
1291 3889 1482 3947 eternitatem.
1511 3892 1547 3948 Et
1582 3893 1642 3949 hmo
1672 3900 1775 3950 tantum
1803 3901 1869 3949 ιιιιιι

251 3992 288 4047 1).
309 3989 464 4047 Salomonis
477 3988 691 4048 deliciaessent
705 3990 745 4047 eis
759 3989 891 4048 miseriae.
912 3989 936 4046 0
951 4006 1016 4064 qua·
1067 3980 1139 4037 0000
1155 3980 1290 4053 00090018·

216 4080 251 4135 lis
274 4086 316 4136 eat
339 4074 447 4135 illomm
474 4078 610 4151 voluptas,
638 4077 738 4153 quibus
764 4080 825 4151 ipae
851 4081 927 4136 Deus
954 4078 1017 4137 iona

217 4168 343 4226 010οί001
356 4167 491 4225 00000010
506 4175 548 4225 080
561 4168 725 4224 108011ιωὶ3
753 4168 854 4225 “iim
882 4168 1015 4226 80110001
1066 4182 1114 4239 ld.
1132 4182 1392 4241 Doteaonimorum
1407 4182 1683 4258 inleatiantqmd
1696 4184 1869 4253 depereatis
1965 4194 1966 4199 ’

217 4284 253 4301 ·-
267 4258 303 4312 ll·
318 4258 388 4315 Dttoe
400 4266 462 4313 0001
477 4256 659 4317 bulilttdissess
674 4271 682 4312 ἴ
697 4273 754 4313 000
773 4258 864 4315 ῐῦῑῦθῐ
887 4258 1016 4330 1101Βῶ81,
1062 4276 1066 4283 ’
1102 4272 1870 4347 νίιιιιρὶαιίιιιοιιινιιιιιιιιιι,άιᾳιιιρ1ιιιοοιιιιιιιιιιι

219 4344 307 4403 altera
333 4346 422 4415 major
444 4344 566 4403 ιιι1ιιι1ι
594 4346 687 4420 regni.
717 4346 839 4417 Quarum
867 4348 932 4420 qnia
952 4363 1019 4407 neu·
1103 4361 1218 4437 gaudio.

218 4443 292 4493 tram
305 4434 409 4507 experti
428 4450 532 4501 sumus,
561 4435 598 4492 de
625 4434 665 4492 ais
693 4436 923 4508 comparationem
949 4437 1017 4495 dere

219 4523 369 4580 nescimus.
393 4522 428 4578 Et
455 4522 517 4579 duaa
531 4530 593 4579 sunt
608 4523 726 4582 miseriae
743 4541 820 4582 :una
833 4527 923 4594 minor
936 4493 1058 4598 hujusD
1109 4532 1142 4589 1).
1155 4530 1231 4590 Sicut
1245 4531 1333 4591 dulcis
1347 4532 1408 4589 lons
1423 4530 1559 4591 sitientem
1575 4532 1737 4609 agricolam,
1763 4532 1803 4592 ita
1819 4534 1870 4593 de-

220 4613 325 4685 mundi,
354 4612 443 4669 altere
469 4613 554 4683 roajor
577 4611 688 4692 inferni.
706 4615 843 4687 liquibus
857 4617 922 4691 quia
933 4633 1018 4693 unam
1068 4621 1202 4679 laetabilis
1216 4622 1295 4679 levus
1310 4622 1344 4679 de
1357 4638 1405 4681 ore
1421 4630 1467 4679 tuo
1481 4622 1617 4680 distillans
1632 4636 1720 4681 meant
1734 4622 1872 4682 refocillat

221 4701 345 4778 quotidie
373 4701 540 4776 experimur,
565 4704 796 4777 comparationem
836 4705 871 4762 de
908 4716 1019 4780 experta
1069 4712 1200 4768 animam.
1221 4710 1278 4767 Sed
1294 4728 1311 4768 o
1326 4710 1578 4784 incomparabiliter
1595 4712 1682 4780 beati,
1706 4712 1752 4787 qui
1765 4714 1802 4771 ad
1816 4722 1871 4771 tam

221 4793 290 4851 dare
316 4792 456 4849 novimus.
488 4791 563 4851 Sicut
585 4792 671 4868 igitur
684 4792 707 4851 si
720 4793 821 4851 terrum
835 4795 1019 4868 ignitumall·
1069 4800 1217 4859 ineffabilia
1232 4801 1302 4858 bona
1317 4808 1380 4857 sunt
1394 4800 1597 4873 predestinati!
1612 4834 1646 4845 -
1662 4802 1696 4858 tt.
1711 4802 1782 4860 Vere
1798 4800 1871 4860 beati
1965 4856 1966 4863 ,

224 4882 299 4951 auius
326 4881 410 4955 capiti
437 4889 511 4939 esset
537 4878 659 4951 infixum,
690 4890 716 4939 et
752 4884 792 4941 aio
819 4885 939 4943 candens
970 4900 1020 4958 per
1070 4897 1142 4957 sunt,
1157 4890 1204 4962 qui
1218 4890 1339 4946 habitant
1354 4890 1382 4945 in
1396 4890 1480 4947 domo
1494 4889 1613 4958 Domini,
1631 4888 1736 4963 quirin
1755 4891 1799 4948 lais
1813 4908 1871 4949 orn·

223 4969 317 5030 omnia
337 4972 463 5032 membra
491 4972 645 5029 transiretz
661 4971 730 5030 sicut
752 4971 799 5030 ille
822 4973 947 5032 dolorem
974 4975 1020 5031 iu·
1070 4978 1150 5035 nibus
1166 4980 1258 5036 virent
1272 4980 1300 5035 in
1320 4978 1450 5037 eaeculum
1463 4980 1570 5037 saeouli.
1590 4980 1639 5037 llis
1655 4980 1811 5039 Salomonis
1824 4998 1872 5039 sa-
1965 5044 1966 5051 g

223 5062 308 5119 terius
335 5062 375 5118 ιι
390 5060 508 5119 exterius
522 5061 635 5119 haberet
650 5076 658 5133 ;
674 5061 712 5117 ita
724 5061 777 5137 ipsi
790 5079 839 5136 per
853 5064 1021 5122 contrariom
1070 5066 1172 5140 pientia
1188 5078 1260 5125 esset
1275 5080 1375 5143 magna
1390 5068 1557 5141 insipientia.
1574 5068 1659 5127 l’orro
1686 5068 1754 5144 ipsis
1782 5063 1872 5129 omnis
1965 5100 1966 5153 p

223 5151 335 5208 modum
349 5147 378 5206 in
392 5151 519 5207 omnibus
528 5151 660 5208 membris
669 5152 726 5207 suis
734 5138 848 5208 interius
861 5160 889 5207 et
902 5152 1021 5210 exterius
1072 5156 1203 5228 sapientia
1218 5156 1306 5213 adluit
1322 5177 1329 5214 :
1345 5174 1454 5214 ornnem
1479 5156 1622 5216 scientiam
1649 5159 1684 5217 de
1712 5158 1776 5232 ipso
1798 5160 1873 5218 fonte
1965 5154 1966 5213 ζ

224 5240 391 5313 voluptutem
418 5240 528 5296 habent.
555 5238 615 5307 llio,
638 5239 667 5297 id
694 5240 776 5297 estin
790 5242 966 5313 hocmuudo,
980 5251 1022 5300 est
1073 5246 1211 5319 supientiae
1235 5248 1375 5305 huununt.
1408 5246 1508 5304 Omnia
1522 5248 1625 5322 quippe
1638 5249 1783 5321 praeterita,
1799 5263 1871 5321 prra-

223 5330 351 5403 roluptas
364 5328 568 5385 multitudinem
582 5330 702 5387 virorum
730 5346 762 5387 ao
786 5330 932 5387 mulierum
956 5347 1022 5404 spe·
1073 5334 1169 5404 sentia,
1184 5344 1211 5392 ιι
1225 5336 1248 5392 si
1263 5353 1316 5411 qua
1332 5336 1423 5395 futura
1434 5345 1510 5407 sunt,
1523 5337 1646 5410 perlecta
1673 5338 1772 5397 scium.
1801 5338 1872 5395 Om-

201 5422 206 5431 ’
224 5419 361 5475 ciosarum
375 5418 603 5488 ridere,induere
618 5427 709 5475 vestes
724 5419 870 5491 pretiosas,
886 5420 1023 5491 preclara
1073 5424 1147 5481 nium
1161 5426 1282 5483 omnimo
1297 5426 1450 5495 homiuum,
1466 5426 1524 5483 eise
1538 5426 1566 5483 in
1579 5427 1660 5497 ooelo,
1685 5408 1748 5487 ¹siue
1771 5427 1799 5483 iu
1827 5429 1873 5484 in·

224 5507 340 5564 edificia
366 5522 490 5579 camere,
516 5506 624 5565 dulcem
647 5515 768 5578 cantum,
784 5524 940 5567 sermonem
954 5525 1023 5568 con·
1074 5514 1160 5583 lerno,
1175 5516 1298 5586 nomina,
1315 5532 1427 5589 genera,
1444 5530 1528 5591 opera
1555 5516 1628 5573 bona
1654 5515 1697 5573 rol
1717 5511 1790 5573 mala
1815 5534 1872 5574 un·

225 5596 346 5664 cinnum,
360 5612 475 5671 organa,
500 5596 585 5670 lyras,
610 5596 739 5665 citharas,
765 5606 791 5654 et
817 5598 883 5655 talia
907 5600 1023 5668 audire;
1075 5618 1157 5677 quam
1172 5604 1207 5661 ab
1221 5605 1261 5663 eis
1275 5613 1353 5678 gesta
1366 5612 1485 5679 norunt;
1502 5612 1529 5664 et
1543 5606 1610 5663 nihil
1625 5612 1667 5663 est
1680 5606 1754 5679 quod
1768 5622 1816 5663 eos
1830 5606 1871 5663 la-

227 5682 416 5752 thymiamata,
431 5693 459 5741 et
472 5685 541 5742 alias
555 5686 658 5743 diversi
672 5686 804 5761 pigmenti
818 5688 925 5761 species
952 5690 1025 5747 odo-
1074 5697 1138 5763 teat,
1154 5708 1216 5751 cum
1231 5690 1259 5751 in
1273 5694 1332 5752 sole
1343 5694 1455 5764 justitiae
1469 5693 1571 5766 pariter
1585 5694 1694 5753 videant
1708 5694 1811 5753 omnia.

227 5782 300 5838 aare,
316 5770 399 5827 variis
413 5772 502 5843 epulis
527 5773 649 5833 deliciari
675 5775 777 5835 blanda
804 5784 831 5835 et
853 5777 948 5837 mollia
968 5786 1025 5838 tra·
1056 5802 1060 5808 ·
1111 5783 1150 5842 Ι).
1167 5782 1226 5844 ileu
1241 5792 1357 5860 quantas
1376 5782 1512 5860 lacrymat
1525 5784 1642 5845 miserie
1655 5798 1726 5845 mea
1738 5798 1811 5845 nunc
1824 5800 1870 5845 oo
