3942 6067
152 192 206 250 nte
535 217 539 223 ·
586 167 975 282 senonensi-uocauere.
1003 235 1024 248 -
1040 204 1076 261 m
1096 202 1370 265 nocamonmus.
1759 207 1843 267 aso·

152 318 250 391 templi
262 318 292 377 in
305 329 420 382 terrant.
438 324 493 383 Sed
507 324 543 383 de
556 341 621 385 casu
644 342 700 384 non
722 326 869 397 colliditur,
886 329 991 402 qniaA
1006 328 1101 387 cietur.
1117 329 1203 401 Hujus
1218 330 1288 386 entis
1303 331 1413 389 inventa
1428 336 1470 388 est
1483 328 1512 386 in
1526 330 1642 403 genibus
1658 339 1686 389 et
1705 332 1734 391 in
1749 334 1810 391 cui-

150 408 288 467 Dominus
309 411 453 485 subposuit
476 431 585 473 manum
609 432 691 473 suem
715 417 803 489 (Pani.
827 419 947 487 xxxvi).
1006 417 1237 475 bilis'induruisse
1251 427 1364 492 proptor
1379 419 1537 493 trequentes
1551 420 1688 478 orationes
1710 422 1810 495 quibus

113 493 118 504 '
150 496 270 569 Quidam
284 508 376 559 tutem
389 502 540 561 describis
554 513 636 578 ceput
658 506 721 579 ejus
744 507 952 566 transverberat
1007 494 1218 581 diciturjogiter
1231 508 1403 565 incubuisse.
1422 508 1493 580 Quia
1507 508 1546 565 bii
1559 524 1622 568 curn
1637 509 1745 567 Christo
1765 511 1808 582 ju·

149 594 233 645 conto
246 596 275 646 et
288 591 436 651 cerebrum
449 594 510 666 ajars
524 595 688 653 excutiendo
702 594 796 655 violet.
817 596 879 667 Quo
894 597 953 655 vul·
1007 597 1083 655 dices
1097 604 1160 653 sunt
1174 614 1258 671 super
1274 598 1355 655 sedes
1368 598 1421 655 x11
1435 597 1550 667 sessuri,
1569 613 1665 657 eorum
1681 600 1767 657 rerba
1782 606 1810 657 et

149 691 218 735 nere
232 678 355 737 acernis
368 680 463 741 dolore
478 691 506 741 et
520 682 881 760 conciliasanctam
894 687 954 759 glo-
1007 685 1077 743 iacta
1091 694 1239 761 sequentes
1252 687 1403 760 precamini
1418 694 1446 745 nt
1459 694 1524 745 tunc
1537 686 1676 745 Christum
1690 687 1718 745 in
1733 704 1805 764 gau·

149 764 199 828 rite
213 764 296 829 bodie
308 766 337 825 in
349 768 438 848 glorie
453 772 583 851 ablingit
596 774 676 835 dolor
689 780 718 833 et
732 774 851 850 gemitus
871 789 953 835 esso-
1007 774 1053 837 dio
1068 774 1128 838 sitis
1142 774 1241 837 visuri.
1261 774 1341 853 Quod
1361 775 1458 837 oculos
1471 792 1527 838 non
1548 776 1616 837 vidit
1639 777 1665 853 (i
1678 777 1740 837 Gor.
1754 778 1804 848 ιι).

707 1154 765 1243 ΙΝ
798 1154 1230 1247 ROGATIONIBUS·

184 1394 266 1453 Oculi
290 1394 405 1453 Domini
429 1412 516 1470 anper
540 1398 637 1470 jactos
662 1400 692 1455 et
714 1413 799 1455 nores
824 1396 885 1469 ejas
915 1398 949 1454 in
1003 1398 1143 1457 bulentunr
1158 1406 1200 1457 est
1213 1398 1268 1458 boe
1290 1396 1420 1458 seculum
1435 1394 1650 1457 adversitatibus
1664 1394 1807 1472 procello-

145 1485 447 1557 precescornrnffsol.
458 1488 553 1554 xxiii).
568 1484 887 1556 Quiemelodeclinant,
898 1485 950 1543 lor·
1003 1505 1080 1557 eum;
1094 1488 1192 1546 mulier
1206 1506 1267 1563 quae
1282 1488 1310 1546 in
1324 1490 1460 1562 amphora
1481 1493 1556 1545 natat
1579 1492 1620 1545 est
1642 1488 1735 1545 anime
1757 1502 1808 1545 tto·

146 1572 309 1639 nimuonos,
327 1573 472 1644 adulteria,
492 1576 623 1646 perjuria,
640 1575 721 1644 turta,
742 1575 810 1633 salsa
826 1577 950 1633 testimo·
1004 1586 1061 1634 stra
1076 1594 1138 1651 quae
1153 1578 1262 1651 corpori
1277 1580 1431 1653 praesiderrs
1446 1578 1474 1634 in
1499 1576 1630 1650 periculis
1655 1574 1749 1634 seculi
1770 1576 1810 1633 la-

146 1662 194 1718 nia
207 1670 235 1719 et
247 1662 290 1718 bis
304 1660 405 1719 similia
417 1664 557 1731 devitaot;
573 1675 601 1720 et
615 1665 664 1737 qui
679 1666 750 1722 bone
763 1664 874 1730 iaciunt,
891 1666 950 1721 Deo
1005 1667 1101 1736 borel,
1122 1684 1203 1740 qnam
1226 1683 1319 1725 massa
1339 1666 1444 1741 plumbi
1468 1672 1575 1743 gravat,
1598 1664 1664 1740 quia
1688 1663 1809 1722 animem

147 1759 238 1807 suaet
258 1751 415 1809 bominibus
430 1767 490 1822 sna,
515 1752 556 1809 bii
576 1753 643 1825 justi
664 1760 727 1810 sunt
745 1762 773 1812 et
796 1755 949 1825 superbos
963 1772 990 1835 B
1005 1764 1128 1814 nostram
1142 1756 1235 1830 gravis
1251 1756 1380 1831 iniquitas
1391 1759 1497 1814 oneret.
1513 1756 1581 1813 Duae
1604 1754 1734 1813 mulieres
1747 1770 1809 1829 quae

145 1838 219 1898 oculi
232 1840 428 1899 misericordis
442 1842 493 1899 Dei
508 1842 666 1915 respiciunt,
683 1851 711 1899 et
726 1859 807 1899 aures
831 1844 889 1912 eius
913 1843 949 1899 ad
1005 1846 1165 1919 amphoram
1180 1860 1243 1903 cum
1258 1846 1372 1903 muliere
1386 1844 1479 1901 lerant
1492 1852 1556 1901 eunt
1570 1844 1625 1901 duo
1646 1842 1727 1912 vicia,
1752 1842 1807 1901 sci·

146 1944 244 2001 preces
258 1929 435 2004 eorumquia
443 1931 949 2005 antequameuminaoceot,diciteis:
1005 1934 1068 1991 licet
1081 1933 1211 2007 superbia
1231 1943 1259 1992 et
1279 1933 1396 2003 luxurie,
1419 1950 1480 2009 qun
1492 1932 1624 1989 animam
1644 1932 1766 1989 nostram
1780 1938 1809 1989 et

146 2019 332 2077 Ecceasanm.
347 2021 446 2079 Vultus
460 2025 563 2079 notem
576 2024 789 2095 Dominirnper
802 2024 945 2095 facientes
1004 2038 1105 2097 corpus
1129 2031 1253 2080 nostrum
1278 2022 1315 2080 ad
1337 2022 1432 2080 illicita
1464 2020 1640 2089 modificatum
1676 2020 1808 2093 superbis

144 2110 224 2167 oraio
235 2108 327 2181 (ilici.)
337 2109 381 2167 dd
390 2110 479 2182 quid?
493 2114 526 2170 iit
536 2112 636 2184 perdet
648 2111 683 2169 de
694 2115 772 2168 terre
781 2113 949 2169 memoriam
1003 2112 1076 2168 enirn
1091 2110 1231 2168 bominem
1259 2110 1288 2166 in
1317 2110 1461 2167 eletionem
1490 2108 1581 2183 erigit,
1609 2108 1717 2165 luxuria
1742 2122 1809 2165 vern

144 2214 244 2255 eorum
257 2198 350 2269 iord).
370 2198 439 2255 iusti
453 2199 537 2273 igitur
552 2214 583 2256 se
597 2214 614 2255 a
628 2200 689 2255 Deo
702 2198 803 2272 respici
823 2208 850 2255 et
863 2200 898 2255 ab
914 2215 948 2257 eo
1003 2215 1114 2259 carnem
1128 2200 1156 2255 in
1170 2198 1371 2257 inmundiciam
1386 2197 1528 2271 deprimit.
1548 2198 1610 2255 linx
1629 2197 1696 2255 dum
1724 2196 1812 2270 spiri-

144 2286 266 2343 erandiri
279 2287 428 2360 gaudeant,
443 2296 471 2345 et
485 2288 514 2345 in
528 2287 625 2345 melius
638 2286 803 2359 proficiaot;
827 2287 880 2344 mei
895 2304 947 2344 au·
1003 2298 1045 2347 tus
1068 2288 1096 2344 in
1117 2286 1277 2361 superbiam
1300 2287 1412 2358 tollitur,
1436 2285 1510 2345 illico
1533 2302 1599 2345 caro
1618 2286 1646 2343 in
1670 2284 1807 2343 luxuriant

146 2383 202 2433 tem
215 2375 388 2443 consimiles,
403 2376 431 2432 id
445 2385 488 2433 est
502 2378 530 2432 in
553 2376 713 2434 criminibus
737 2376 863 2444 fetentes,
879 2392 948 2449 pcc·
1001 2377 1148 2449 mergitum
1179 2377 1238 2435 haec
1261 2376 1338 2433 alatae
1361 2376 1565 2448 describuntur,
1581 2374 1646 2450 quia
1661 2374 1806 2440 instabiles

142 2473 205 2521 cote
229 2466 357 2522 deserent
380 2472 408 2522 et
426 2466 463 2522 ad
481 2466 613 2523 orationis
630 2468 770 2523 munimen
790 2465 948 2539 confugiant
1001 2467 1151 2524 redduntur
1169 2466 1219 2539 qui
1237 2483 1284 2524 eas
1308 2473 1456 2534 secuntum
1479 2466 1641 2538 amphoram
1664 2481 1718 2523 cun
1741 2480 1805 2523 rnu-

34 2558 38 2565 ·
143 2561 171 2609 et
183 2569 214 2611 se
228 2554 308 2611 etiarn
322 2555 506 2613 exaudiendos
520 2556 621 2613 sciant.
1000 2556 1067 2613 llere
1082 2556 1195 2613 interra
1209 2554 1364 2628 Babylonis,
1381 2553 1455 2629 quod
1476 2554 1606 2627 consutio
1626 2552 1736 2625 dicitur,
1751 2552 1805 2610 du-

179 2642 280 2699 Tribus
294 2652 386 2700 autem
405 2644 495 2701 modis
519 2645 658 2703 orationes
671 2652 771 2703 nostrae
792 2642 947 2717 impediun—
1001 2652 1075 2711 eunt,
1091 2644 1157 2718 quin
1173 2644 1224 2700 sibi
1239 2643 1444 2701 crrnsentientes
1466 2642 1570 2715 duplici
1588 2640 1750 2700 contusione
1764 2640 1806 2705 iu·

142 2729 306 2805 turquodn
331 2732 459 2791 [tecnon
479 2734 675 2791 exaudiamur.
694 2733 749 2805 Qui
773 2741 835 2791 orat
858 2742 888 2789 ut
912 2735 946 2790 ile
1000 2734 1096 2803 duunt,
1121 2734 1186 2789 dnm
1217 2741 1243 2791 et
1269 2732 1315 2791 bic
1340 2748 1436 2789 coram
1460 2730 1617 2788 bominibus
1642 2730 1670 2789 iu
1689 2746 1805 2805 corpora

140 2819 261 2877 inimicis
288 2820 346 2878 suis
372 2822 530 2893 ulciscatur,
561 2823 605 2880 bic
619 2839 674 2880 non
703 2824 867 2892 exauditur,
896 2822 946 2879 sed
999 2822 1202 2880 confunduntur
1216 2829 1243 2878 et
1257 2822 1287 2877 in
1311 2820 1402 2877 lrrturo
1421 2820 1449 2879 in
1469 2820 1559 2883 anime
1581 2828 1682 2878 aeterna
1706 2819 1806 2878 coniu-

75 2918 81 2925 '
140 2911 231 2967 oratio
245 2910 305 2979 ejus
319 2910 346 2965 in
360 2919 503 2984 peccatum
517 2913 705 2979 convertitur3
730 2912 777 2986 qui
798 2912 892 2968 odium
917 2911 945 2967 in
1000 2914 1078 2971 sione
1101 2912 1251 2985 puniuntor
1277 2926 1341 2969 cum
1362 2908 1483 2966 dicitnr:
1501 2894 1672 2984 operientur
1692 2908 1802 2984 duplici

140 2999 226 3055 corde
248 2999 351 3056 retinet
371 3008 399 3057 ct
421 3001 449 3056 in
472 3015 502 3057 se
526 3000 650 3073 peccanti
665 3016 719 3057 oon
736 3000 855 3068 dimittit,
871 3001 946 3057 hone
999 3003 1166 3075 causacione
1177 2992 1489 3075 airotdyploideffsoi.
1504 2998 1595 3071 cvru),
1607 2998 1702 3073 Igitur,
1717 2998 1805 3057 istrie·

139 3095 265 3143 orantem
280 3088 356 3147 Dens
372 3104 428 3145 non
441 3088 569 3153 exaudit:
590 3090 638 3163 qui
660 3090 813 3147 criminalia
830 3098 983 3198 peccatec
1002 3092 1077 3159 simi,
1093 3089 1251 3165 snperbiam
1276 3098 1303 3146 et
1331 3078 1468 3147 lurrrrtar'n
1492 3087 1661 3145 execramini
1675 3095 1756 3162 alque
1779 3087 1809 3145 in

138 3184 287 3249 perpetret,
303 3186 331 3234 et
344 3178 372 3233 in
387 3178 431 3235 bis
440 3178 635 3235 delectabiliter
653 3187 821 3251 perseueret,
836 3179 881 3236 bic
895 3179 939 3235 in·
998 3180 1116 3239 Domino
1131 3178 1315 3247 delectemini,
1328 3187 1354 3235 et
1368 3177 1443 3234 dabit
1453 3176 1530 3241 robis
1544 3176 1697 3249 peticiones
1712 3176 1802 3236 cordia

138 3280 248 3323 amum
263 3282 360 3339 preces
376 3268 473 3336 tundit,
486 3268 549 3343 quia
563 3269 637 3326 Deus
646 3277 808 3342 peccatores
822 3286 877 3326 non
890 3286 942 3326 nu·
995 3271 1082 3329 vestri
1097 3271 1189 3342 (Paul.
1209 3268 1319 3340 rinvel:
1333 3271 1362 3325 et
1376 3267 1438 3341 quio
1452 3266 1535 3335 bodie
1549 3264 1729 3337 confluxistis,
1740 3281 1804 3323 rer·

43 3364 46 3367 ’
139 3353 189 3411 dit.
205 3356 284 3413 Unde
308 3372 360 3428 per
381 3358 543 3429 prophetem
566 3358 665 3415 dicitnr
680 3376 688 3414 ι
703 3360 798 3418 Aures
816 3360 939 3416 Deinort
996 3362 1062 3417 burn
1076 3360 1126 3416 Dei
1142 3359 1246 3415 intente
1261 3354 1806 3428 audiredebetls.lpseltominusnoster

136 3447 209 3501 suot
220 3449 379 3519 worcester
391 3450 425 3503 nt
440 3464 499 3504 non
518 3448 629 3514 audiet,
644 3448 693 3505 ced
706 3452 827 3522 peccato
842 3453 948 3506 oestro·
994 3450 1062 3508 dicit
1077 3448 1151 3524 qnod
1168 3448 1279 3521 qnidam
1295 3462 1390 3503 semen
1405 3462 1484 3503 snum
1504 3444 1642 3503 seminare
1665 3445 1730 3503 exiit
1743 3464 1752 3515 ς
1775 3460 1805 3527 ep

138 3534 252 3591 obstem
273 3550 309 3591 ne
333 3551 381 3593 ooo
404 3535 543 3593 eeoudtnt
565 3537 634 3607 (leo.
662 3538 730 3611 ux).
756 3540 823 3596 item
847 3538 937 3594 dicit:
994 3540 1060 3597 dum
1074 3538 1200 3607 seminat,
1219 3536 1292 3592 aliud
1308 3552 1389 3593 scens
1404 3536 1476 3591 riam
1498 3536 1605 3597 cadens
1623 3534 1803 3609 conculcetur

135 3624 259 3697 Propter
269 3628 386 3697 peccato
407 3629 516 3689 nostro,
544 3627 673 3693 Domine,
700 3627 859 3701 opposuisti
887 3627 940 3683 tibi
995 3638 1021 3687 et
1037 3644 1053 3684 a
1068 3624 1226 3684 volucribus
1240 3626 1397 3696 devoratur,
1413 3624 1487 3681 aliud
1502 3624 1587 3697 supc'r
1605 3624 1710 3700 petram
1730 3623 1803 3681 resi·

135 3713 241 3769 nubem
248 3728 286 3769 ne
296 3717 427 3771 trorrreot
444 3715 660 3784 orntioiibren.
673 3715 720 3787 ιι).
733 3717 850 3772 Peccata
860 3714 938 3789 [pec-
992 3718 1061 3773 liena
1073 3724 1165 3773 notum
1180 3714 1251 3771 aruit
1265 3714 1328 3787 quin
1343 3716 1486 3771 humorem
1511 3697 1695 3782 norr'lisbuitr
1720 3713 1794 3771 aliud

136 3801 239 3876 catum]
253 3802 451 3877 quippegrave
464 3811 507 3860 est
520 3811 550 3859 ut
571 3803 722 3876 plumbum,
740 3811 766 3860 et
788 3804 852 3860 idco
874 3820 939 3876 per·
995 3806 1081 3881 spinis
1104 3805 1315 3863 commendetur
1336 3810 1364 3860 et
1386 3819 1404 3860 e
1422 3802 1511 3873 spinis
1535 3800 1685 3859 sulioeatur
1698 3820 1706 3873 ς
1721 3801 1800 3949 erling

135 3890 219 3945 trabit
229 3892 405 3947 bominemin
415 3891 519 3948 baratri
529 3891 705 3964 profundum.
717 3892 939 3950 sicutenimrota
994 3896 1022 3953 in
1036 3896 1136 3953 bonam
1152 3902 1255 3953 terram
1269 3892 1366 3950 cecidit
1382 3898 1409 3949 et
1430 3890 1504 3947 aliud
1528 3885 1714 3967 tricesimum,
1724 3890 1778 3961 aliu
1887 3881 1893 3899 ¹

136 3978 164 4035 in
178 3988 273 4037 monte
282 3980 426 4037 dimittitur
436 3990 463 4037 et
473 3997 523 4051 per
532 3982 712 4053 precipicium
721 3982 756 4039 ad
766 3982 820 4038 ima
830 3982 940 4040 courel·
994 3985 1215 4058 sexagesimum,
1244 3981 1319 4039 aliud
1345 3979 1527 4037 centesimum
1555 3978 1674 4036 fructum
1701 3954 1799 4037 obtulit

135 4067 171 4125 lis
183 4068 349 4139 der-olvitur,
363 4071 406 4129 sic
418 4070 512 4129 anima
524 4078 623 4144 sponte
641 4072 731 4135 Deum
756 4072 887 4129 deserens
910 4081 939 4130 et
992 4075 1100 4149 (linttb.
1117 4074 1190 4144 xrrr).
1207 4072 1261 4143 Qui
1275 4086 1369 4129 senten
1385 4068 1502 4127 seminat
1527 4077 1570 4126 eet
1587 4068 1725 4126 sacerdos
1749 4068 1796 4143 qui

135 4156 163 4213 in
178 4157 346 4234 iniquitatem
366 4160 401 4229 (p
424 4160 488 4230 tlt)
509 4175 656 4233 proruens.
678 4176 819 4234 nunqnam
834 4161 862 4216 in
885 4176 939 4219 uno
992 4161 1107 4218 verbnm
1119 4158 1169 4215 Dei
1185 4156 1333 4230 praedicam
1350 4169 1420 4228 eger
1434 4154 1463 4210 in
1477 4169 1532 4229 quo
1546 4169 1642 4209 semen
1655 4152 1798 4229 spargitur

131 4246 212 4321 lapsu
226 4248 383 4317 morabitur,
398 4249 449 4306 sed
467 4266 578 4322 semper
601 4250 716 4309 ulterius
738 4252 773 4307 ad
795 4251 932 4308 deteriore
993 4256 1056 4307 sunt
1069 4255 1163 4305 restra
1176 4245 1262 4304 corda
1276 4244 1311 4317 (ιο
1325 4246 1376 4300 tto
1392 4242 1433 4313 ιο)
1453 4242 1482 4299 in
1497 4242 1597 4318 quibus
1611 4242 1727 4299 uerbum
1742 4243 1797 4301 Dei

127 4336 307 4410 prorumpo
327 4345 356 4393 et
367 4347 511 4411 peccatum
526 4340 600 4413 quod
614 4340 695 4397 citius
708 4341 868 4413 poenitentia
882 4357 938 4397 non
989 4338 1099 4409 jncitnr.
1116 4338 1215 4395 Samen
1231 4336 1258 4391 in
1274 4334 1315 4391 via
1328 4334 1443 4405 jncturn,
1458 4349 1474 4388 a
1490 4332 1719 4407 pretereuntibus
1732 4348 1800 4391 eon·

133 4426 222 4493 diluit,
237 4442 300 4483 mox
315 4426 389 4486 aliud
404 4442 455 4484 auo
467 4429 590 4500 pondere
605 4429 695 4496 trahit,
713 4439 740 4487 et
763 4431 804 4489 sic
826 4430 854 4486 in
869 4447 937 4503 pee-
993 4428 1165 4494 calcatuma
1189 4424 1345 4483 volucribus
1364 4422 1535 4490 devoratum,
1547 4420 1674 4497 designat
1688 4438 1736 4481 eos
1750 4439 1792 4497 qu

133 4522 224 4572 catum
247 4516 283 4573 do
305 4524 421 4583 peccato
445 4518 517 4574 cadit
539 4514 628 4591 usqne
642 4520 705 4576 dum
724 4520 751 4575 in
771 4500 980 4592 protundumli
996 4518 1111 4574 verbum
1119 4516 1169 4573 Dei
1184 4513 1347 4586 percipiunt,
1369 4512 1418 4569 sed
1437 4510 1615 4570 secularibus
1630 4511 1754 4586 negociis
1769 4518 1798 4569 et

133 4604 270 4661 maiorum
295 4605 399 4662 venerit
416 4606 503 4663 :inde
524 4605 551 4663 in
574 4615 686 4665 eternae
708 4608 803 4664 mortis
825 4618 938 4680 puteum
994 4606 1139 4663 mundanis
1154 4603 1299 4661 desideriis
1312 4600 1408 4659 intenti
1426 4601 1492 4657 illud
1505 4600 1584 4673 quasi
1598 4601 1714 4673 pedibus
1727 4616 1798 4674 pro·

134 4694 238 4764 proruit
252 4695 348 4762 (Pron.
367 4696 461 4765 ιιιιιι),
477 4711 563 4768 super
577 4698 655 4766 cuius
669 4713 702 4752 os
725 4697 795 4769 lapis
818 4698 937 4755 damna·
991 4704 1090 4759 terunt,
1116 4702 1143 4752 et
1166 4694 1304 4751 daemones
1327 4708 1342 4746 a
1365 4689 1497 4747 memoria
1521 4704 1618 4745 eorum
1641 4690 1748 4760 tollunt,
1767 4697 1796 4748 et

134 4782 216 4839 tionis
229 4782 358 4855 ponitur:
376 4800 466 4856 usque
480 4785 544 4841 dum
559 4785 656 4843 reddat
670 4786 851 4843 novissimum
864 4804 936 4861 qua·
990 4784 1093 4843 nrillum
1108 4784 1218 4857 pietatis
1232 4782 1349 4839 iruotum
1364 4778 1499 4845 referunt;
1517 4794 1600 4849 supra
1614 4785 1720 4851 petram
1743 4794 1795 4836 au·

132 4871 256 4927 drentem
270 4870 346 4929 exire
370 4888 425 4930 non
439 4874 605 4946 permittitur
628 4876 745 4946 (licitis.
762 4877 805 4948 v).
823 4876 936 4934 Derotis
990 4883 1046 4933 tem
1060 4874 1162 4933 cadens
1178 4881 1205 4929 et
1219 4871 1256 4928 ibi
1271 4884 1401 4928 crescens
1415 4866 1475 4925 duri
1489 4865 1583 4923 cordis
1602 4866 1729 4942 designat
1744 4867 1792 4941 qui

133 4975 202 5034 erpo
217 4962 357 5033 precibus,
371 4962 517 5033 karissimi,
533 4979 551 5020 ιι
566 4963 626 5021 Deo
640 4965 744 5037 poscite
765 4980 801 5023 ne
815 4981 866 5023 vos
887 4966 936 5021 ab·
989 4964 1088 5039 quovis
1102 4963 1165 5037 (sic)
1179 4962 1293 5020 vernum
1317 4960 1367 5015 Dei
1392 4956 1472 5013 avide
1500 4954 1648 5029 aliqnando
1663 4955 1788 5026 audititi,

21 5030 37 5083 Ϊ
133 5049 242 5107 sorbeat
253 5049 420 5123 protundum
433 5068 523 5126 neque
537 5060 638 5127 urgeat
659 5071 740 5127 super
764 5071 814 5111 ros
836 5064 934 5128 puteus
989 5055 1016 5113 in
1029 5053 1136 5116 malicie
1157 5060 1248 5108 tamen
1266 5048 1435 5122 perdurent;
1452 5051 1479 5102 et
1501 5060 1565 5103 curn
1583 5046 1728 5103 humorem
1740 5060 1790 5101 su·

133 5153 165 5196 os
184 5155 263 5197 suum
275 5140 367 5209 (Psoi.
384 5142 499 5212 uvrrr);
525 5140 612 5217 sugite
626 5142 721 5199 muudi
736 5151 763 5199 et
776 5144 868 5200 curnis
881 5145 929 5202 de·
988 5161 1082 5219 perure
1095 5142 1191 5218 gratim
1203 5156 1259 5196 non
1273 5138 1402 5204 babeant,
1419 5149 1534 5193 necesse
1555 5143 1598 5191 est
1620 5143 1650 5191 ut
1675 5134 1790 5192 verbum

133 5227 376 5302 riceriaqnssunt
385 5229 543 5288 doemonum
562 5232 693 5300 servicia;
709 5232 823 5305 quaerite
834 5234 931 5292 llomi·
985 5234 1036 5292 Dei
1051 5234 1079 5289 iu
1091 5232 1131 5290 eis
1145 5236 1266 5289 arescet.
1283 5226 1363 5299 Quod
1375 5232 1465 5282 aculem
1477 5222 1562 5298 spinae
1572 5222 1717 5293 suffocent,
1729 5232 1793 5281 sunt

132 5332 198 5373 unm
212 5324 241 5375 et
254 5318 328 5376 rivet
336 5318 428 5379 anime
437 5326 529 5376 vestre
543 5320 651 5394 (itm).
667 5322 802 5395 Propbcta
812 5338 933 5399 namque
984 5324 1023 5382 hii
1037 5323 1136 5397 unibus
1159 5318 1276 5387 diriciae,
1302 5316 1464 5389 uoluptates,
1492 5313 1556 5371 vitae
1576 5312 1787 5383 sollicitudines,

133 5406 201 5463 vidit
215 5406 262 5463 abi
277 5404 376 5465 mulier
387 5408 416 5465 in
431 5410 565 5481 anrpbore
588 5410 689 5468 sedens
712 5412 739 5468 in
764 5413 835 5470 meri
853 5422 933 5470 neta·
985 5431 1067 5473 aures
1081 5410 1197 5470 everbo
1211 5408 1262 5466 Dei
1276 5406 1430 5470 obdurent;
1446 5402 1520 5479 quod
1535 5408 1626 5458 nutrrm
1640 5402 1667 5459 in
1679 5410 1784 5459 terram

132 5496 281 5570 bet‚quarn
293 5512 387 5553 massa
399 5495 505 5569 plumbi
519 5500 675 5574 praeabum
690 5503 863 5561 etecccdure
873 5520 933 5561 rnu-
984 5506 1085 5563 bonam
1114 5502 1216 5559 cadens
1244 5494 1398 5562 iructiiirat,
1428 5501 1470 5551 est
1497 5490 1638 5549 multitudo
1668 5492 1791 5551 fidelium

132 5585 217 5643 nerea
227 5584 478 5659 aletaesmpboram
490 5604 552 5652 cum
566 5590 681 5647 muliere
693 5590 822 5649 levabant
832 5601 860 5649 et
870 5608 932 5651 cem
985 5610 1046 5671 qum
1061 5594 1145 5652 verbo
1155 5590 1205 5648 Dei
1215 5587 1348 5645 obediens
1358 5584 1438 5641 bonis
1450 5581 1556 5640 notibus
1568 5581 1699 5651 deuncem
1716 5596 1788 5639 cou-

140 5690 160 5731 n
174 5681 277 5735 torrem
290 5675 440 5750 Babylonis
454 5677 590 5737 ducebant
602 5682 702 5755 (laci.
722 5682 763 5754 v).
783 5684 860 5743 ltere
871 5692 931 5741 tur·
983 5684 1072 5759 jugati
1086 5681 1254 5741 tricesimum
1268 5676 1384 5735 fructum
1398 5672 1518 5733 reiorum
1530 5668 1598 5732 ern
1612 5670 1695 5732 iidem
1720 5687 1791 5729 san·
