3942 6067
233 316 284 371 sss
433 278 437 289 ’
519 344 522 351 ,
577 304 727 365 uououu
745 279 999 361 rususronuu.
1017 294 1101 357 ore.
1121 294 1213 353 rsus
1228 296 1275 353 ur.
1290 327 1325 340 -
1340 296 1537 357 sumeres.
1599 376 1606 393 .
1838 300 1890 357 su

233 436 344 495 diaholo
359 435 463 491 rmortis
489 432 594 490 auctori
612 432 754 497 subdere?
776 430 830 487 Sed
853 430 890 485 hii
911 426 958 501 qui
980 426 1034 480 bec
1047 420 1076 484 A
1090 422 1172 477 citum
1187 431 1281 481 contre
1295 424 1389 481 hostes
1403 425 1530 490 duceret,
1545 432 1572 480 et
1585 440 1615 481 sc
1629 423 1766 481 ciuitatem
1782 424 1887 491 Basilii,

233 525 312 579 nocte
326 522 360 577 ad
376 519 521 591 sepulchra
535 526 700 572 mortuorum
723 514 825 587 aliquid
847 514 1029 577 sciscitantur,
1084 520 1221 582 prostrato
1238 513 1326 581 hoste,
1342 514 1540 570 subuersurum
1563 512 1676 577 diceret,
1693 514 1795 570 Basilio
1810 514 1885 586 rigi-

232 612 325 684 ntique
338 626 399 666 cum
415 607 532 663 mortuis
547 606 575 661 in
588 604 724 661 iulemum
739 604 914 675 deputantur.
926 600 1031 658 Omnes
1085 600 1157 657 laute
1171 609 1198 657 et
1212 611 1308 660 orante
1324 603 1472 660 cumomni
1496 604 1597 673 populo
1618 602 1645 657 iu
1669 612 1771 659 sauctae
1793 602 1887 658 diarias

233 695 314 753 etiam
331 694 376 767 qui
391 695 442 749 hnc
456 699 535 748 uncte
557 690 593 747 ad
616 689 735 761 aliquem
757 688 860 745 iontem
880 687 923 743 vel
945 690 1030 741 arho-
1084 690 1215 755 oratorio.
1231 691 1305 747 idem
1320 692 1459 756 Julianus,
1477 694 1541 746 dum
1555 693 1679 749 custodia
1694 692 1808 747 militum
1823 692 1885 745 sal-

233 800 292 841 rem
303 784 348 840 vel
361 782 490 853 lapidem,
504 779 548 837 vel
563 780 597 835 cd
615 779 735 851 aliquem
759 778 848 835 locum
864 792 919 833 uon
934 790 1031 832 conse·
1084 778 1168 843 latur,
1182 777 1263 850 jussu
1278 780 1328 836 Del
1342 780 1490 837 Genitricis
1504 797 1520 835 a
1535 780 1652 851 quodam
1676 788 1796 851 martyre
1812 780 1882 835 ller-

233 882 335 931 cratum
350 870 426 944 quasi
441 868 544 942 aliquid
560 868 624 924 noui
639 868 676 923 ihi
691 866 826 939 cognituri
849 872 972 929 cuuuot,
986 862 1032 919 uel
1084 868 1162 923 curio
1176 866 1341 937 perforatur,
1366 877 1394 925 et
1413 870 1454 926 sic
1477 868 1570 926 Basilii
1592 869 1688 926 civitas
1711 871 1747 925 ah
1770 870 1885 925 instanti

232 964 255 1019 si
267 962 319 1018 viri
334 960 494 1016 muliebrem
509 958 553 1014 vel
568 956 698 1013 mulieres
712 956 820 1011 virilem
835 955 957 1010 habitum
977 968 1031 1023 pro
1083 954 1205 1028 periculo
1220 954 1363 1013 liberetur.

232 1051 354 1125 quolibet
376 1048 542 1105 maleficium
567 1045 634 1119 [lep.
662 1042 806 1117 maleficio]
833 1044 964 1108 iuduunt,
987 1040 1031 1097 vel
1119 1043 1233 1100 Cnidum
1251 1045 1401 1117 heremitae,
1415 1044 1654 1110 Effremuomine,
1670 1047 1883 1103 estrerclatum

231 1140 376 1212 quicquam
391 1134 465 1211 quod
479 1152 546 1192 saue
561 1134 625 1191 fidet
640 1134 809 1190 contrarium
822 1133 856 1187 sit
871 1133 925 1189 hac
949 1138 1030 1187 nocte
1083 1133 1145 1205 quia
1160 1133 1288 1189 columna
1303 1134 1375 1209 ignis
1390 1143 1433 1190 est
1447 1136 1576 1191 Basilius.
1603 1134 1655 1205 Qui
1678 1152 1795 1209 surgens
1810 1137 1886 1191 uenit

231 1232 326 1298 egunt,
344 1224 447 1295 absque
462 1221 549 1277 dubio
572 1220 601 1275 in
625 1218 775 1275 dominium
791 1216 892 1274 diaboli
917 1232 948 1272 se
971 1223 1029 1271 ltn-
1083 1222 1119 1276 nd
1135 1238 1208 1278 enm.
1225 1223 1335 1280 interim
1349 1224 1416 1279 dum
1430 1224 1545 1281 Basilius
1568 1226 1712 1280 missurum
1738 1223 1886 1280 sollemnia

230 1315 314 1383 duut;
330 1313 379 1368 sed
394 1311 439 1385 qui
454 1310 494 1367 eis
509 1308 572 1364 talia
596 1306 687 1364 lacere
711 1306 884 1364 consentiunt
904 1320 965 1362 cum
988 1303 1029 1360 eis
1083 1310 1239 1376 celebrarit,
1256 1311 1395 1367 flammam
1411 1312 1446 1368 de
1460 1329 1509 1368 ore
1532 1315 1591 1383 ejus
1616 1330 1729 1386 surgere
1743 1313 1814 1368 idem
1831 1312 1886 1367 El·

230 1410 356 1477 pereuut.
372 1401 461 1467 Unde,
478 1396 622 1463 karissimi.
636 1397 681 1467 qui
696 1396 761 1451 talia
776 1404 888 1468 propiet
903 1394 1030 1468 ignorati·
1083 1398 1153 1454 lrem
1180 1399 1260 1466 vidit,
1287 1417 1349 1473 ques
1371 1400 1434 1457 coeli
1456 1401 1511 1456 alta
1533 1402 1622 1473 petiit.
1653 1401 1704 1472 Qui
1718 1400 1885 1459 exclamauit

230 1491 295 1547 tiam
319 1490 528 1554 commiserunt,
554 1484 757 1556 penitentiam,
783 1484 846 1539 dum
870 1482 948 1549 licet,
964 1481 1029 1537 iude
1083 1486 1168 1559 (Dio)
1177 1488 1302 1559 protinus
1314 1505 1321 1543 :
1335 1512 1346 1539 ι
1363 1490 1431 1546 Vere
1445 1490 1655 1563 columnaiguis
1669 1500 1711 1546 est
1726 1490 1852 1546 Basilius.
1870 1513 1881 1538 ι

230 1586 325 1655 agant,
342 1577 499 1649 etamplius
514 1574 580 1630 nihil
597 1574 650 1629 tole
665 1574 835 1629 committant
858 1581 884 1627 et
909 1572 978 1627 alios
994 1571 1028 1626 ah
1083 1576 1224 1632 celebr-aru
1241 1577 1322 1632 missu
1337 1587 1416 1651 rogae
1426 1579 1554 1635 Basilius„
1572 1580 1623 1634 sibi
1638 1578 1761 1634 „otiliam
1775 1578 1885 1635 θηρῶ

229 1665 273 1719 his
287 1662 459 1726 prohibeant.
480 1660 563 1723 Quod
587 1659 609 1713 si
632 1658 799 1731 neglegunt,
821 1654 905 1713 velint
930 1655 1027 1721 nolint,
1082 1664 1624 1740 linguaegneoimp01mp3quam,
1646 1668 1749 1723 Basilio
1771 1677 1883 1736 omme,

230 1752 299 1809 socii
314 1753 466 1807 daemouum
482 1765 551 1822 quos
566 1747 653 1805 secuti
668 1754 730 1802 suut
755 1745 781 1801 iu
803 1752 904 1801 aeieruo
920 1743 1026 1814 suppli·
1042 1724 1068 1785 Β
1083 1755 1182 1809 meruit
1196 1754 1327 1810 divinitus
1342 1756 1433 1811 ditari,

230 1840 273 1897 cio
286 1848 379 1896 eruut.
398 1838 454 1893 Vos
467 1848 571 1902 autem,
588 1834 769 1901 dilectissimi,
786 1849 854 1905 quos
869 1834 942 1889 Deus
956 1832 1028 1889 lilios
1118 1838 1236 1894 iuvenis
1250 1839 1359 1911 quidam
1374 1839 1401 1893 io
1418 1854 1511 1897 umore
1525 1840 1626 1911 puellm
1638 1840 1765 1897 monialis
1780 1842 1885 1913 deper-

229 1946 294 1986 suos
307 1927 366 1984 lieri
377 1927 460 1983 voluit
475 1934 501 1982 et
514 1924 641 1981 haeredes
652 1923 731 1996 regui
746 1922 789 1978 sui
803 1922 952 1989 coustituit,
963 1922 1028 1977 talia'
1082 1925 1128 1991 iit;
1146 1927 1191 1999 qui
1208 1927 1339 1983 instinctu
1362 1928 1464 1985 diaboli
1487 1930 1515 1983 in
1539 1930 1640 1999 scripto
1653 1931 1739 1985 Deum
1753 1930 1882 2003 abuega-

228 2016 432 2075 abhomiuaudo
453 2015 587 2085 devitate;
612 2014 648 2070 ad
673 2012 817 2069 ecclesiam
839 2010 937 2066 deuote
960 2025 1026 2066 cou—
1081 2016 1129 2083 vit,
1145 2023 1173 2071 et
1188 2016 1314 2089 sigillans
1329 2032 1412 2073 maun
1436 2017 1567 2089 scripturn
1592 2034 1652 2073 cum
1677 2018 1737 2089 ipso
1761 2020 1881 2090 propriis

226 2107 378 2172 venientes,
395 2104 529 2160 Christum
545 2103 594 2160 Dei
611 2102 706 2158 Filium
721 2117 772 2173 pro
787 2100 913 2156 omnihus
924 2096 1027 2155 henei-
1080 2104 1209 2159 manibus
1223 2106 1250 2160 iu
1265 2106 1418 2161 dominium
1432 2105 1537 2161 diaholi
1552 2122 1583 2163 se
1598 2106 1768 2179 manciparit.
1787 2106 1880 2172 Quem

226 2196 275 2254 ciis
296 2196 353 2251 suis
376 2194 547 2257 collaudate,
574 2191 718 2263 ipsumque
744 2206 837 2245 verum
863 2190 951 2245 Deum
976 2204 1025 2260 pro
1079 2192 1197 2247 Basilius
1213 2194 1325 2249 diaholo
1340 2192 1462 2262 abstulit,
1479 2211 1560 2249 manu
1583 2196 1713 2266 scriptum
1738 2196 1879 2251 diabolum

225 2285 354 2342 omnihus
381 2281 591 2339 necessitatibus
619 2278 719 2336 vestris
740 2279 876 2335 invocate.
914 2277 1025 2332 Nullum
1079 2281 1194 2337 reddere
1213 2282 1346 2354 compulit
1367 2293 1395 2339 et
1416 2282 1549 2355 perditam
1570 2299 1648 2340 orem
1673 2285 1762 2340 honus
1784 2294 1880 2357 pastor

225 2389 295 2446 opus
312 2373 361 2428 Dei
375 2371 458 2428 hodie
480 2369 557 2441 quasi
582 2384 629 2441 pro
654 2367 726 2425 hono
739 2382 869 2423 successu
885 2366 1021 2432 inchoate,
1077 2370 1158 2444 gregi
1175 2370 1302 2427 restituit.

223 2462 270 2519 sed
287 2460 322 2517 ab
336 2460 409 2517 omui
424 2458 517 2516 servili
536 2474 621 2529 opere
646 2458 681 2512 ad
705 2456 814 2513 landem
830 2456 924 2512 aeterni
938 2455 1023 2527 Regis
1113 2460 1226 2515 Kartum
1251 2460 1278 2515 iu
1300 2477 1353 2533 qua
1374 2460 1500 2533 quedam
1518 2461 1619 2518 mulier
1641 2470 1740 2519 cuncta
1761 2463 1878 2520 crimina

221 2554 327 2611 vacate,
339 2546 434 2617 etipse
448 2544 547 2600 tribuet
558 2543 636 2599 vohis
647 2542 841 2597 habundanter
851 2540 915 2596 vitea
925 2556 1022 2597 neces·
1076 2564 1127 2604 sna
1140 2549 1289 2621 descripsit
1302 2559 1330 2607 et
1344 2550 1488 2624 sigillatam
1504 2552 1538 2607 cd
1553 2551 1681 2607 Basiliam
1695 2552 1784 2608 attulit
1807 2552 1877 2609 divi·

221 2631 307 2699 saria,
323 2638 351 2687 et
375 2638 437 2702 post
458 2629 517 2685 haec
538 2627 615 2701 quasi
640 2624 703 2683 filiis
726 2626 833 2683 conlert
855 2625 1022 2698 sempiterna
1075 2637 1150 2692 „pus
1165 2638 1249 2693 deperi
1265 2639 1391 2710 precibus
1406 2639 1536 2695 obtinuit.

220 2720 333 2795 gaudia.
1110 2725 1229 2794 Quidem
1244 2727 1367 2783 medicus
1389 2728 1521 2784 Hebraeus
1545 2728 1569 2783 ei
1597 2727 1740 2784 instantem
1755 2737 1873 2785 mortem

253 2828 339 2896 Hujus
365 2822 419 2881 diei
452 2822 610 2881 veneranda
641 2820 786 2878 sollemnia
811 2826 913 2891 augent
938 2815 1019 2875 nobis
1033 2848 1058 2911 C
1074 2814 1215 2885 praedixit:
1231 2816 1412 2872 sedhasilius
1427 2816 1532 2873 orando
1546 2818 1640 2872 horam
1656 2816 1752 2874 mortis
1763 2818 1875 2874 distulit

219 2914 292 2971 beati
307 2913 400 2969 Basilii
415 2910 535 2983 episcopi
552 2910 688 2981 practura
711 2909 822 2965 merita.
847 2906 1017 2979 Hicpraedi-
1072 2912 1100 2960 et
1122 2904 1266 2960 llehroeum
1294 2920 1345 2976 per
1365 2902 1448 2961 ladem
1477 2921 1590 2963 numero
1610 2905 1730 2962 fidelium
1752 2906 1869 2962 addidit.

218 3012 263 3059 tus
278 3002 411 3073 sapientia
425 3000 535 3057 domurn
550 2999 609 3064 Dei,
628 2998 734 3055 scilicet
749 2996 913 3065 Ecclesiam,
930 2995 1016 3051 serbo
1070 2994 1128 3050 Hoc
1139 3002 1253 3064 peracto
1268 2993 1295 3048 iu
1310 2994 1443 3066 gandium
1456 2994 1566 3051 Domini
1581 2996 1622 3051 sui
1637 2994 1767 3051 introivit.
1779 2994 1869 3064 Quem

217 3100 244 3148 et
259 3090 361 3162 scripto
376 3088 488 3163 egregie
502 3086 639 3145 decoravit
655 3096 681 3143 ct
698 3094 819 3157 tempora
831 3084 977 3158 suasignis
989 3091 1017 3139 et
1070 3084 1146 3139 Deus
1163 3098 1244 3153 super
1266 3082 1361 3138 omnia
1384 3084 1455 3139 boue
1480 3100 1528 3139 sua
1547 3084 1694 3140 constituit.
1710 3084 1802 3151 liuuc,
1819 3086 1874 3141 lca·

216 3178 351 3254 prodigiis
367 3186 393 3233 et
406 3176 548 3233 virtutihus
564 3174 664 3247 inclyte
679 3174 847 3251 peroroauit.
867 3173 956 3244 liujus
970 3178 1015 3228 et·
1069 3173 1184 3237 rissimi‚
1197 3188 1245 3245 pro
1260 3174 1382 3244 peccatis
1395 3173 1494 3231 uestris
1508 3174 1612 3245 poscite
1626 3173 1684 3229 lieri
1698 3174 1772 3246 apud
1783 3176 1873 3231 Deum

217 3268 290 3326 euim
306 3276 425 3338 tempore
439 3264 563 3321 Julianus
587 3278 693 3320 summo
717 3264 795 3336 regni
817 3262 894 3334 apice
918 3261 1014 3329 fultus,
1070 3262 1293 3329 intercessorem,
1309 3270 1336 3318 ut
1351 3271 1414 3334 post
1435 3265 1514 3333 huius
1536 3263 1599 3319 vitae
1622 3262 1735 3320 exilium
1760 3279 1872 3320 merea-

216 3358 357 3417 Christum
370 3356 524 3427 abnegans,
541 3353 576 3410 ad
591 3351 741 3408 diabolicos
756 3368 786 3407 se
802 3350 939 3407 transtulit
955 3348 1016 3407 cul·
1069 3352 1137 3407 mini
1151 3367 1212 3407 cum
1226 3350 1273 3407 illo
1288 3352 1315 3406 in
1331 3368 1447 3423 superna
1462 3352 1551 3424 patria
1569 3352 1691 3409 obtinere
1715 3352 1790 3409 illius
1812 3356 1873 3425 glo

215 3454 275 3514 tus,
306 3444 431 3517 plurimis
463 3442 624 3499 Christianis
657 3441 727 3497 hona
762 3456 812 3497 sus
839 3438 1015 3512 proscripsit,
1071 3440 1121 3496 riae
1135 3440 1278 3507 bonorem,
1295 3456 1378 3513 quam
1391 3441 1487 3499 oculus
1500 3456 1556 3498 nou
1570 3440 1637 3499 vidit
1658 3456 1712 3499 nec
1732 3442 1809 3499 auris
1822 3458 1871 3499 au-

117 3548 120 3555 ’
213 3535 343 3609 ipsosque
357 3532 474 3591 diuersis
489 3530 631 3605 suppliciis
646 3530 764 3588 addixit.
785 3528 839 3599 Qut
855 3544 919 3587 curn
935 3544 1019 3585 exer.
1072 3529 1148 3598 divit,
1164 3538 1192 3586 et
1206 3536 1317 3587 caetera.

573 4057 685 4169 DE
717 4054 1161 4168 EPIPHANIA
1204 4053 1504 4169 DOMINI.

250 4380 347 4455 Serge,
363 4381 541 4448 illuminare,
553 4380 739 4447 Hierusalem,
751 4380 817 4454 quio
826 4382 904 4439 venit
913 4382 1010 4440 tooure
1024 4383 1051 4444 D
1100 4384 1137 4439 st
1144 4381 1237 4455 glorio
1247 4381 1364 4439 Domini
1374 4398 1461 4458 saper
1472 4385 1498 4441 te
1508 4387 1572 4441 orto
1581 4386 1635 4442 eri.
1647 4382 1743 4439 Gratia
1753 4384 1864 4441 Domini

217 4474 300 4529 tunm
312 4474 341 4527 et
356 4471 448 4543 glorio
463 4470 580 4527 Domini
592 4486 678 4544 anper
692 4474 719 4527 te
733 4475 797 4529 ortu
810 4474 853 4527 est
868 4469 933 4541 (iao.
945 4472 1007 4543 nx).
1066 4470 1201 4527 claritudo
1216 4470 1408 4528 miraculorum
1423 4477 1451 4529 ct
1464 4472 1597 4529 doctrinae
1611 4472 1711 4529 Christi
1725 4470 1784 4539 luit,
1800 4473 1865 4546 quia

215 4558 314 4616 Sancta
327 4557 466 4626 Ecclesia,
482 4558 631 4629 karissimi,
648 4558 828 4616 ltierosolima
843 4558 1010 4628 nominatur,
1064 4558 1129 4615 hnic
1143 4559 1245 4616 mundo
1259 4557 1400 4630 gloriosus
1412 4568 1439 4615 et
1453 4560 1623 4617 admirabilis
1635 4559 1762 4617 innotuit.
1773 4562 1865 4633 Super

215 4647 288 4721 quod
304 4648 407 4705 dicitur
417 4650 486 4705 cisio
497 4649 587 4721 pacis,
599 4647 801 4720 quianteruem
816 4655 843 4705 et
856 4664 951 4705 veram
966 4665 1013 4720 pa·
1065 4647 1218 4704 Ecclesiam
1240 4655 1298 4704 orla
1312 4654 1354 4703 est
1368 4648 1428 4705 haec
1441 4647 1539 4721 gloria,
1564 4650 1628 4721 quia
1650 4650 1738 4723 signis
1758 4657 1788 4705 et
1811 4649 1864 4707 do·

213 4752 273 4794 cern
288 4738 381 4795 visura
398 4745 450 4804 cst,
474 4737 615 4793 Christum
639 4736 767 4794 videlicet
788 4736 816 4792 in
842 4737 927 4795 coelis.
944 4738 1012 4795 Huic
1064 4737 1159 4792 ctriuis
1175 4736 1274 4791 Christi
1289 4743 1375 4792 tracta
1390 4746 1431 4793 est
1443 4737 1478 4792 ad
1494 4738 1613 4810 gloriam
1633 4738 1670 4795 de
1691 4738 1858 4809 ignominia.

211 4824 239 4882 iu
258 4826 361 4883 mundo
384 4824 531 4881 desideriis
546 4826 651 4895 jacenti
675 4825 793 4882 dicitur:
810 4826 911 4899 Surge,
927 4825 1013 4883 idest
1099 4826 1170 4883 Ecce
1187 4824 1310 4881 teoehroe
1324 4826 1452 4897 operiant
1467 4831 1575 4883 terram
1590 4829 1618 4885 ct
1631 4828 1722 4898 caligo
1743 4829 1863 4899 populor

210 4924 319 4972 terrena
334 4930 469 4987 respuens
483 4914 517 4970 ad
531 4914 656 4971 coelestia
675 4914 828 4986 appetenda
843 4923 870 4971 te
884 4914 1010 4987 subrige,
1066 4913 1169 4983 (thid).
1181 4914 1268 4969 Terra
1281 4922 1393 4969 vocatur
1407 4914 1502 4971 tudes
1515 4931 1576 4988 qnae
1588 4924 1681 4971 aratro
1690 4930 1779 4972 meree
1788 4916 1867 4973 Scri·

211 5014 239 5062 et
253 5013 317 5061 tunc
331 5018 349 5061 a
363 5019 428 5061 vera
449 5003 510 5060 lucc
531 5003 681 5061 merebaris
705 5002 856 5060 illuminari
879 5013 906 5061 et
930 5002 1011 5071 donis
1064 5010 1151 5073 ptura
1174 5009 1234 5057 erat
1254 5010 1339 5058 arata.
1355 5003 1432 5059 lianc
1448 5004 1482 5072 (l0
1495 5004 1529 5059 it
1545 5003 1586 5075 rr)
1597 5004 1723 5075 operient
1739 5004 1865 5063 cenchre

211 5093 327 5167 Spiritus
340 5093 427 5148 sancti
443 5091 586 5149 illustrari.
1064 5098 1240 5161 peccatorum
1256 5099 1283 5146 et
1297 5090 1388 5163 caligo
1408 5090 1574 5147 infidelitatis
1597 5092 1713 5165 populos
1736 5108 1866 5166 mano

248 5182 320 5251 Qoio
333 5183 411 5239 uenit
428 5182 523 5239 iumen
540 5186 632 5249 ioum,
649 5180 784 5250 Christus,
800 5184 878 5252 cnjus
892 5182 1011 5247 pulchri·
1063 5195 1136 5234 rum.
1152 5180 1242 5251 Sopor
1257 5184 1284 5236 te
1299 5192 1398 5236 nucem
1413 5180 1551 5237 Dominus
1566 5184 1660 5237 oritur
1680 5181 1781 5251 (itii),
1798 5184 1865 5253 quia

211 5272 334 5327 tudinem
350 5270 392 5327 sol
414 5278 441 5327 et
464 5270 529 5326 luna
553 5270 688 5325 mirantur
710 5278 736 5326 et
761 5270 790 5325 in
814 5287 894 5343 quem
917 5272 1010 5341 augeli
1063 5284 1114 5339 per
1137 5268 1307 5339 Scriptorum
1321 5275 1349 5323 et
1366 5268 1588 5340 predicationem
1603 5270 1710 5327 cunctis
1732 5268 1866 5327 fidelihus

210 5360 367 5431 prospicere
399 5360 587 5415 desiderantes
615 5360 745 5416 sociando
773 5376 827 5417 non
854 5360 1004 5417 saciantur.
1062 5356 1217 5412 innotescit.

210 5448 264 5513 Qui
279 5457 323 5505 est
335 5449 459 5505 omnium
482 5448 642 5521 angelorum
665 5447 712 5503 lux
732 5457 759 5505 et
779 5449 924 5521 gaudium,
949 5449 1009 5521 ipse
1098 5446 1136 5502 Ει
1147 5445 1238 5517 pierio
1253 5449 1315 5517 ejus
1329 5445 1361 5502 in
1377 5450 1404 5501 te
1417 5446 1556 5503 uidebitur
1570 5447 1674 5518 (thid),
1690 5447 1799 5505 scilicet
1812 5450 1864 5507 nbi

210 5535 284 5592 venit
306 5545 336 5593 nt
358 5537 491 5593 illuminet
513 5552 623 5593 omnem
649 5537 788 5593 homiuem
812 5538 965 5595 venientem
980 5539 1010 5596 in
1061 5555 1119 5596 non
1131 5557 1183 5613 per
1201 5541 1344 5613 speculum
1357 5541 1386 5597 in
1399 5542 1555 5614 enigmate,
1571 5542 1621 5598 sed
1639 5542 1718 5600 sicuti
1732 5548 1779 5602 est
1791 5546 1864 5605 facie

210 5625 425 5683 huncmuudum
440 5626 533 5698 (icoo.
548 5626 580 5697 r).
605 5625 654 5682 llic
669 5626 760 5683 lumen
774 5626 908 5687 Ecclesiae
922 5644 1008 5687 vcca-
1062 5629 1211 5686 adfaciem
1235 5630 1322 5687 Deum
1341 5629 1408 5700 justi
1431 5630 1578 5699 videbunt,
1602 5630 1650 5687 nhi
1672 5650 1687 5687 a
1709 5632 1863 5705 splendore

210 5718 258 5769 tur
272 5711 336 5787 qaia
348 5713 384 5769 ah
398 5728 432 5771 eo
446 5722 476 5771 nt
487 5713 551 5773 luna
565 5730 580 5771 a
594 5712 654 5773 solo
668 5714 831 5773 illustratur.
1062 5716 1195 5779 domin
1215 5718 1275 5791 elus
1294 5716 1437 5789 Busan,
1460 5726 1490 5779 ut
1509 5718 1555 5779 sol
1574 5718 1732 5793 fulgebunt3
1747 5722 1795 5781 uhi
1813 5724 1862 5783 ln·
