3942 6067
82 314 153 375 1³57

403 310 435 370 S.
459 312 690 375 obtrudimus
708 308 1003 372 tremcohttusrs
1021 314 1188 373 suttune.
1204 346 1239 357 —
1257 312 1417 373 uotiua.

1667 318 1739 377 {358

81 458 150 511 sem,
165 441 285 515 quadam
307 438 367 497 rice
384 446 509 512 ternpore
533 442 633 497 liellini
660 441 778 506 abbatis,
798 439 882 497 nobis
896 441 923 503 Α
941 440 1108 511 collaudata,
1125 459 1156 501 ac
1172 443 1211 501 sic
1225 442 1261 499 ad
1276 440 1401 499 effectum
1415 454 1503 513 usqne
1525 441 1666 512 perducta.
1696 446 1738 503 De

82 531 265 604 pratentibus
286 537 314 585 ct
337 538 472 601 quantum
487 531 621 588 Dominus
640 531 715 587 dedit
735 527 884 586 adnitenti-

83 621 145 687 bus,
171 618 321 677 reformata
343 625 386 674 est
413 632 420 673 ι
461 627 592 676 caeterum
620 618 688 675 ordo
714 619 754 674 rei
778 617 886 673 videtur

84 709 200 781 exigere
213 714 243 763 ut
256 707 334 779 prius
357 721 469 763 oausam
484 708 551 774 litis,
566 708 667 764 deinde
681 707 759 778 pacis
772 704 886 762 evolva-

84 814 160 853 mus.
178 794 323 852 Hominem
342 794 435 852 Sancti
454 796 616 854 Theoderici
632 811 713 868 quem
727 795 821 853 dicunt
836 792 886 849 tl-

85 885 193 943 dricum
207 884 297 951 llalct,
313 882 456 941 Gerardus
468 884 551 955 cepit,
567 900 602 943 ac
615 885 663 940 diu
681 882 813 941 carausii
826 882 886 938 dis-

87 973 213 1031 cretione
225 981 363 1038 ceretum,
378 974 489 1029 undem
513 973 609 1031 decem
630 972 712 1029 libris
725 970 824 1027 redimi
838 984 887 1027 co-

87 1064 154 1137 egit.
170 1061 266 1117 hbbas
278 1076 355 1127 rero,
366 1068 393 1117 et
402 1076 453 1132 per
466 1078 507 1127 re.
516 1069 542 1118 et
551 1077 602 1133 per
611 1061 770 1134 episcopum
778 1059 888 1115 undu·

88 1167 212 1217 neusem,
228 1165 279 1221 per
293 1164 344 1205 nos
358 1149 451 1219 etiam,
467 1150 604 1207 hominem
622 1167 701 1207 suum
717 1146 888 1205 rationabili·

87 1246 132 1296 ter
146 1239 289 1312 requisivit
307 1258 314 1303 ;
338 1239 388 1294 sed
413 1255 503 1311 neque
515 1239 617 1308 abbati,
642 1254 732 1309 neque
747 1236 887 1309 episcopo,

938 530 1034 587 decem
1048 531 1124 587 libris
1135 550 1217 605 supra
1231 529 1320 599 dictis,
1336 528 1423 587 abhas
1433 537 1542 587 centum
1557 530 1660 588 solidos
1668 548 1738 591 oon·

939 619 1049 676 donavit
1066 638 1074 685 ;
1096 631 1203 677 centum
1218 636 1286 678 vero
1299 620 1352 676 hac
1365 618 1521 675 conditione
1536 620 1656 693 retinuit,
1672 622 1739 677 utai

940 706 1011 764 torte
1025 708 1172 781 aliquando
1185 724 1281 782 pacem
1290 708 1425 765 adversus
1441 706 1584 764 ecclesiam
1598 707 1739 766 Gerendus

939 795 967 850 iu
982 794 1073 868 aliquo
1089 797 1212 870 fregerit,
1235 806 1297 870 post
1321 797 1420 853 iactam
1436 796 1665 854 submonitionem
1684 796 1740 857 nisi

940 884 1011 941 iufra
1035 886 1189 958 quindecim
1210 886 1269 945 dies
1292 884 1465 952 satisfecerit,
1490 893 1516 943 et
1538 885 1667 943 damnum
1690 902 1738 943 rc-

940 973 1069 1041 atituerit,
1089 976 1179 1031 statim
1202 976 1262 1032 sine
1288 974 1491 1040 reclamatione,
1519 973 1578 1031 sine
1603 984 1739 1033 retracta·

940 1062 1024 1129 tionc,
1041 1062 1130 1119 eidem
1150 1064 1193 1121 cui
1209 1080 1282 1121 nunc
1303 1060 1462 1134 subjacebat
1478 1063 1741 1121 excommunicatio-

941 1150 984 1205 nis
998 1152 1139 1207 sententie
1155 1160 1210 1207 tem
1233 1152 1293 1224 ipsc
1317 1166 1398 1224 quam
1412 1150 1511 1207 domus
1527 1152 1585 1221 ejus
1601 1160 1656 1209 tota
1670 1154 1739 1209 sub-

939 1239 1040 1307 jacebit
1055 1240 1143 1298 donec
1158 1256 1218 1297 cum
1233 1241 1335 1296 recenti
1357 1239 1455 1296 damno
1469 1247 1495 1295 et
1510 1240 1559 1295 hos
1570 1250 1678 1297 centum
1693 1256 1741 1297 so-

87 1327 277 1401 nequenobis,
293 1326 435 1383 Gerardus
450 1344 512 1383 eum
527 1327 644 1384 reddere
659 1327 703 1384 rel
718 1340 890 1383 recommen-
942 1328 1014 1385 lidos
1028 1328 1190 1385 restituerit.
1210 1330 1322 1385 Terram
1341 1345 1403 1401 quae
1421 1326 1471 1385 tuit
1484 1328 1585 1403 pagani
1597 1334 1742 1387 hstamor-

87 1418 154 1477 dare
165 1417 268 1473 uoluit.
288 1416 364 1475 Unde
377 1424 403 1472 et
418 1416 452 1471 ab
468 1417 599 1489 episcopo
613 1417 693 1487 cujus
705 1415 890 1488 parochianus
943 1417 984 1473 sel
998 1426 1024 1475 et
1039 1416 1142 1475 Odardi
1168 1419 1246 1477 Cervi
1260 1418 1401 1491 guirpivit,
1424 1426 1451 1473 et
1470 1434 1500 1473 se
1520 1416 1619 1475 amodo
1647 1428 1744 1477 contra

89 1513 157 1574 erat,
183 1504 320 1564 sententia
344 1506 635 1562 excommunicationis
653 1506 681 1560 in
696 1504 790 1577 ipsum
804 1511 832 1559 et
844 1510 890 1558 to·
943 1522 1040 1563 omues
1055 1507 1180 1564 ecclesie
1193 1506 1365 1580 guarandum
1381 1505 1442 1563 lore
1454 1506 1623 1578 repromisit.
1653 1506 1724 1564 Guio

88 1603 144 1651 tarn
158 1596 217 1662 ejus
230 1595 342 1650 domum
353 1595 462 1665 prolata
477 1601 529 1663 est,
545 1602 600 1650 ete
617 1593 699 1649 nobis
714 1592 891 1651 nihilominus
943 1595 1075 1669 unguium
1091 1596 1158 1651 illud
1172 1595 1290 1667 amplius
1304 1610 1359 1651 non
1374 1594 1500 1666 accipiet,
1516 1603 1542 1650 et
1559 1594 1595 1650 de
1616 1611 1649 1652 eo
1671 1612 1745 1669 quos

88 1682 264 1742 confirmate.
282 1684 420 1739 Praetcrea
433 1682 580 1755 quemdem
591 1690 692 1738 terram
702 1682 785 1737 hahet
797 1680 890 1739 eccle·
942 1692 1088 1755 acceperet
1102 1699 1144 1741 arr
1159 1700 1286 1741 nummos
1300 1682 1429 1739 reddidit.
1458 1682 1500 1739 De
1520 1682 1600 1740 vinea
1612 1684 1745 1755 predicta

88 1771 131 1829 sia
145 1770 218 1844 apud
231 1770 343 1843 hlelphi,
357 1770 462 1829 scilicet
472 1787 533 1844 quae
546 1769 596 1827 icit
606 1770 709 1843 pagani
724 1771 890 1826 Hastamor·
904 1790 932 1853 B
946 1772 1038 1831 vinum
1051 1789 1106 1829 non
1121 1772 1225 1847 eriget.
1243 1772 1376 1829 scabinos
1389 1771 1528 1843 deposuit.
1547 1772 1588 1829 De
1603 1770 1746 1831 torculari·

89 1860 131 1917 sel
145 1868 171 1917 et
186 1859 292 1917 Odardi
305 1858 405 1929 Cerri3
420 1859 457 1916 de
470 1875 534 1931 qua,
545 1860 620 1931 quod
634 1860 669 1915 de
682 1858 764 1915 teudo
778 1872 831 1915 suo
843 1874 893 1915 es·
947 1862 997 1917 bus
1011 1878 1076 1935 quae
1089 1878 1199 1919 cessare
1213 1870 1352 1933 coegerat,
1368 1876 1492 1917 errorem
1509 1876 1588 1915 suum
1606 1871 1746 1933 recogno·

91 1957 143 2015 set,
160 1948 302 2005 Gerendus
317 1948 452 2004 asseruit:
475 1956 502 2003 et
515 1948 578 2003 ideo
593 1964 654 2004 eam
669 1947 714 2003 vel
727 1962 804 2003 suam
818 1963 890 2014 esse,
945 1950 996 2016 rit,
1011 1966 1062 2022 pro
1076 1959 1152 2007 certo
1180 1964 1385 2023 recognoscens
1409 1948 1482 2022 quod
1504 1948 1532 2005 in
1555 1956 1628 2007 terre
1655 1947 1747 2007 Sancti

91 2036 136 2095 tel
149 2036 184 2093 ab
198 2037 258 2109 ipso
282 2036 383 2093 debere
403 2037 491 2093 teneri
513 2037 662 2093 contendit.
687 2036 716 2092 ln
732 2043 804 2092 terra
816 2043 843 2091 et
858 2036 892 2093 de
945 2038 1107 2095 Theoderici
1122 2052 1183 2111 quae
1198 2042 1241 2095 est
1256 2038 1328 2110 apud
1342 2037 1447 2095 Chelon
1461 2036 1528 2093 nihil
1541 2038 1611 2107 juris
1620 2037 1744 2107 heberet,

90 2134 166 2183 terre
179 2124 333 2183 ecclesiast
347 2125 546 2182 mercatoribus
560 2124 615 2181 vini
630 2125 807 2199 guionagium
821 2124 892 2180 duo·
946 2127 1119 2201 adeptusque
1138 2126 1245 2183 veniam
1259 2127 1294 2185 de
1309 2125 1454 2198 praeteritis
1468 2141 1499 2183 se
1513 2141 1530 2180 u
1545 2126 1628 2183 modo
1641 2124 1745 2182 nullam

90 2214 143 2271 bus
166 2213 249 2271 annia
263 2212 397 2271 violenter
421 2215 548 2271 extorsit.
577 2215 619 2270 lle
632 2214 713 2271 vinea
734 2213 893 2285 quadamin
946 2214 1208 2282 contradictionem,
1237 2215 1397 2287 nullumque
1432 2229 1546 2286 prorsus
1581 2213 1748 2285 impedimen

90 2302 261 2370 chocheriis,
290 2319 352 2374 quae
373 2302 425 2357 luit
448 2302 572 2371 lleberti,
596 2301 648 2357 sibi
672 2302 789 2375 singulis
814 2300 893 2357 annia
947 2304 1021 2375 (ric),
1038 2304 1073 2359 ad
1088 2302 1383 2377 torculariepraedicta
1397 2301 1582 2370 venientibus,
1597 2301 1746 2371 illeturcm,

92 2391 148 2448 vini
169 2390 313 2447 dimidium
336 2390 459 2447 modium
473 2390 568 2447 deberi
584 2390 665 2445 dixit.
693 2389 773 2463 Apud
787 2388 893 2445 Chalou
948 2388 1047 2445 devote
1061 2387 1198 2459 pollicitus
1217 2395 1271 2443 est.
1303 2388 1359 2443 Ista
1374 2386 1546 2459 compositio,
1563 2386 1630 2443 sicut
1646 2386 1747 2457 praedi·

90 2480 221 2536 scabinos
235 2478 283 2553 qui
296 2480 324 2535 iu
339 2479 447 2551 placitis
456 2479 516 2534 suis
525 2479 626 2549 judicia
640 2478 771 2545 iacerent,
796 2486 893 2535 contra
948 2476 1050 2542 aimus,
1066 2475 1163 2531 Remis
1188 2475 1216 2531 in
1239 2476 1390 2547 praeseutia
1403 2476 1499 2545 nostri,
1516 2489 1611 2531 curant
1621 2474 1747 2543 testibus,

89 2568 144 2625 loci
158 2567 382 2627 cousuetudinem
399 2585 406 2631 ;
427 2567 534 2624 noviter
548 2565 675 2623 instituit.
690 2564 851 2623 Torcularia
865 2566 893 2620 in
948 2564 993 2635 qui
1007 2562 1076 2633 inira
1097 2564 1272 2629 adnotantur,
1295 2564 1475 2619 determinata
1490 2570 1541 2630 est,
1566 2570 1593 2619 et
1608 2570 1705 2635 postea
1720 2562 1749 2619 in

91 2658 192 2715 eadem
206 2657 281 2723 villa,
298 2656 324 2711 in
340 2664 411 2713 terra
426 2656 549 2729 propria,
564 2650 706 2711 utrumvel
721 2654 892 2727 pluraadli-
946 2652 1066 2723 capitulo
1087 2652 1179 2709 Sancti
1202 2652 1377 2720 Theoderici,
1401 2651 1526 2708 Gerardo
1554 2659 1691 2722 praesente
1721 2658 1749 2707 et

91 2745 287 2814 bituminum,
313 2744 431 2801 ecclesia
454 2744 623 2817 abantiquo
647 2742 893 2816 solideetquietae
947 2740 1148 2796 absolutionem
1171 2740 1310 2796 humiliter
1323 2740 1487 2812 postulante,
1518 2754 1612 2797 coram
1632 2738 1749 2795 testibus
1782 2733 1787 2737 ’

92 2834 156 2905 (ric)
170 2833 276 2889 babuit.
295 2834 339 2889 tu
354 2834 413 2889 haec
427 2841 519 2889 tamen
529 2848 564 2889 ue
576 2834 641 2904 quis
655 2848 735 2888 causa
751 2830 894 2903 premendi
947 2828 995 2903 qui
1010 2837 1037 2885 et
1048 2830 1100 2901 ipsi
1115 2844 1165 2901 per
1180 2844 1210 2885 se
1224 2826 1337 2886 iuferius
1351 2828 1524 2897 adnotantur,
1540 2828 1666 2886 recitata.
1686 2825 1748 2886 Odo

91 2924 246 2990 accederet,
262 2921 309 2977 ille
323 2920 473 2995 prohibuit.
487 2921 579 2993 Super
592 2921 635 2975 his
648 2920 741 2993 igitur,
758 2921 827 2977 inter
840 2921 893 2975 ab·
946 2918 1032 2973 abbas
1057 2916 1149 2975 Sancti
1177 2918 1297 2991 Remigii
1317 2935 1324 2973 ι
1354 2917 1505 2975 Gervasius
1532 2925 1638 2985 cantor,
1665 2916 1745 2986 boso,

92 3011 183 3067 batem
198 3019 225 3067 ct
239 3010 328 3082 ipsum
343 3009 502 3081 aliquandiu
512 3009 585 3065 stetit
599 3008 748 3076 altercatio,
765 3008 829 3065 dum
845 3008 893 3063 ab·
948 3006 1048 3073 Gnido,
1064 3006 1190 3079 hogerus
1209 3007 1244 3062 de
1268 3004 1397 3075 Castello,
1416 3006 1498 3080 Hugo
1520 3006 1654 3077 Cossiars,
1671 3006 1748 3062 Tho-

91 3099 143 3155 bes
156 3098 326 3155 audientiam
339 3105 486 3170 quaereret,
510 3099 641 3171 adquam
665 3096 714 3153 ille
737 3097 832 3154 venire
847 3112 893 3153 re·
908 3146 933 3211 G
948 3109 1009 3152 mes
1022 3096 1058 3152 de
1072 3094 1184 3165 lichnis,
1200 3096 1280 3170 lingo
1295 3096 1330 3153 de
1344 3096 1449 3165 blenau,
1466 3096 1580 3168 llelyas.

91 3188 215 3245 cusabat.
237 3186 359 3242 Tandem
374 3194 474 3256 autem,
494 3186 612 3243 Domino
626 3186 774 3256 adjuvaute
794 3193 822 3242 et
835 3195 893 3241 stu·
982 3186 1080 3241 Testes
1093 3184 1129 3240 de
1143 3184 1283 3256 capitulo:

91 3277 145 3333 diis
158 3276 260 3332 nostris
275 3282 449 3347 cooperante,
478 3277 560 3331 ambo
583 3276 612 3331 iu
636 3274 744 3332 curiam
771 3281 893 3331 nostram
982 3273 1111 3331 Guiricus
1145 3274 1276 3340 decanus,
1303 3274 1416 3346 llclyaa,
1444 3270 1572 3340 Ohertus,
1604 3272 1683 3344 liugo
1710 3270 1746 3329 de

90 3364 170 3438 pacis
193 3364 285 3437 gratia
307 3363 368 3437 pari
391 3379 505 3421 assensu
529 3380 705 3422 convenere:
731 3364 779 3419 ubi
797 3379 847 3435 per
860 3379 892 3419 os
946 3362 1205 3434 transamundus
1228 3362 1344 3430 Linotet,
1374 3361 1503 3419 Odardus
1517 3361 1650 3429 Hairicus,
1671 3360 1745 3417 The-

91 3453 187 3510 domni
202 3453 330 3527 llugonis
346 3452 480 3523 cossiart,
504 3453 666 3526 compositio
687 3469 748 3525 que
771 3451 893 3525 sequitur
947 3453 1043 3509 baldus
1054 3451 1237 3523 Guichardus,
1261 3452 1408 3521 liebertus,
1434 3452 1556 3515 Encldus
1571 3446 1606 3509 dc
1632 3448 1743 3523 llelplri

91 3551 185 3615 aperte
198 3558 295 3601 coram
308 3541 436 3599 omnihus
451 3546 493 3598 est
507 3541 697 3613 determinato,
713 3548 740 3597 et
764 3541 892 3614 utrinque
948 3542 1059 3599 Pontius
1074 3541 1110 3599 dc
1123 3541 1203 3612 Tilie,
1217 3540 1359 3599 Nicolaus.

22 3776 29 3785 ,
90 3734 1741 3778 Μ

734 3896 813 3940 tutto
830 3898 931 3949 bottrru
947 3896 1099 3941 ssfflXVll.

574 4072 644 4225 S.
676 4066 1265 4226 OLDEGARIUS

385 4328 914 4437 uiuuaconuusrs
941 4326 1441 4435 tuururrsuorus

770 4750 1067 4864 NOTITIA

524 5012 675 5084 (hrtromo,
690 5010 868 5071 Bibliotheca
879 5013 1007 5088 hispana
1021 5018 1112 5085 uetus,
1128 5020 1147 5075 t.
1165 5012 1202 5089 ll,
1215 5030 1247 5089 p.
1266 5014 1322 5087 10.)

133 5406 168 5464 tt.
187 5404 362 5533 oldffij'm’
378 5404 425 5478 qui
438 5405 647 5464 Barcinonensis
659 5408 751 5476 domo,
776 5417 855 5466 natus
870 5423 942 5465 auno
957 5408 1037 5475 106⁰,
1051 5408 1234 5481 patriarchis
1250 5406 1300 5463 luit
1318 5406 1464 5480 episcopus
1478 5406 1530 5481 (t),
1552 5413 1634 5482 atque
1649 5408 1749 5467 eodem

99 5487 223 5551 tempore
287 5487 356 5551 quot
377 5479 456 5534 annis
471 5477 684 5535 Tarraconensis
709 5480 942 5553 archiepiscopus,
964 5480 1130 5554 tandemque
1153 5480 1297 5537 sanctitate
1320 5488 1347 5536 ct
1360 5478 1501 5536 miraculis
1527 5479 1654 5553 inclytus,
1682 5480 1750 5538 obiit

99 5559 178 5607 serta
191 5550 236 5605 die
252 5548 341 5605 blartii
355 5548 436 5621 1136,
453 5550 540 5605 etatis
554 5566 611 5606 suae
626 5566 724 5607 nxavr.

134 5673 174 5745 (1)
189 5671 331 5746 Oldegerii
354 5672 444 5730 Vitam
466 5688 538 5730 anno
559 5674 627 5729 troo
647 5671 732 5730 edidit
752 5673 795 5730 Cl.
823 5674 894 5732 llat-
908 5676 936 5740 D
949 5677 1023 5749 apud
1037 5678 1168 5734 loannem
1178 5674 1457 5734 NadelinNomirrr'b.
1471 5676 1747 5749 ctrtctirepiscopor.

99 5762 186 5819 thuna
199 5762 389 5833 hymericbut,
410 5762 516 5821 amicus
529 5761 594 5821 olim
617 5769 721 5835 noster,
747 5763 896 5823 barcinone
950 5764 1118 5839 Barcinos,
1140 5780 1240 5839 apag.
1263 5767 1326 5837 318,
1350 5764 1536 5841 ignoscendus
1565 5764 1618 5823 sub
1644 5764 1748 5821 initium
