3942 6067
240 269 289 335 ott

564 276 716 338 rsouunu
736 272 991 339 tuenstoauu.
1013 266 1094 335 aar.
1116 266 1209 339 ants
1225 280 1263 337 u.
1285 312 1321 323 -
1339 278 1541 340 utrunetcn.

1822 284 1881 343 ιιι

227 401 350 459 ultimum
363 402 492 473 judicium
508 403 678 459 terminatur.
695 406 725 457 tn
740 408 889 460 cumetura
904 410 945 458 est
959 399 1026 459 serl-
1040 402 1070 467 A
1084 404 1227 478 excipitur,
1242 413 1269 462 et
1283 417 1333 477 per
1346 406 1398 462 hoc
1413 401 1515 477 ipsein
1530 406 1651 463 cinerem
1665 406 1764 479 redigi,
1777 416 1804 464 et
1819 409 1881 481 plo-

228 498 303 560 ptum
314 510 320 545 :
331 488 403 549 Dum
417 492 507 549 troius
517 492 825 564 [pertransiturum
836 488 1027 548 recordaberis

226 576 338 649 (deboc.
355 595 400 645 ηις
421 580 480 637 Τοι.
497 581 554 649 ιιι);
580 594 614 635 ne
629 578 664 635 ob
679 580 787 652 culpare
802 576 898 653 gregis
913 586 1027 651 superet

226 668 263 723 ita
278 675 396 724 mentem
417 667 552 739 pastoris,
569 669 618 725 sed
633 670 718 725 verbo
734 677 760 725 et
774 666 900 739 exemplu
915 675 1026 724 revecat

225 764 370 829 peccantes
385 754 420 811 ad
435 752 652 811 misericordiam
667 756 868 829 Redemptoris.
887 756 916 811 in
932 756 1025 827 spba-

226 845 286 899 ruia
296 842 573 915 estsc1·iptum,homo
583 856 725 918 quotenus
735 844 915 902 retrusissem
926 859 1026 900 memo·

224 936 315 1000 retur,
332 940 360 988 ut
383 932 418 989 de
440 938 575 1005 potestate
596 932 696 990 collata
720 943 775 989 non
796 930 928 989 elevetur.
944 933 1025 987 inam

223 1020 323 1075 ferrum
340 1026 381 1077 est
395 1020 527 1093 scripturn
538 1018 637 1089 Parce,
650 1028 679 1075 ut
691 1021 821 1091 subjectis
836 1020 864 1075 in
880 1018 1026 1091 disciplina

222 1114 328 1181 parcet,
346 1118 481 1179 quatenus
496 1110 556 1181 ipse
571 1121 586 1163 a
601 1120 707 1165 summu
722 1117 831 1180 pastore
853 1108 966 1180 gratiam
979 1106 1025 1162 ih-

222 1196 330 1261 veniat,
346 1197 418 1253 unde
434 1204 460 1253 et
475 1196 578 1252 terrum
602 1196 685 1253 debet
709 1210 773 1253 esse
798 1203 935 1265 retusum,
959 1192 1025 1268 qula

218 1284 352 1353 iudicium
363 1285 513 1342 sacerdotis
528 1302 577 1359 per
591 1284 766 1342 clementiam
781 1283 865 1343 dehet
879 1298 942 1341 esse
955 1282 1024 1341 deh-

221 1374 327 1431 butum.

287 1481 352 1536 Car.
370 1480 491 1537 ccxxt.
508 1511 542 1522 -
559 1482 595 1537 ue
610 1486 716 1539 ornatu
727 1481 946 1555 archiepiscopi.

256 1586 304 1642 His
321 1585 476 1658 insignibus
498 1586 725 1659 archiepiscopus
747 1588 848 1659 fulget,
865 1586 978 1657 insuper
994 1592 1024 1641 et

1081 491 1120 549 ria
1132 502 1244 552 ernuua
1258 496 1318 565 ejus
1332 495 1361 549 in
1374 493 1493 551 inritam
1508 495 1629 552 ccnrerh
1643 497 1815 556 admonetur.

1081 616 1148 672 Car.
1161 615 1305 675 ccxxiv,
1314 615 1393 674 ——De
1401 633 1505 674 corona
1519 620 1738 691 imperatoriaet
1748 620 1880 690 depasti.

1116 724 1221 783 Corona
1248 722 1424 795 imperatorie
1450 731 1492 780 est
1512 724 1630 781 circulus
1663 722 1750 781 orbis.
1786 725 1882 780 Portat

1080 828 1151 887 ergo
1171 816 1312 885 augustus
1332 829 1483 879 coronam,
1503 811 1567 885 quia
1588 812 1709 869 declarat
1729 825 1759 868 se
1782 825 1882 888 regere

1079 901 1174 958 mundi
1188 900 1383 958 monarchiam.
1400 900 1510 959 Οοιοιιι
1522 913 1630 975 quoque
1644 898 1744 959 dicitur
1753 901 1881 967 victoria,

1079 989 1152 1047 unde
1166 996 1194 1044 et
1208 989 1325 1045 virtores
1346 990 1556 1057 coronabantur,
1581 993 1609 1047 et
1632 990 1745 1062 Augusti
1761 992 1882 1061 victores

1077 1078 1151 1134 orbis
1165 1077 1337 1135 dicebantur.
1351 1080 1439 1134 Arcus
1454 1095 1537 1149 sapor
1552 1093 1681 1135 coronam
1697 1087 1835 1145 curvatur,
1847 1090 1883 1133 eo

1078 1166 1153 1239 quad
1176 1165 1305 1225 Oceanus
1329 1166 1461 1221 muudum
1482 1164 1604 1224 diuidere
1629 1176 1767 1225 narratur.
1799 1170 1882 1239 i'trpa

1077 1256 1185 1329 sceptri
1209 1262 1251 1311 est
1273 1263 1395 1327 potestas
1409 1256 1500 1329 regni.
1525 1254 1622 1312 Vestes
1644 1251 1801 1328 imperiales
1815 1264 1882 1311 suut

1077 1343 1131 1399 eibi
1144 1342 1261 1401 subdita
1275 1352 1436 1417 potestates.
1456 1342 1566 1401 blonent
1580 1350 1669 1399 autem
1684 1345 1880 1417 imperatorem

1076 1448 1224 1505 purpureae
1247 1435 1347 1503 cester,
1372 1441 1400 1487 ut
1423 1432 1521 1489 haheat
1541 1431 1707 1505 principales
1729 1434 1843 1491 uirtutes
1870 1452 1877 1487 :

1077 1525 1230 1600 sceptrum,
1241 1529 1272 1577 ut
1282 1521 1416 1594 judicium
1428 1530 1454 1577 et
1466 1520 1596 1591 justitiam
1612 1520 1718 1595 diligat,
1741 1528 1879 1594 quatenus

1076 1608 1177 1666 solium
1192 1610 1288 1682 gloriae
1303 1626 1368 1669 cunt
1387 1608 1556 1683 principibus
1571 1610 1633 1667 coeli
1652 1608 1791 1683 possideat
1805 1625 1811 1664 z
1827 1628 1877 1667 co-

219 1672 302 1745 pallio
318 1673 412 1747 pollet,
423 1682 452 1729 ut
462 1690 492 1729 se
503 1670 602 1730 Christi
611 1675 769 1747 passionem
778 1672 880 1748 pupulo
890 1670 1022 1745 praeferre
1075 1714 1158 1766 ΝΜ
1169 1706 1199 1755 ω
1215 1698 1255 1755 350
1268 1698 1353 1769 vivat,
1370 1707 1502 1771 quatenus
1516 1714 1532 1753 a
1547 1698 1620 1772 Rege
1634 1715 1730 1772 regum
1745 1714 1876 1756 coronam

219 1760 405 1817 demonstret.
425 1760 454 1817 ln
469 1762 574 1818 duabus
598 1764 699 1835 quippe
723 1762 804 1820 lineis
827 1761 903 1835 pallii
916 1770 979 1818 aute
993 1766 1021 1816 et

219 1858 291 1906 retro
306 1858 347 1906 est
359 1858 528 1922 purpureum
544 1858 643 1907 sancte
658 1852 747 1909 c'rucis
763 1848 1021 1924 signandumque

219 1936 340 2009 pontifex
357 1953 389 1993 ex
405 1942 523 2009 utraque
536 1938 598 2013 lege
612 1934 694 1995 debet
708 1938 833 2011 prolerre
848 1938 946 1994 Christi
960 1949 1021 2009 pae-

217 2026 302 2081 sionis
324 2024 521 2083 testimonium.
546 2026 611 2083 Dua
631 2026 703 2083 enim
719 2026 798 2083 tinea
811 2023 1018 2099 propendentes

1076 1788 1139 1843 ritae
1152 1787 1282 1858 accipiet.
1310 1786 1414 1843 Dicitur
1437 1787 1511 1859 quod
1534 1789 1658 1861 Augusto
1675 1786 1710 1843 ab
1723 1788 1878 1861 apostolico

1075 1882 1206 1931 coronato
1220 1883 1247 1929 et
1261 1874 1401 1947 regalibus
1416 1874 1585 1930 indumentis
1600 1875 1739 1945 decorato,
1754 1873 1879 1947 desuper

1073 1979 1144 2035 perc
1158 1962 1324 2033 imponatur,
1339 1971 1369 2019 ut
1381 1970 1432 2035 per
1444 1964 1498 2020 hoc
1511 1962 1700 2031 admoneatur,
1717 1964 1782 2036 quia
1803 1965 1876 2020 sicut

1075 2052 1111 2107 ad
1124 2050 1263 2125 fastigium
1284 2052 1365 2124 regni
1385 2051 1527 2122 aseendit,
1550 2052 1590 2107 ita
1611 2052 1645 2108 ud
1668 2052 1874 2108 mendicitatem

216 2120 278 2171 sunt
293 2114 353 2171 duae
368 2112 446 2191 leges
458 2110 558 2170 Christi
572 2114 729 2187 passionem
743 2114 926 2187 proterentes.
1073 2152 1148 2211 pem
1163 2139 1330 2197 descendere
1341 2139 1440 2211 pessit,
1451 2140 1520 2199 siem
1532 2139 1728 2206 Diocletianae,
1740 2140 1787 2212 qai
1796 2142 1875 2211 prius

1073 2231 1214 2303 Augustus
1227 2224 1286 2296 luit,
1301 2228 1475 2300 postmodum
1489 2229 1650 2286 hortalanus
1664 2228 1775 2285 εκειιιιι.
1792 2228 1874 2286 Cm

285 2256 352 2311 Car.
369 2254 504 2311 CCXhtt.
520 2284 554 2297 -·
567 2257 607 2313 ite
618 2256 710 2327 petino
723 2255 940 2327 orobapruopc.
1073 2324 1135 2373 ame
1150 2320 1304 2391 Augustum
1315 2324 1448 2389 ponatur,
1461 2325 1489 2372 ut
1507 2318 1536 2373 in
1548 2318 1678 2375 omnibu,
1690 2318 1785 2391 reg-em
1795 2317 1875 2375 Chri.

151 2397 154 2404 ι
250 2356 769 2434 Sptnnte,qubuspntttunaffigttur‚
787 2359 1018 2432 suataieriqul·
1059 2401 1098 2460 ‘st
1119 2416 1172 2460 ms
1244 2413 1252 2461 l

213 2448 265 2505 bus
288 2462 389 2521 eorpus
412 2449 516 2505 Christi
543 2450 620 2506 crunt
641 2448 796 2523 configitur.
812 2449 945 2516 mentua
962 2464 1017 2521 quo
1101 2423 1116 2460 ⁰
1174 2422 1242 2479 “³¹¹³
1255 2422 1296 2462 Ἦ·

213 2537 337 2611 posttea
352 2539 426 2595 eirca
438 2538 538 2595 cottam
560 2538 753 2607 aasumensi,
769 2546 811 2595 aa
829 2544 942 2609 torques
964 2549 1016 2592 aa·
1160 2521 1225 2577 Car·
1242 2520 1373 2577 CCXXV·
1390 2553 1423 2561 -
1439 2522 1653 2582 corturiaco
1669 2540 1776 2597 aarum·

215 2642 287 2696 rem,
302 2628 349 2699 qui
364 2626 485 2701 legitime
499 2626 667 2683 certantibus
681 2628 708 2682 iu
722 2626 835 2699 praemio
850 2627 941 2681 datur.
959 2626 1015 2683 ite·
1106 2626 1243 2685 masma
1254 2635 1344 2683 autem
1359 2644 1456 2701 regum
1471 2628 1598 2701 designat
1621 2632 1702 2704 regni
1729 2629 1872 2697 ambitum,

217 2728 269 2783 qua
284 2711 397 2783 pallium
413 2718 505 2769 monet
519 2710 674 2782 puntilicatu
690 2710 761 2767 ferre
775 2710 903 2768 vitiorum
918 2710 1016 2767 morti·
1070 2723 1099 2771 et
1113 2727 1209 2774 omnoe
1218 2716 1271 2788 qui
1285 2716 1313 2771 in
1323 2732 1413 2789 egone
1427 2718 1630 2774 contendebant
1644 2719 1770 2778 diadeum
1793 2719 1870 2777 acui-

214 2794 380 2869 freutionettt,
391 2810 490 2855 cruces
499 2800 585 2871 pallii,
598 2800 625 2854 in
636 2807 729 2855 mente
744 2806 771 2853 et
785 2814 907 2869 corpore
916 2797 1017 2856 Christi
1070 2805 1195 2875 piabant.
1218 2805 1308 2861 innuit
1322 2820 1391 2879 ergo
1404 2805 1518 2879 regibus
1532 2806 1677 2875 diadema,
1692 2807 1806 2879 quodsi
1820 2822 1872 2879 pro

215 2887 314 2943 imitari
328 2887 501 2958 passionem3
516 2888 576 2943 bun
592 2886 681 2953 tinea,
698 2895 727 2943 ut
742 2887 765 2941 si
779 2886 884 2943 duabus
907 2885 1016 2958 tegibus
1067 2892 1172 2962 iustide
1184 2894 1358 2959 necaverint,
1374 2909 1438 2951 cum
1453 2909 1519 2965 repe
1533 2896 1654 2951 omnium
1678 2893 1803 2952 coronati
1826 2911 1872 2951 re·

210 2990 261 3045 per
276 2975 368 3031 omnia
383 2976 530 3031 instructus
544 2993 551 3043 ;
574 2974 699 3039 spinatae,
716 2982 745 3030 ut
758 2990 809 3045 par
823 2974 948 3031 amorem
964 2974 1016 3031 Dei
1069 2978 1205 3050 tuebunt.
1224 2978 1290 3035 uec
1313 2994 1380 3035 uero
1402 2978 1504 3050 regalia
1518 2977 1638 3053 insignia
1652 2995 1667 3035 a
1683 2979 1754 3036 Nino
1770 2980 1868 3051 primo

211 3062 245 3117 sit
268 3063 371 3121 munde
394 3064 561 3127 cruciilxuas
581 3062 708 3131 circulus,
724 3070 755 3117 ut
767 3062 807 3118 sic
821 3078 942 3135 praeesse
957 3070 1015 3118 stu·

210 3151 282 3221 deut,
299 3160 330 3207 ut
344 3158 470 3223 torquem
485 3166 594 3207 curonae
609 3150 671 3207 ritae
684 3150 826 3224 percipiat.
848 3152 884 3207 Et
906 3152 968 3225 quia
982 3152 1011 3207 in

211 3233 295 3311 pallio
321 3242 397 3291 tanta
424 3230 506 3290 latent
535 3234 680 3307 mysteria,
705 3234 767 3291 ideo
792 3241 912 3307 portatur
939 3234 1011 3292 inter

211 3318 312 3377 Christi
327 3316 472 3375 sacrificia.
494 3314 569 3375 Unde
586 3318 668 3374 etiam
691 3328 761 3375 erunt
784 3328 846 3375 ante
872 3317 1010 3392 archiepi-

212 3423 324 3480 scopum
337 3414 469 3478 portatur,
488 3414 623 3477 quatenus
639 3404 776 3463 Christum
795 3402 952 3465 crucifixum
968 3418 1012 3463 aa·

208 3497 255 3569 qui
274 3496 463 3561 admonentur.
494 3502 523 3551 ut
551 3508 681 3553 eoronam
710 3494 805 3571 glorias
831 3494 1008 3568 adipiscatur.

207 3584 321 3641 Palliurn
337 3600 403 3641 vero
424 3600 475 3657 pro
498 3600 580 3641 aurea
605 3584 706 3640 lamina
731 3592 773 3639 est
797 3585 959 3653 institutum,
981 3585 1011 3640 in

103 3694 104 3697 ¹
206 3690 261 3747 quta
276 3690 398 3729 summus
413 3673 536 3746 pontifex
550 3672 578 3729 in
592 3672 655 3745 lege
670 3671 719 3729 net
734 3684 833 3729 nomen
849 3681 1011 3747 tetragram-

205 3766 308 3825 maton,
325 3758 352 3814 id
367 3763 408 3814 est
423 3766 543 3831 quatuor
564 3757 667 3813 litteras
687 3756 715 3812 in
739 3754 828 3813 leonte
844 3770 894 3813 aue
908 3758 1009 3829 praia-

205 3844 286 3902 rcbat
300 3846 473 3920 inscriptum.
503 3846 627 3916 Quatuor
639 3845 741 3919 quippe
754 3843 850 3902 littarae
866 3844 937 3902 illius
955 3861 1009 3902 no·

204 3935 285 3993 minis
300 3944 416 4007 quatuor
428 3946 529 3993 cornua
549 3934 638 3991 crucis
662 3934 1010 4006 praemonstrabant‚·sicut

204 4039 277 4079 nunc
291 4022 405 4095 pallium
428 4023 519 4081 crucis
542 4024 655 4078 modum
682 4028 873 4095 representat.
893 4022 930 4078 Et
944 4018 1010 4095 qula

204 4112 263 4169 hese
277 4112 378 4168 lamina
391 4128 473 4168 aurea
489 4126 551 4167 curn
566 4110 656 4166 torma
676 4108 763 4167 erucis
788 4111 816 4165 in
837 4110 926 4167 fronte
939 4126 1007 4183 pon-

205 4199 284 4255 tilicis
294 4196 464 4271 portabatur,
480 4197 544 4254 ideo
559 4198 681 4269 pretiosa
695 4211 762 4253 crux
778 4192 911 4253 frontibus
926 4196 1007 4255 Chri-

205 4286 354 4343 stianotum
379 4286 531 4343 chrismate
556 4285 692 4357 impressa
716 4292 851 4357 portatur.
879 4288 1006 4345 Petilium

207 4384 298 4431 autem
312 4392 327 4429 a
342 4374 401 4429 solo
417 4374 568 4447 apostolico
582 4372 672 4441 datur,
689 4370 750 4446 quia
765 4374 823 4431 brec
847 4374 964 4449 dignitas
988 4393 1004 4432 a

1070 3066 1214 3125 traduntur
1227 3066 1351 3125 moena.

1066 3186 1366 3246 Car.CCXthl.-bo
1373 3190 1495 3246 mettius
1509 3190 1710 3246 memborum
1718 3190 1871 3260 tctorbrts

1406 3279 1528 3349 omem„

1100 3367 1231 3424 bfinistris
1250 3366 1390 3425 miecioris
1413 3367 1536 3442 ordinis.
1555 3366 1660 3425 scilicet
1674 3366 1809 3433 ostiariis,
1823 3367 1870 3423 le-

1066 3458 1197 3525 acribus,
1209 3456 1366 3525 exorcistis,
1375 3455 1521 3527 acolythis,
1533 3464 1592 3513 tree
1602 3471 1691 3513 sacrae
1700 3461 1794 3511 vestes
1804 3471 1873 3513 aon-

1064 3545 1214 3611 deductum
1228 3545 1290 3617 quia
1300 3544 1427 3604 ructuat
1441 3545 1549 3617 anguis
1563 3543 1716 3617 splendidis
1731 3543 1870 3599 ministris

1064 3634 1281 3693 mutabuntur.
1298 3633 1370 3703 Quia
1383 3633 1427 3689 hie
1441 3633 1471 3689 in
1481 3632 1634 3690 ministerio
1649 3632 1784 3689 Trinitatis
1799 3628 1866 3699 fide,

1063 3738 1124 3796 epe,
1138 3731 1166 3779 et
1178 3723 1309 3781 chemate
1323 3721 1487 3779 vestiuntur.
1503 3723 1615 3777 Portant
1628 3736 1746 3794 namque
1760 3738 1867 3795 super-

1065 3813 1221 3879 temerata,
1232 3827 1287 3885 quo
1296 3812 1404 3870 humeri
1414 3818 1553 3884 tegamur,
1563 3810 1662 3883 quihus
1671 3824 1758 3867 onera
1768 3809 1867 3865 lerun-

1064 3909 1118 3969 tur,
1133 3908 1162 3957 ut
1175 3900 1283 3959 discam
1296 3900 1488 3960 alterutrorum
1506 3914 1589 3958 onera
1602 3906 1724 3971 portare,
1742 3905 1769 3955 et
1783 3898 1867 3955 Chri-

1063 3997 1106 4047 ato
1119 3990 1148 4047 iu
1160 3989 1292 4047 memhris
1305 3990 1363 4046 suh
1373 3987 1532 4045 necessarie
1539 3987 1706 4044 ministrare.
1726 3988 1866 4045 irenaeus

1063 4079 1188 4144 tabutata,
1213 4079 1245 4133 td·
1261 4085 1304 4134 eet
1325 4075 1416 4133 albam
1428 4084 1548 4148 portam,
1572 4084 1602 4133 ut
1624 4074 1805 4133 humilitatem
1820 4076 1865 4131 in·

1061 4168 1156 4236 duent,
1170 4174 1199 4223 et
1212 4166 1241 4223 ia
1254 4166 1308 4223 huo
1328 4178 1419 4237 usqua
1439 4165 1468 4219 in
1489 4164 1572 4221 finem
1592 4163 1699 4219 Christo
1721 4163 1859 4221 serviant.

1061 4259 1173 4323 babeo,
1188 4255 1217 4311 id
1231 4262 1273 4311 eat
1286 4268 1356 4310 nona
1375 4253 1506 4323 jubentur
1524 4269 1607 4311 renes
1629 4252 1815 4326 praecingere,
1833 4262 1866 4309 ut

1059 4346 1148 4402 eciam
1171 4343 1295 4401 comtes
1318 4342 1556 4414 concupiscentias
1581 4357 1633 4413 per
1664 4341 1863 4398 continentiam

204 4462 330 4519 [tornaco
345 4460 471 4533 pontifice
483 4463 544 4533 jure
554 4462 695 4534 accipitur.
706 4460 780 4533 Quos
795 4458 869 4518 enlm
883 4462 1001 4537 apostoli
1015 4448 1044 4515 D
1059 4434 1241 4505 Wlffli-

202 4551 350 4623 provinciis
374 4550 564 4623 prefecerunt,
582 4550 799 4623 archiepiaoopI;
822 4568 890 4625 quos
904 4552 943 4608 illi
955 4570 1003 4625 pa·

1233 4538 1300 4593 Can.
1316 4536 1471 4594 ccxxvii.
1482 4566 1518 4579 —-
1531 4538 1571 4595 De
1584 4553 1688 4611 coppe.

202 4639 282 4714 genis
303 4639 491 4711 praetulerunt,
507 4641 629 4713 episcopi
649 4640 811 4699 dicebantur
828 4662 834 4697 :
850 4650 878 4699 et
891 4653 1003 4716 apesto-
1096 4630 1199 4702 coppo,
1215 4626 1328 4698 limisit*
1341 4625 1426 4682 ’θιὼ
1439 4633 1482 4682 &Si
1494 4634 1652 4693 mummia
1670 4641 1730 4698 2⁴¹ae
1746 4640 1797 4696 pro
1812 4633 1859 4683 lu·

202 4726 290 4785 torum
304 4740 448 4786 successor
461 4732 634 4802 apostolicus
649 4732 842 4788 nominabatur
856 4734 929 4804 (sup.
941 4749 1001 4805 cup.
1058 4717 1121 4774 ”5⁰²
1135 4715 1310 4789 limitum·
1324 4714 1395 4787 ¹08ss
1407 4721 1528 4771 ”illm
1541 4715 1652 4773 hiddi?
1670 4732 1676 4773 ἰ
1692 4713 1765 4772 ⁰⁰⁶⁸
1783 4714 1858 4771 iiiut

203 4818 276 4891 tab).
293 4818 361 4875 liulc
375 4816 473 4875 eonati
489 4826 529 4875 set
543 4826 666 4891 potestas
680 4820 713 4875 ab
728 4820 853 4877 Emissis
868 4820 1004 4894 apphiam.
1057 4806 1103 4862 illa
1128 4804 1326 4871 tintinnabulis,
1351 4802 1391 4859 ita
1413 4804 1469 4859 ieta
1488 4802 1637 4877 insignitur
1659 4802 1786 4860 innah.
1805 4804 1859 4859 Per

202 4929 301 4988 acopos
316 4931 364 4988 per
378 4914 530 4988 prouincias
554 4916 730 4985 constituere,
757 4918 829 4990 quod
852 4932 903 4989 per
925 4914 1001 4990 patiti
1056 4896 1127 4952 mli
1139 4899 1244 4951 ιθιῑθῦῐ
1258 4900 1350 4948 “¹¹0²
1362 4892 1534 4949 mimi>
1544 4900 1777 4963 mmmm?-
1787 4891 1855 4949 ld⁰⁰

201 5004 373 5080 largitionem
387 5004 531 5078 accipitur.
1055 4997 1073 5040 a
1088 4982 1204 5057 sugatis
1226 4980 1370 5038 ordinibus
1382 4988 1518 5053 portatur.
1534 4981 1600 5037 ileo
1612 4980 1642 5036 in
1655 4994 1784 5052 supremo
1797 4981 1852 5037 ha-

1054 5073 1101 5129 het
1114 5071 1262 5143 caputium,
1278 5070 1351 5141 quod
1364 5069 1492 5143 despuet
1505 5082 1655 5141 supernum
1663 5068 1805 5139 gaudium.
1818 5069 1848 5125 Si

271 5146 340 5205 aa.
360 5147 507 5207 ‘miss-
524 5176 558 5189 -·
572 5153 609 5203 ¹³⁶
623 5146 744 5205 corruas
755 5146 928 5219 pacturum
1054 5161 1126 5218 enin
1140 5159 1243 5215 chatse
1255 5158 1373 5214 minam
1384 5157 1557 5217 sensero
1570 5170 1643 5214 auae
1656 5157 1685 5212 ta
1698 5156 1776 5216 aoetr·
1790 5166 1848 5215 au-

497 5240 526 5295 it
540 5236 702 5307 ιιι’θιῑθῑίιῑ·
1053 5250 1108 5318 bit,
1132 5257 1245 5321 peracto
1267 5246 1417 5303 ministerio
1438 5246 1568 5319 gaudium
1590 5246 1699 5303 ιιοιριηι
1719 5245 1845 5303 intrabit.

235 5341 400 5399 Putriarohae
418 5356 526 5414 quoque
545 5349 572 5397 et
592 5338 761 5411 apostolicus
773 5340 861 5411 petito
875 5348 996 5410 utuntur,
1052 5340 1118 5395 Haec
1130 5352 1218 5410 usque
1232 5336 1267 5395 ad
1280 5336 1366 5409 pedes
1379 5334 1519 5408 pertingit,
1536 5334 1598 5408 quia
1619 5334 1649 5388 in
1671 5342 1763 5390 sancta
1777 5349 1847 5390 con-

199 5432 246 5501 atii
269 5431 366 5487 eodem
390 5429 482 5489 ouem
502 5426 608 5501 pediti
631 5442 693 5484 esee
715 5436 875 5485 demuma
911 5430 997 5487 Porro
1051 5427 1244 5486 versatinnein
1258 5422 1340 5480 finem
1354 5440 1440 5496 usque
1452 5423 1778 5497 perseuerareconrenit.
1795 5424 1848 5477 Per

198 5518 348 5590 apostolico
360 5520 388 5573 in
402 5519 507 5574 Pascha
524 5516 698 5588 procedente,
715 5518 820 5587 pharus
842 5532 875 5573 ex
897 5525 995 5590 stuppa
1052 5517 1177 5573 fimbriae
1198 5511 1443 5578 labordenotathr‚
1460 5527 1607 5584 perquem
1633 5510 1774 5567 seruitium
1797 5510 1848 5566 Dei

200 5618 282 5676 super
296 5622 358 5662 eum
370 5605 557 5677 suspenditur,
582 5617 643 5675 quea
665 5604 730 5677 igne
755 5618 890 5663 succensa
911 5620 996 5678 utper
1050 5610 1263 5665 consummatur.
1275 5600 1432 5659 Haerestis
1447 5599 1474 5655 in
1486 5607 1656 5673 anteaperta
1669 5609 1769 5667 manet,
1780 5600 1845 5671 quia

198 5708 260 5749 eum
284 5694 383 5750 cadere
402 5692 579 5765 permittitur;
595 5690 644 5749 εει
659 5692 819 5750 amictura
833 5693 995 5752 reiectae
1050 5693 1151 5751 Christi
1165 5688 1298 5747 ministris
1322 5690 1418 5745 sancte
1439 5682 1661 5746 conversantibus
1674 5692 1775 5748 tatem
1789 5688 1844 5747 rite
