3942 6067
127 290 180 348 atu
723 282 856 343 caman
875 278 1010 341 ANlblAE.
1028 313 1064 329 -
1077 279 1145 343 tlh.
1164 280 1189 342 l.
1725 290 1778 347 550

127 414 211 487 gitur,
229 430 279 485 per
298 414 419 481 Versum,
431 414 577 471 conversio
592 412 626 469 de
641 410 768 486 gentibus
782 409 929 481 accipitur.
943 409 971 471 Α
986 408 1105 481 operarii
1117 422 1179 465 oum
1195 409 1230 464 de
1244 424 1313 482 agro
1334 411 1415 480 hujus
1435 408 1528 465 mundi
1550 409 1673 477 redeunt,
1697 418 1778 468 aeter-

128 505 185 559 Per
199 503 324 559 Alleluia
351 502 492 575 utriusque
519 502 547 557 iu
574 502 628 557 ilde
642 498 733 558 lutitla
748 500 922 571 exprimitur.
981 514 1047 553 uum
1062 497 1218 556 convitium
1232 511 1293 554 oum
1309 499 1425 555 Domino
1442 515 1491 554 suo
1501 500 1603 555 ineunt.

126 593 293 664 Sequentia.
310 598 418 647 centum
432 592 552 647 victorine
566 591 702 663 designat,
721 603 774 661 qua
791 590 927 658 iustorum
1584 643 1590 656 ,

128 680 228 734 animm
243 679 270 733 iu
286 680 344 735 Deo
366 680 428 734 viro
451 694 500 750 pro
522 694 570 734 sua
593 678 755 734 liberatione
778 676 926 743 exsultant,
1142 642 1211 696 CH·
1230 640 1330 697 mu·
1345 672 1380 683 ““
1395 644 1433 697 ⁰⁶
1446 642 1618 712 mmm·

128 768 200 824 sicut
215 768 264 822 lilii
278 768 362 823 lsrael
376 784 426 839 pro
441 784 492 823 sua
504 768 644 839 ereptione
659 767 794 823 sonticum
810 766 928 821 victorine
1018 756 1171 826 Epi-scopus
1187 756 1273 811 tribus
1285 755 1362 811 horis
1377 755 1469 811 misser
1482 756 1579 811 sedet:
1595 754 1701 811 seilicet
1715 756 1779 811 dum

128 856 272 911 canebant.
290 856 366 913 Unde
381 856 491 929 quidam
509 855 621 931 longam
635 872 782 927 pneumam
803 870 866 911 oum
881 870 928 910 op.
983 845 1110 915 Eplrtolc
1125 844 1232 917 legitur,
1248 843 1312 899 doru
1324 845 1463 901 Croduule
1480 852 1506 899 et
1516 845 1640 901 Alleluia
1655 844 1779 912 carritur;

128 944 210 1017 genis
221 944 347 1014 jubilant,
363 962 424 1017 qnae
433 946 561 1017 jubilum
576 952 709 1012 vocatum
726 944 788 1017 qnia
801 944 927 1016 plausum
982 932 1047 1005 quio
1060 933 1185 989 Christus
1199 933 1287 989 tribus
1300 933 1397 989 diebus
1410 933 1482 988 iuter
1495 932 1623 989 doctores
1638 933 1665 987 iu
1679 932 1781 1005 templo

128 1033 265 1089 victorum
280 1033 429 1089 luctantium
442 1035 591 1091 imitancur,
982 1021 1089 1079 sedisse
1111 1021 1219 1095 legitur.
1235 1021 1435 1088 subdiaconos,
1458 1021 1505 1093 qui
1527 1022 1679 1093 Epistulam
1701 1023 1779 1094 legit,

982 1108 1274 1181 significatloanoem
1302 1110 1449 1180 baptistam
1475 1110 1523 1181 qui
1549 1119 1612 1167 tute
1640 1111 1782 1167 Christum

982 1187 1153 1269 praedicarit.
1170 1198 1379 1269 ParEplatolam
1390 1197 1614 1269 quippcloaanis
1624 1198 1782 1269 predicatio

165 1272 317 1347 Episcopus
337 1291 354 1331 a
369 1274 470 1331 dextris
485 1273 579 1331 altaris
592 1274 703 1340 sedens.
717 1289 795 1329 versa
810 1271 878 1329 lucie
893 1270 928 1327 ad
982 1287 1133 1358 „pappum
1147 1304 1199 1358 W
1212 1286 1392 1358 Emeum„
1405 1286 1506 1341 cup-1211
1519 1288 1675 1359 pmdjwio
1689 1287 1781 1341 innui.

126 1363 239 1420 elrorum
253 1362 412 1421 laborantes
435 1363 565 1430 intuetur,
587 1362 650 1433 qnia
672 1363 800 1421 Christus
823 1377 841 1418 e
865 1360 930 1417 dex·
983 1374 1783 1447 ruf,111003915201,Epgngepiumpffloedp,quium.

127 1448 177 1502 tris
188 1447 238 1503 ltei
253 1448 354 1505 sedens
368 1463 447 1503 versa
461 1447 529 1504 secie
542 1447 578 1503 ad
593 1447 746 1503 chlesiam
760 1445 929 1519 singulorum
983 1465 1026 1521 υἱ,
1041 1464 1201 1537 mmm„
1214 1464 1367 1535 praecmip·
1385 1464 1428 1533 Ep,
1444 1463 1515 1519 sicut
1528 1465 1649 1519 pomos
1662 1476 1782 1535 mur,

125 1536 209 1593 corda
224 1535 352 1603 intuetur,
364 1544 391 1593 et
405 1552 456 1608 pro
471 1553 501 1593 se
514 1536 672 1592 laborantes
686 1535 856 1592 remunerari
871 1533 929 1606 pol·
983 1564 1031 1606 ⁸01-
1045 1549 1341 1614 chrispm0m0m10r‚
1363 1549 1400 1604 j„
1423 1547 1548 1618 Epistol,
1567 1557 1631 1605 „me
1653 1549 1781 1621 Effinge.

123 1624 225 1681 licetur
241 1642 247 1679 =
265 1625 337 1683 unce
351 1626 416 1683 aum
430 1626 582 1697 Stephanus
598 1626 672 1697 (Act-
695 1628 746 1695 vn>
765 1640 817 1697 pro
837 1639 870 1681 eo
885 1623 927 1679 u-
983 1639 1061 1706 uum,
1077 1638 1151 1709 quon
1165 1646 1209 1694 ec
1228 1636 1338 1692 canen.
1362 1638 1535 1693 preconator
1557 1636 1738 1709 nicagoram
1752 1636 1783 1690 nr

320 1159 386 1215 Cae.
402 1158 467 1215 XV.
485 1191 520 1201 -
533 1162 573 1217 Dc
587 1160 727 1234 episcopo.

124 1713 243 1778 borarit,
258 1714 294 1771 ad
307 1713 492 1783 adjuvandum
505 1729 568 1770 eum
582 1712 711 1771 surrexit.

314 1836 380 1890 Car.
395 1834 468 1890 XVl.
483 1864 517 1875 -
532 1836 571 1891 lic
585 1834 759 1891 conteritur.

165 1948 300 2007 Caulores
323 1946 370 2020 qni
394 1948 493 2003 choros
515 1952 625 2021 regunt,
656 1952 719 2000 sunt
743 1944 860 2017 apostoli
884 1945 932 2019 qui

129 2036 271 2093 Ecclesiae
285 2034 382 2092 laudes
397 2036 446 2093 Dei
462 2036 657 2091 instruxerunt.
674 2032 707 2089 lli
731 2034 776 2107 qui
793 2034 931 2091 Grcdccle

132 2130 253 2190 cantant,
276 2125 436 2199 significent
458 2138 506 2180 eos
526 2124 572 2197 qui
592 2124 619 2179 iu
639 2122 727 2180 activa
751 2123 804 2179 vito
823 2122 932 2179 Christo

134 2212 265 2270 serviunt.
283 2214 311 2271 ln
327 2214 460 2287 gradibus
479 2222 619 2271 mutantes
640 2212 756 2278 stabunt,
782 2210 843 2285 quia
864 2210 933 2283 justi

135 2299 170 2359 de
187 2303 284 2359 uirtute
298 2302 324 2357 lu
339 2302 466 2358 rlrtutern
480 2300 507 2356 in
523 2302 597 2359 scala
617 2299 755 2359 charitatis
776 2301 861 2356 ibunt.
879 2296 932 2369 Qui

134 2392 260 2449 Alleluia
274 2399 393 2457 cantant,
408 2392 553 2465 designant
567 2406 615 2445 eos
630 2390 674 2463 qni
684 2388 711 2444 in
723 2388 933 2459 cointemplativa

133 2480 184 2535 rita
201 2480 336 2536 Christum
352 2480 470 2537 laudaut.
484 2478 667 2551 llieantantes
681 2478 760 2533 altius
771 2478 932 2543 consistunt;

132 2568 196 2642 quin
218 2570 287 2625 tales
313 2570 342 2624 in
369 2568 532 2625 celsitudine
560 2568 687 2623 virtutum
716 2567 839 2623 coeleslia
863 2582 933 2623 con·

131 2656 291 2730 templando
321 2656 468 2714 scandunt.
502 2656 678 2729 sequentinm
706 2655 783 2712 chori
810 2654 934 2711 alternu-

131 2748 178 2802 tim
192 2745 362 2819 jubilabunt,
386 2746 449 2820 quia
472 2744 633 2817 frequentiae
651 2744 814 2817 angelorum
834 2752 861 2799 el
879 2744 932 2801 bo-

131 2836 235 2891 minum
252 2836 280 2891 in
303 2838 384 2894 domo
406 2834 455 2893 Dei
473 2835 620 2893 Dominum
634 2835 662 2890 iu
686 2834 814 2893 saectdum
840 2832 934 2890 saeculi

130 2922 296 2981 laudabunt.

284 3052 352 3108 Cae.
367 3050 456 3107 xvtt.
472 3079 506 3093 -
521 3049 559 3109 Dc
574 3054 786 3109 secernente.

167 3172 277 3247 Legitur
291 3176 318 3230 in
333 3174 483 3248 Eircngelio
498 3174 532 3229 de
547 3186 629 3231 servo
644 3180 750 3242 arante,
767 3172 850 3246 quod,
866 3188 931 3245 per·

132 3272 195 3321 acto
210 3280 294 3336 opere
307 3262 342 3319 de
356 3278 435 3337 agro,
451 3263 562 3319 domurn
577 3264 686 3333 redeat,
712 3270 739 3318 et
757 3270 819 3335 post
839 3264 931 3319 sorvi-

132 3353 200 3409 tium
214 3352 331 3409 Domino
346 3368 399 3409 suo
413 3353 566 3423 impensum
589 3352 624 3408 ad
643 3350 797 3409 convivium
820 3366 932 3408 recum·
958 3337 964 3350 ’

131 3442 178 3497 bat
189 3444 265 3514 (luc.
278 3446 364 3512 xrtr).
375 3444 450 3515 Ager
460 3442 509 3498 Dei
521 3450 582 3497 suut
593 3438 678 3497 corde
691 3440 822 3507 ildelinru,
834 3454 932 3497 servus

132 3546 215 3587 arans
229 3540 270 3587 est
284 3532 354 3587 ordo
365 3530 584 3603 praedicantium
601 3546 651 3601 per
660 3528 791 3586 lectorem
803 3526 933 3601 llpistolae

132 3620 261 3675 doctores
284 3620 483 3689 exprimuntur,
499 3618 546 3690 qui
567 3631 664 3691 agrum
684 3617 735 3673 Dei
756 3617 932 3689 praedicando

132 3708 291 3771 coluernat;
308 3723 357 3779 per
370 3706 586 3779 responsionem.
599 3705 695 3762 fideles
709 3705 756 3779 qui
768 3722 819 3777 per
833 3706 932 3762 bonam

133 3796 318 3867 operationem
335 3796 535 3869 respondentes
551 3795 670 3851 fructum
682 3794 793 3864 justitiae
806 3795 934 3867 protule-

133 3892 207 3941 runt.
226 3888 368 3951 hratrum,
383 3892 426 3941 est
448 3892 572 3941 nostrum
594 3882 744 3939 servitium.
767 3884 855 3941 Boves
869 3882 934 3941 hinc

133 3973 196 4031 inde
211 3972 349 4029 trahentes
369 3981 431 4029 sunt
452 3972 580 4045 utrinque
604 3972 669 4029 totis
691 3971 795 4029 viribus
817 3973 934 4029 Domino

133 4071 276 4119 canentes.
307 4060 462 4119 Praeeentor
483 4061 530 4133 qui
549 4069 692 4118 cantantes
715 4077 796 4117 rnauu
814 4070 842 4116 et
866 4077 934 4118 roca

133 4151 236 4219 incitat,
253 4158 295 4207 est
310 4166 405 4206 servus
427 4150 472 4223 qui
497 4145 582 4207 boves
605 4146 716 4205 stimulo
739 4150 846 4207 minans
861 4150 934 4209 dulci

134 4256 201 4298 roco
217 4238 305 4297 bobus
315 4239 421 4309 jubilat.
438 4238 544 4308 Lector,
561 4239 652 4313 legem
667 4237 776 4296 Domini
796 4239 843 4295 dat
857 4238 934 4295 audi-

133 4326 237 4385 toribus
252 4328 299 4401 qui
313 4344 402 4399 nuper
416 4328 505 4385 vocati
523 4335 587 4383 snut
604 4342 656 4399 per
679 4326 768 4385 officia
790 4336 933 4385 cantorum

943 1766 970 1825 Β
985 1727 1076 1783 altiori
1089 1726 1152 1783 loco
1165 1742 1245 1798 quatu
1262 1724 1387 1797 Epistola
1401 1724 1512 1798 legitur,
1524 1725 1590 1796 quia
1603 1724 1704 1781 Christi
1718 1735 1784 1795 prae·

985 1814 1085 1871 dicatio
1103 1815 1215 1887 dignior
1234 1830 1318 1886 quam
1337 1814 1450 1870 loannis
1465 1814 1650 1885 cognoscitur.
1664 1812 1785 1869 Subdin-

987 1918 1074 1963 conus
1088 1902 1222 1961 tamenin
1238 1904 1336 1959 eodeni
1350 1903 1467 1975 pulpito,
1483 1918 1537 1975 quo
1551 1910 1578 1958 et
1590 1902 1732 1967 diaconus.
1747 1902 1785 1957 le·

985 1988 1040 2061 giu
1054 1988 1119 2060 quia
1132 1988 1221 2043 cornis
1234 1986 1352 2059 populus
1364 1988 1498 2043 loannem
1507 1986 1645 2043 Christum
1655 2002 1717 2043 esse
1730 2002 1785 2057 pn·

986 2077 1065 2147 tavit.
1084 2074 1232 2144 Gradnale,
1248 2075 1384 2147 siguificat
1398 2075 1570 2133 recchonem
1583 2076 1782 2145 apostotorum,

986 2182 1041 2237 qua
1054 2182 1085 2221 sc
1095 2165 1129 2220 ad
1142 2164 1280 2220 Christum
1290 2171 1493 2220 converterunt.
1504 2162 1621 2217 Alleluia
1634 2179 1711 2229 vero,
1720 2162 1786 2220 laeti-

987 2252 1053 2308 tiam
1067 2268 1160 2310 eorum
1176 2268 1258 2325 quern
1273 2252 1307 2309 de
1321 2251 1468 2324 presentia
1482 2250 1584 2306 Christi
1599 2258 1627 2306 ot
1647 2250 1786 2307 miraculis

987 2340 1050 2413 ejus
1065 2341 1226 2397 habuerunt.
1242 2338 1389 2413 Sequentia
1405 2355 1480 2407 vero,
1492 2339 1590 2394 auimae
1604 2354 1698 2395 eorum
1709 2338 1787 2409 jubi-

987 2429 1117 2486 lationem
1142 2446 1195 2503 qua
1222 2430 1256 2484 de
1278 2430 1413 2502 promissa
1437 2444 1486 2499 spe
1509 2429 1721 2483 exsultaverunt.
1736 2426 1787 2483 Hic

987 2519 1142 2590 Episcopus
1171 2518 1313 2573 ministros
1343 2517 1476 2574 Ecclesioe
1505 2516 1629 2582 ordinat3
1665 2512 1730 2587 quit
1761 2522 1787 2570 ct

987 2606 1098 2678 Moyses
1112 2608 1216 2673 Aaron,
1229 2614 1256 2662 et
1270 2606 1368 2662 lerltas
1381 2606 1409 2660 in
1424 2604 1604 2659 ministerium
1619 2601 1788 2660 tabernaculi

986 2696 1134 2763 ordinarit,
1158 2703 1186 2753 et
1210 2694 1336 2751 Christos
1359 2689 1531 2766 septuaginta
1550 2693 1622 2749 duos
1638 2691 1786 2759 ordinarit,

987 2798 1058 2857 quos
1072 2784 1101 2839 la
1115 2783 1301 2855 predlcatione
1315 2779 1471 2838 destinarit.

1145 2908 1211 2964 Cer.
1227 2906 1305 2964 XIX.
1321 2939 1354 2949 —
1366 2906 1405 2963 lle
1421 2908 1507 2963 terlio
1521 2907 1623 2980 officio.

1024 3030 1054 3084 lu
1070 3027 1149 3084 tertio
1163 3026 1258 3085 officio
1276 3027 1313 3083 ad
1334 3035 1419 3098 caput
1441 3026 1556 3094 reditur,
1580 3035 1609 3083 et
1631 3026 1789 3097 praedicatio
1810 2999 1816 3008 ’

944 3118 970 3183 G
989 3117 1092 3175 Christi
1106 3116 1186 3173 uobis
1201 3116 1412 3173 admemoriam
1429 3115 1579 3173 reducitur.
1596 3116 1657 3171 lloo
1670 3114 1788 3172 officium

987 3208 1095 3278 lloysea
1109 3203 1305 3278 precucurrit,
1320 3212 1430 3276 quaudo
1444 3205 1473 3261 io
1486 3212 1607 3261 montem
1628 3203 1664 3259 ad
1688 3204 1786 3259 Domi·

987 3311 1054 3351 num
1069 3291 1203 3362 ascendit,
1220 3302 1247 3349 et
1260 3294 1297 3349 ab
1312 3308 1347 3350 eo
1370 3293 1478 3351 tabulas
1496 3290 1653 3349 testamenti
1665 3292 1787 3361 accepit.

987 3380 1185 3455 hominesque,
1197 3391 1297 3439 cuncto
1311 3382 1413 3453 populo
1427 3381 1567 3447 audiente,
1579 3380 1707 3436 meudun
1721 3395 1789 3451 pro-

987 3471 1089 3545 posuit,
1105 3479 1132 3527 et
1145 3472 1253 3542 lloyses
1265 3470 1383 3540 iustitias
1398 3469 1469 3543 legis
1482 3469 1617 3542 exposuit.
1633 3477 1661 3527 et
1674 3468 1792 3540 poprdus

988 3577 1019 3619 so
1037 3560 1130 3617 omnia
1145 3568 1317 3616 servaturum
1328 3559 1469 3633 respondit
1478 3560 1581 3631 (duod.
1592 3558 1664 3628 xix).
1677 3558 1722 3615 Sic
1735 3558 1792 3615 dia-

988 3665 1075 3705 couus
1086 3648 1122 3705 ed
1137 3650 1296 3720 episcopum
1312 3647 1395 3715 redit,
1412 3646 1512 3703 librum
1525 3648 1563 3703 ab
1577 3646 1659 3703 altari
1678 3646 1789 3718 accipit,

988 3736 1182 3810 Euangeliou.
1192 3736 1220 3791 iu
1233 3752 1288 3808 qno
1299 3736 1391 3793 dirim
1407 3743 1546 3807 precepta
1560 3743 1724 3791 santcoram
1739 3752 1792 3807 po-

988 3827 1054 3897 pulo
1067 3826 1147 3898 legit.
1166 3825 1321 3895 Episcopus
1334 3838 1490 3881 sermonem
1515 3821 1618 3879 iaciens
1632 3822 1733 3893 populo
1758 3839 1793 3879 ea

990 3914 1109 3986 exponit.
1125 3921 1153 3969 et
1167 3912 1285 3985 populna
1298 3928 1349 3981 per
1363 3913 1444 3984 tyrio
1459 3912 1582 3980 olearon,
1598 3910 1691 3967 clerus
1700 3920 1791 3968 actem

989 4020 1038 4076 per
1050 4004 1134 4059 Credo
1149 4004 1181 4057 in
1197 4018 1288 4057 uuum
1302 4002 1400 4069 Deum,
1413 4016 1444 4059 aa
1458 3999 1576 4070 spondet
1587 4007 1687 4056 cuneta
1702 4015 1793 4056 sama-

990 4100 1088 4149 turum.
1106 4090 1235 4160 Qualiter
1249 4097 1340 4145 autent
1354 4090 1406 4144 hoc
1421 4104 1470 4161 per
1483 4088 1621 4143 Christum
1636 4095 1663 4144 et
1678 4096 1792 4161 aposto-

988 4181 1031 4238 los
1047 4181 1082 4237 sit
1094 4186 1211 4253 gestum,
1229 4178 1352 4234 breviter
1366 4185 1409 4233 est
1419 4176 1578 4233 dicendum.

1192 4321 1260 4377 Car.
1273 4320 1337 4377 XX.
1354 4350 1386 4361 -
1404 4320 1441 4375 he
1455 4319 1583 4379 diccouo.

133 4420 160 4473 in
175 4416 271 4477 schole
286 4417 337 4473 Dei
353 4416 387 4473 ad
402 4416 523 4489 nuptias.
539 4416 649 4485 Schola,
662 4416 761 4473 dicitur
774 4417 894 4483 vocatio,
904 4416 931 4472 in
1025 4430 1260 4502 Perepiscopunr,
1273 4436 1486 4500 repraesentatur
1500 4428 1580 4487 nobis
1591 4430 1731 4498 Christum
1742 4446 1793 4503 per

133 4522 188 4579 qua
203 4505 225 4563 ti
240 4506 300 4578 quis
319 4506 408 4563 adhue
429 4506 520 4561 surdis
540 4505 653 4561 auribus
669 4506 757 4563 cordis
783 4512 930 4577 torpescat,
990 4519 1145 4581 dimum·
1160 4520 1228 4575 ordo
1242 4518 1424 4589 apompeus,
1441 4518 1580 4575 prmus
1595 4520 1643 4591 qui
1657 4521 1734 4592 pesp,
1750 4529 1793 4578 ρει

133 4603 229 4653 cantor
242 4611 305 4653 curu
320 4594 432 4651 excelsa
448 4594 512 4651 tuba
530 4602 611 4651 sonu
628 4592 659 4649 iu
679 4609 774 4649 aurem
793 4594 852 4663 ejus
872 4593 934 4651 dul·
991 4609 1090 4665 pam,
1103 4607 1150 4679 qui
1164 4622 1214 4677 pm
1228 4607 1356 4663 omnibu,
1366 4608 1529 4677 eupompi.
1543 4608 1698 4681 lempna,
1707 4610 1792 4665 ragau.

135 4684 262 4742 eedinem
286 4682 429 4749 melodiae,
454 4691 485 4739 ut
505 4682 647 4741 excitetur.
673 4682 805 4739 Castores
824 4682 871 4757 qui
893 4700 936 4739 re·
990 4696 1216 4753 mmmmm„
1230 4695 1384 4759 benennom
1405 4694 1470 4766 qur·
1493 4696 1617 4753 campus
1634 4697 1793 4754 convocans

135 4773 271 4846 spondent
294 4770 382 4843 primo
400 4771 525 4842 canenti,
546 4787 598 4827 vox
619 4779 662 4827 est
682 4770 836 4827 auditorum
857 4772 936 4845 quasi
990 4786 1134 4857 mons,
1146 4784 1531 4855 Mncdtpuoneeomprepn
1543 4786 1609 4843 dum
1621 4788 1663 4843 ej,
1676 4795 1794 4858 pompa.

135 4860 323 4935 evigilantium
343 4867 369 4917 et
388 4858 534 4917 Dominum
556 4858 732 4917 laudantium.
749 4860 865 4931 Versus,
893 4868 937 4917 ost
991 4882 1045 4933 iem
1061 4890 1144 4946 W,-
1157 4873 1398 4933 mmmm.
1411 4874 1496 4942 poppe,
1512 4885 1541 4931 ,ι
1554 4890 1604 4931 005
1613 4890 1730 4947 ‚egum
1740 4878 1792 4932 1101

135 4967 216 5009 araus
237 4966 333 5007 servus
354 4966 404 5023 per
428 4948 600 5007 dnlcedinem
628 4946 823 5005 modulationis
851 4949 936 5007 corda
991 4962 1792 5036 pmrpmssppm,11),ffi200„„313m3215„mb

135 5038 293 5103 carnalium,
323 5056 385 5111 qnae
413 5054 443 5094 se
470 5037 594 5109 aperiunt
617 5052 697 5093 more
724 5036 795 5093 sulci
821 5036 934 5095 ocules-

136 5128 300 5185 sioaevoois
315 5136 340 5183 et
354 5128 547 5199 lacrymarum.
568 5128 652 5183 arant
674 5125 721 5198 qui
743 5133 835 5182 aratro
856 5142 934 5182 com-

136 5216 288 5288 punctionis
301 5214 387 5272 corda
401 5216 539 5282 scindunt.
559 5215 587 5270 iu
606 5214 725 5271 lectione
747 5215 870 5285 pascitur
884 5230 932 5270 au-

136 5305 208 5361 ditor
222 5303 301 5377 quasi
316 5304 518 5377 quodammodo
530 5303 589 5361 hos.
605 5303 664 5359 Bos
679 5302 712 5357 ad
728 5303 781 5360 hoo
796 5303 930 5377 pascitur,

136 5403 163 5451 ut
178 5396 208 5449 in
222 5410 256 5451 eo
270 5408 339 5467 opus
352 5392 525 5467 agriculturae
538 5398 712 5449 exerceatur.
729 5392 782 5449 Bos
801 5400 843 5449 est
862 5410 935 5465 prae·

135 5484 251 5549 dicator,
266 5488 370 5551 cantor,
386 5480 589 5554 quodammodo
608 5480 755 5551 bubulcus,
771 5482 817 5555 qui
834 5483 935 5553 jubilat

137 5573 235 5637 bobus,
252 5580 280 5629 ut
294 5571 407 5629 hilarius
430 5578 548 5628 aratrum
576 5571 694 5636 trahunt,
723 5571 829 5629 scilicet
857 5572 934 5629 iusti-

136 5670 182 5737 gat
201 5668 332 5719 muentes
358 5668 387 5717 ut
412 5658 500 5719 laetius
533 5668 640 5717 canant.
669 5660 755 5719 Terra
783 5661 934 5731 scinditur,

138 5750 248 5823 quando
278 5749 366 5809 eorda
397 5748 552 5807 auditorum
589 5759 821 5823 compunguntur.
851 5750 933 5813 Tales

990 5052 1069 5109 altari
1089 5052 1198 5124 accipit.
1220 5052 1315 5125 legera
1338 5050 1438 5124 pergit.
1457 5050 1521 5125 quia
1542 5051 1577 5109 de
1599 5053 1666 5109 Sion
1690 5054 1749 5117 les.
1765 5057 1795 5108 et

990 5139 1794 5212 cmiumliominidcliierarotcmeciuittlrci.u).lulaoo

991 5229 1092 5300 quippe
1117 5229 1192 5298 loco,
1206 5228 1294 5285 altare
1322 5228 1496 5285 llierusalem
1523 5230 1659 5301 designat,
1684 5230 1713 5284 iu
1739 5246 1794 5302 qua

990 5313 1107 5385 apostoli
1117 5315 1231 5370 verbum
1241 5313 1604 5384 praedicationisaltomiao
1613 5323 1790 5384 accepemnt‚

992 5406 1020 5455 et
1028 5406 1160 5455 exeuntes
1168 5415 1218 5469 per
1227 5406 1313 5455 totam
1321 5398 1793 5471 unampraedienrerunthtaeocus

992 5486 1021 5542 iu
1034 5486 1145 5543 sinistro
1160 5487 1274 5545 brachio
1286 5487 1385 5544 librum
1400 5495 1500 5559 portat,
1516 5487 1580 5559 quia
1593 5487 1702 5543 sinistra
1717 5505 1791 5559 prae-

992 5584 1099 5633 sentem
1112 5576 1196 5633 citam
1211 5576 1362 5647 siguificat.
1374 5578 1406 5633 Et
1421 5577 1451 5633 iu
1464 5578 1516 5635 hec
1531 5576 1586 5632 rita
1599 5583 1704 5635 tautum
1717 5594 1792 5650 pree-

991 5664 1081 5723 dicari
1097 5664 1278 5737 Evangelinm
1292 5664 1393 5729 debet;
1409 5667 1473 5738 quia
1487 5666 1515 5721 iu
1530 5664 1618 5724 tutore
1631 5666 1688 5724 rita
1701 5668 1792 5725 nullm

992 5752 1120 5813 doctrina
1131 5761 1209 5827 eset,
1219 5768 1283 5811 naua
1297 5768 1395 5813 omnes
1408 5770 1426 5813 a
1438 5754 1553 5815 nablum
1563 5755 1694 5827 muncad
1705 5756 1792 5813 neesi-
