3942 6067
196 221 248 275 tta

534 216 681 273 HONOlill
701 214 955 275 audusrobtnt.
980 215 1056 275 OPP.
1076 214 1175 271 etas.
1196 214 1284 272 ιιι-
1305 216 1505 274 Lllb'llGlCit.

1796 218 1853 271 756

198 340 383 414 quagenarius
397 339 544 414 significat,
565 338 611 411 qui
626 338 698 409 apud
713 338 847 395 Hebraeos
860 340 995 397 latitent
1009 351 1037 408 Α
1052 343 1205 416 intelligere
1218 360 1375 415 posamnua,
1400 348 1501 418 quibus
1526 344 1611 401 tribus
1624 359 1642 399 c
1656 341 1735 399 nobis
1750 341 1853 398 colitur

198 428 371 503 appeDatur;
386 429 414 485 id
427 436 469 485 est
482 427 647 483 iubilatione
658 427 766 499 plenus.

234 518 394 587 Quotidiani
424 518 483 575 dies
509 516 658 573 inionnant
673 530 732 585 eos,
759 515 805 589 qui
833 518 996 590 presbytero

197 606 357 663 confitentur
366 616 478 679 peccatu
501 622 559 672 aua,
575 614 603 659 ut
617 604 653 659 ab
672 605 733 676 ipso
759 606 952 678 corripiantur,
969 614 997 662 ιι

197 696 341 753 consilium
356 695 492 766 accipiant
508 693 672 765 poenltendi.
689 694 744 765 ipsi
755 694 814 751 dies
843 694 902 751 sine
918 694 996 751 illle-

196 783 252 841 luia
280 784 444 856 transigunt,
461 782 526 855 quie
553 797 607 838 non
621 789 663 837 est
687 780 803 853 pulchra
817 782 877 839 laus
904 783 932 838 in
947 797 996 839 ore

196 873 361 944 peccatoris.

123 960 130 979 ¹
196 961 259 1017 Ctn.
276 961 363 1017 xt'll.
379 961 466 1017 -Da
480 961 636 1019 Dominicis
650 978 666 1017 ι
679 960 894 1033 Septttupcsinat
907 976 996 1031 osque

510 1060 678 1116 odPoscho.

231 1172 367 1229 Dominici
391 1173 451 1229 dies
466 1188 482 1229 a
497 1172 705 1246 septuagesima
733 1174 862 1246 usquein
891 1174 997 1230 Pascha

195 1278 246 1319 eos
261 1260 420 1329 informant,
437 1262 538 1333 quibis
553 1261 747 1317 tentationibus
761 1262 922 1330 tunduntur,
937 1263 997 1317 sine

195 1351 293 1421 quibus
305 1350 359 1408 rita
383 1366 504 1423 praesens
518 1366 572 1405 non
583 1358 673 1420 potest
686 1351 810 1422 transigi.
827 1347 996 1408 Tunc'dlle-

195 1440 251 1495 luia
265 1456 319 1494 non
335 1448 471 1506 cantatur,
489 1441 536 1495 sed
552 1437 687 1494 Tractus:
705 1441 769 1511 quia
783 1440 908 1511 quamvis
929 1456 996 1510 per-

196 1529 299 1583 tineant
323 1528 358 1583 ad
372 1527 632 1600 contemplationem
647 1536 760 1599 propter
779 1545 855 1584 suam
869 1529 997 1583 dulcedi-

198 1632 270 1683 nem,
288 1626 316 1672 et
329 1618 467 1685 unionem,
484 1626 575 1671 tamen
590 1632 646 1671 nou
657 1615 735 1673 estin
750 1626 824 1673 tanta
850 1618 952 1682 lautia,
969 1618 997 1671 in

197 1714 302 1778 quante
315 1712 356 1762 est
367 1706 422 1773 ille,
438 1705 548 1777 quinon
558 1704 671 1761 ollendit
681 1706 767 1761 verbo
782 1720 789 1769 ;
806 1706 870 1778 quia
880 1706 994 1779 hicper·
1009 1708 1035 1767 Β

197 1792 351 1851 ιιιιιιιιι.

233 1883 287 1938 Per
296 1883 355 1939 dies
371 1882 597 1957 Quadragesimae
622 1885 753 1940 informat
768 1898 816 1939 cos
831 1892 926 1939 sancta
940 1884 996 1939 lic-

199 1970 297 2037 clesia,
317 1972 363 2043 qui
392 1973 502 2044 proprie
525 1974 685 2045 penitentes
710 1980 845 2030 vocantur
859 1988 867 2026 t
882 1980 998 2043 excepto

201 2060 339 2131 quudnon
355 2062 637 2128 excommunicantur,
660 2070 687 2117 et
700 2062 842 2117 admanus
870 2060 1000 2117 reconci-

198 2148 318 2205 liationis
332 2150 523 2222 episcoporum
548 2166 602 2207 non
614 2151 737 2207 redeunt.
753 2151 783 2205 ln
799 2149 853 2205 line
880 2148 999 2219 Quadra·

198 2230 311 2311 gesimaa
324 2237 454 2295 informat
469 2240 554 2295 eosin
566 2239 680 2309 ieiunio,
704 2239 730 2293 in
757 2236 932 2304 abstinentia,
969 2239 997 2293 in

197 2318 282 2393 luctu,
308 2326 336 2381 ln
364 2326 464 2399 vigilis,
495 2328 522 2382 in
546 2328 703 2383 obedientia
727 2328 860 2383 bonorum
883 2342 997 2399 operum

199 2415 298 2486 quibus
312 2414 523 2473 reconciliamur
536 2408 595 2472 Deo
611 2416 637 2471 in
652 2416 821 2487 punitentia.

270 2546 340 2603 Cat.
357 2548 459 2603 XVlll.
484 2578 518 2589 -
535 2548 571 2605 Do
589 2551 777 2623 pentecostali
792 2552 926 2622 tompore.

234 2678 353 2751 Tempus
368 2680 541 2737 Pentecosten
564 2681 827 2753 inchoaturaprtma
841 2682 887 2737 die
909 2696 1000 2737 resur-

200 2768 342 2834 rectionis,
358 2777 384 2824 et
398 2770 481 2824 currit
497 2785 584 2841 usque
599 2770 626 2823 in
641 2770 714 2825 diem
741 2771 998 2843 quinquagesimam

200 2866 261 2928 post
277 2857 389 2913 Pascha.
400 2858 533 2912 Dominus
548 2858 730 2931 quadraginta
744 2859 804 2913 dies
827 2866 887 2930 post
903 2875 999 2915 resur·

199 2945 351 3001 rectionem
366 2958 442 3000 suam
459 2942 487 2999 ln
502 2946 555 3001 hac
569 2955 641 3002 terra
656 2953 682 3001 et
697 2947 723 3001 in
735 2947 786 3003 hnc
800 2948 853 3003 rita
875 2962 938 3003 cum
952 2947 999 3002 di-

199 3030 313 3103 scipulis
327 3030 572 3089 suisconversatus
582 3041 624 3089 est
639 3051 645 3088 :
661 3036 999 3107 postquamcoelosnacen-
1013 3050 1038 3116 C
1054 3003 1065 3056 ¹

199 3120 248 3189 dit,
264 3127 327 3192 post
341 3121 437 3178 decent
453 3122 512 3177 dies
526 3122 655 3194 Spiritum
681 3132 802 3179 sanctum
813 3124 885 3178 misit
905 3124 997 3179 tideli-

200 3217 265 3266 ιιι.
284 3208 337 3266 Ριι·
352 3209 534 3281 quadraginta
557 3211 617 3265 dies
631 3210 809 3277 continentia,
837 3212 997 3282 perdecem

199 3313 304 3353 merces
320 3298 421 3353 laboris
436 3298 578 3368 accipitur.
603 3298 710 3370 Septies
725 3307 828 3371 septem
846 3310 909 3355 sunt
934 3317 1000 3373 qua-

200 3388 324 3459 draginta
345 3402 444 3443 nosem
462 3404 469 3450 ;
485 3386 595 3443 additur
622 3401 716 3458 uuum,
733 3388 760 3443 id
787 3396 840 3458 est,
855 3389 999 3446 Dominice

200 3474 269 3541 dies,
286 3483 312 3530 ιι
327 3474 393 3530 liunt
408 3475 615 3547 quinquaginta.
633 3477 685 3533 Per
705 3476 893 3549 septiformem
910 3480 998 3551 Spiri-

200 3570 257 3619 tum
273 3563 381 3619 dabitur
395 3563 474 3619 nubit
489 3563 515 3618 in
527 3564 636 3621 Christo
652 3567 773 3637 requies.
801 3568 847 3621 lsti
863 3568 998 3641 quinqua-

200 3651 277 3724 ginta
291 3653 351 3707 dies
364 3659 427 3723 post
439 3653 668 3709 resurrectionem
684 3655 793 3711 Domini
817 3671 872 3711 non
887 3664 949 3711 sunt
970 3658 998 3711 in

201 3740 288 3813 ligura
304 3741 417 3807 laboris,
437 3740 486 3796 sed
500 3741 600 3797 laetitias
627 3750 653 3798 et
668 3743 777 3815 quietis,
804 3752 918 3816 propter
946 3747 999 3803 hoc

199 3828 476 3897 Jejunierelaxantur‚
507 3839 533 3885 et
547 3838 650 3887 stantes
661 3845 781 3898 oremus,
807 3833 878 3903 quod
893 3838 938 3888 ιιι
957 3834 998 3887 si-

201 3934 285 3989 guum
303 3916 524 3975 resurrectionis.
540 3918 596 3975 Hoc
611 3920 691 3975 etiam
704 3921 832 3977 omnibus
848 3922 999 3978 Dominicis

201 4006 298 4062 diebus
308 4008 479 4072 observatur,
494 4017 520 4061 ιι
545 4008 662 4063 Alleluia
674 4010 779 4065 canitur
794 4028 802 4077 ;
819 4010 893 4080 quod
908 4011 999 4084 sigri-

202 4094 266 4153 licat
280 4096 415 4153 ιιιιιιιιιι
445 4104 634 4152 nostrumnon
663 4097 829 4153 essenisiiu
844 4097 925 4154 laude
951 4100 1000 4155 Dei

203 4182 272 4239 sicut
285 4184 418 4255 scriptum
434 4190 476 4237 est
490 4202 497 4247 ;
510 4184 590 4241 Booti
601 4186 650 4256 qui
664 4184 797 4241 habitunt
816 4187 847 4243 in
862 4186 1000 4244 demolito

202 4272 329 4329 Domine.

1050 433 1195 491 Divinitas.
1240 436 1304 493 liaec
1330 436 1469 507 precipue
1496 435 1544 491 illo
1571 443 1694 505 tempore
1728 432 1853 503 petenda

1049 524 1244 597 sunt,quando
1270 525 1434 587 resurrectio
1453 524 1557 580 Cusini
1582 524 1618 579 ab
1639 521 1764 579 Ecclesia
1777 520 1853 577 cele

1050 611 1157 668 bratus.

1086 702 1194 758 Litauire
1204 710 1267 759 ante
1288 703 1484 760 decensionem
1495 702 1603 760 Domini
1628 700 1718 757 taliter
1743 699 1852 755 institia

1049 798 1084 847 tte
1094 800 1170 847 sunt.
1190 794 1221 847 ln
1237 792 1342 849 Vienna
1357 793 1426 849 urbe
1446 792 1543 849 Gallie
1556 798 1637 847 terrae
1650 800 1741 847 motus
1765 790 1851 845 marti·

1050 896 1111 935 mus
1124 881 1223 937 multas
1237 881 1379 939 Ecclesiae
1393 890 1419 938 et
1433 883 1531 937 domos
1540 881 1686 936 multorum
1702 878 1850 943 subvertit,

1050 969 1145 1027 bestiae
1158 971 1260 1037 multa,
1277 970 1342 1043 lupi,
1359 972 1417 1027 ursi
1431 986 1464 1027 ac
1479 971 1552 1027 cervi
1566 970 1686 1043 ingressi
1707 969 1849 1025 civitatem

1050 1059 1218 1116 devorabant
1234 1061 1374 1130 plurimos,
1404 1068 1431 1117 et
1445 1061 1497 1117 hoc
1511 1076 1562 1131 per
1585 1067 1670 1115 totum
1692 1073 1793 1114 annum
1807 1056 1851 1115 la.-

1050 1148 1168 1204 ciebant.
1183 1151 1213 1204 ln
1224 1149 1319 1223 vigilia
1341 1166 1408 1207 veru
1432 1150 1547 1206 Paschae
1560 1148 1690 1220 palatium
1711 1146 1803 1220 regale
1817 1146 1849 1201 in

1050 1238 1148 1292 eadem
1161 1239 1271 1294 civitate
1297 1239 1390 1296 divino
1417 1240 1483 1311 igne
1512 1254 1673 1295 succensum
1688 1244 1742 1293 est.
1770 1238 1850 1291 Tunc

1051 1326 1198 1382 Mamertus
1212 1329 1360 1399 episcopus
1375 1328 1469 1384 indixit
1492 1328 1648 1383 triduanum
1657 1326 1790 1395 jejunium
1818 1325 1850 1378 in

1050 1416 1152 1487 populo
1179 1418 1240 1480 Dei,
1272 1426 1300 1473 ιι
1321 1419 1438 1473 cessarit
1460 1416 1609 1473 tribulatio.
1633 1417 1691 1472 [ιιι
1717 1413 1850 1485 exemplo

1052 1504 1142 1559 adhuc
1157 1505 1291 1561 Ecclesia
1316 1506 1368 1561 Dei
1381 1505 1491 1561 litanias
1502 1506 1641 1561 triduanas
1651 1503 1753 1576 ubique
1770 1502 1851 1559 ccle-

1052 1592 1103 1649 bre
1117 1594 1219 1650 colunt.

1157 1718 1221 1774 cn.
1237 1720 1303 1775 xx.
1324 1752 1358 1760 -
1374 1722 1411 1776 nc
1425 1720 1523 1791 otperto
1539 1700 1737 1776 pentecostes.

1086 1843 1116 1897 ln
1131 1843 1224 1916 vigilia
1235 1845 1411 1901 Pentecosten
1426 1844 1556 1917 leguntur
1571 1850 1691 1917 quatuor
1704 1842 1850 1907 lectiones,

1052 1938 1079 1985 et
1093 1939 1227 1987 canuntur
1250 1934 1485 2006 quatuorcentica
1512 1941 1576 1989 ante
1601 1931 1727 2003 baptismi
1755 1946 1853 1986 couse-

1053 2028 1211 2095 orationem¹
1223 2030 1295 2085 sicut
1316 2030 1344 2085 in
1358 2030 1451 2103 vigilia
1460 2032 1587 2087 Paschae.
1605 2029 1647 2085 lbi
1662 2030 1801 2103 legimus:
1816 2030 1850 2085 tn

1051 2117 1195 2189 principio
1211 2120 1319 2174 crearit
1347 2122 1431 2189 Deus,
1447 2129 1499 2177 ιιι.
1517 2122 1547 2173 ln
1569 2120 1623 2175 iste
1636 2118 1747 2175 tenurit
1774 2119 1851 2173 Deus

1053 2205 1202 2270 Abraham,
1219 2207 1246 2261 in
1263 2206 1309 2261 illa
1325 2223 1380 2263 non
1394 2208 1675 2280 sequiturcanticum‚
1698 2206 1792 2263 inista
1805 2222 1851 2262 ae·

1053 2294 1154 2364 quitur.
1173 2295 1222 2351 lire
1245 2296 1307 2351 duae
1334 2296 1509 2353 lectionesad
1523 2298 1682 2352 memoriam
1697 2296 1776 2351 nobis
1805 2296 1851 2351 ad·

1052 2381 1155 2439 ducunt
1167 2384 1239 2439 duos
1256 2392 1349 2454 patres
1365 2403 1372 2439 :
1388 2400 1472 2442 unum
1487 2387 1641 2441 sectmdum
1654 2400 1775 2449 carnem,
1803 2384 1849 2439 al-

1052 2478 1141 2527 terum
1151 2473 1302 2529 secundum
1322 2473 1462 2545 Spiritum.
1477 2475 1579 2540 Adam,
1592 2474 1639 2546 qui
1660 2474 1688 2529 in
1701 2474 1791 2544 prima
1804 2472 1849 2527 le-

1052 2560 1143 2615 ctione
1158 2570 1335 2626 memoretur,
1344 2562 1466 2617 carnalis
1479 2570 1522 2619 est
1545 2572 1635 2633 pater,
1650 2576 1736 2634 aquo
1750 2577 1849 2619 omnes

1053 2647 1189 2717 originem
1217 2649 1352 2705 ducimus.
1382 2649 1435 2719 Qui
1462 2652 1585 2722 peccarit
1609 2666 1666 2706 non
1692 2648 1850 2707 obediendo

1053 2746 1191 2808 praecepto
1206 2738 1257 2791 Dei
1274 2756 1281 2791 ι
1298 2738 1359 2794 idco
1375 2755 1429 2794 non
1439 2738 1847 2810 sequiturcanticumaictoriae.

1052 2824 1192 2880 Abraham
1211 2842 1275 2882 vero
1302 2834 1379 2897 pater
1407 2836 1449 2883 est
1472 2828 1630 2898 spiritualis,
1654 2828 1733 2896 cuius
1767 2824 1847 2882 iidem

1052 2913 1183 2970 imitando
1198 2913 1245 2969 litii
1259 2916 1309 2970 Dei
1324 2915 1456 2971 allicimur
1471 2924 1498 2970 ιι
1509 2916 1624 2987 populus
1641 2916 1691 2971 Dei
1706 2930 1845 2970 ιιιιιιιι.

1067 3012 1108 3057 ιιι
1123 3002 1238 3058 restituit
1251 3004 1415 3073 obediendo,
1444 3006 1516 3077 quod
1532 3005 1637 3075 primus
1651 3001 1764 3059 offendit
1791 3017 1848 3057 non

1052 3090 1208 3147 obediendo
1224 3111 1232 3153 ;
1247 3092 1319 3147 unde
1333 3093 1431 3149 merito
1460 3093 1582 3164 sequitur
1595 3093 1730 3150 caniticum
1758 3092 1850 3148 victo·

1053 3178 1188 3250 riae‚quia
1208 3180 1308 3237 occidit
1337 3183 1430 3237 titium
1453 3182 1656 3237 inobedientia.
1676 3182 1741 3237 llaec
1768 3179 1849 3237 lectio

1054 3269 1174 3338 pertinet
1187 3270 1221 3323 ad
1239 3270 1393 3325 victoriam.

1091 3356 1219 3429 Sequitur
1234 3358 1371 3414 canticum
1389 3375 1395 3415 ε
1415 3360 1496 3416 t'inco
1505 3362 1584 3432 (ncta
1598 3364 1650 3426 est,
1663 3365 1735 3425 etc„
1746 3358 1851 3415 scilieet

1054 3454 1254 3501 sacramentum
1271 3448 1371 3502 Christi
1386 3457 1413 3503 et
1423 3450 1555 3504 Ecclesiae
1570 3466 1577 3512 ς
1594 3449 1667 3521 quod
1681 3449 1800 3519 pertinet
1814 3447 1850 3502 ad

1053 3534 1232 3608 allegoriam:
1250 3535 1316 3607 quia
1340 3553 1394 3591 non
1408 3536 1450 3592 his
1464 3537 1602 3592 venissent
1624 3537 1688 3591 boni
1698 3552 1800 3598 mores,
1816 3536 1850 3591 etl

1055 3624 1212 3679 universum
1242 3624 1338 3679 orbem
1353 3641 1408 3681 non
1423 3627 1598 3681 transissent.
1612 3624 1735 3681 Secunda
1750 3624 1848 3680 lectio:

1057 3712 1178 3783 Scripsit
1189 3714 1291 3785 illopset
1302 3718 1448 3769 conticnnt
1462 3723 1501 3778 ;et
1512 3713 1590 3770 canti
1600 3729 1660 3769 um:
1671 3714 1850 3769 Attendccae·

1056 3802 1116 3856 lunt
1124 3800 1256 3871 pertinent
1265 3802 1299 3857 ad
1311 3803 1492 3877 tropologiam
1505 3820 1512 3859 :
1525 3802 1693 3858 morrsrnim
1701 3803 1848 3856 instruunt.

1054 3889 1143 3943 Tertia
1154 3890 1252 3945 lectio:
1269 3891 1598 3965 .ipprehcndenttcptetn
1606 3892 1751 3955 mulieres,
1762 3891 1789 3944 in
1797 3906 1850 3962 qua

1055 3987 1159 4047 septem
1174 3979 1246 4033 dona
1261 3978 1378 4049 Spiritus
1405 3981 1536 4036 sanctide
1554 3981 1746 4035 obedientibus
1763 3979 1850 4034 virum

1054 4083 1138 4121 uuum
1164 4066 1279 4123 iaciunt.
1312 4066 1416 4136 Quarta
1444 4068 1526 4125 lectio
1557 4086 1564 4124 ε
1590 4070 1671 4134 Anda,
1695 4068 1793 4136 lucet,
1822 4068 1851 4123 iu

1055 4155 1224 4226 quadicitur
1253 4173 1260 4209 z
1291 4156 1370 4213 Dirce
1384 4158 1484 4213 nhitit
1507 4159 1673 4229 longiturna
1691 4159 1750 4213 nto
1764 4161 1792 4213 ct
1806 4157 1853 4213 tu·

1057 4260 1122 4300 ntcn
1150 4242 1316 4315 angelorum
1345 4249 1374 4301 et
1388 4262 1447 4318 poc
1461 4264 1469 4312 ;
1484 4246 1556 4318 quod
1584 4246 1702 4317 pertinet
1729 4245 1766 4301 ad
1779 4248 1852 4299 bna·

1054 4349 1156 4406 gagen.

221 4394 288 4449 ‘3¹⁴¹'-
305 4396 382 4451 xlx·
400 4426 434 4439 ··
450 4398 488 4454 ⁰0
502 4398 598 4455 onear
620 4400 842 4471 Ῑῗθιαιῑθιῑῑιήθι
859 4400 979 4457 manlii·
1013 4404 1040 4465 D
1092 4418 1122 4473 ln
1138 4421 1225 4491 prima
1235 4420 1351 4478 lectione
1362 4422 1473 4477 Paschae
1487 4423 1572 4478 ddam
1581 4429 1691 4478 aeterra
1705 4421 1850 4487 formatur,

240 4518 342 4574 bitania
370 4522 457 4591 major
485 4521 606 4578 instituta
632 4532 672 4579 est
694 4541 709 4577 a
730 4524 860 4581 Romanis
890 4533 1001 4597 propter

204 4605 277 4661 bella
292 4624 353 4680 quae
368 4608 469 4667 inimici
485 4619 548 4666 tune
563 4614 772 4668 commovebant
793 4614 924 4671 adversus
935 4614 1000 4671 vici·

204 4710 238 4750 na
253 4711 349 4769 regna.
365 4699 434 4755 Dicit
447 4700 570 4771 Epistola
585 4719 592 4765 ;
610 4702 732 4757 ldttltttm
747 4704 822 4759 uolet
837 4704 1000 4777 deprecatio

201 4784 276 4855 iusti
294 4782 422 4844 braidun.
451 4788 628 4862 Evangelium
646 4791 721 4863 ponit
750 4791 812 4858 tria,
827 4808 934 4863 panem,
961 4792 1001 4863 pi-

204 4888 289 4942 scem,
301 4890 392 4932 ovum.
410 4878 464 4933 Per
477 4892 575 4949 panem
590 4880 682 4934 omnia
703 4880 775 4936 bona
788 4896 849 4951 quae
867 4882 901 4937 tle
920 4881 1000 4936 terris

204 4972 359 5033 naseuntur,
376 4982 426 5037 per
439 4966 540 5037 piscem
557 4984 618 5040 quae
632 4968 666 5023 de
681 4969 769 5041 aquia.
782 4986 831 5041 per
845 4984 925 5025 orum
937 4968 999 5024 ani-

205 5050 287 5106 malia
311 5069 371 5123 quae
387 5053 467 5109 simul
482 5064 593 5123 cocunt,
610 5056 808 5126 intelliguntur.
826 5056 888 5111 llaec
910 5058 1001 5112 omnia

203 5138 229 5193 in
259 5138 305 5195 illo
333 5146 454 5214 ternpore
470 5142 497 5197 in
520 5142 611 5217 aliquo
626 5144 751 5215 proiectu
777 5150 848 5200 sunl.
870 5144 1000 5201 Germina

202 5228 302 5283 messis
326 5229 468 5300 pullulant,
497 5230 622 5286 arborum
653 5230 755 5287 tructus
790 5248 822 5287 ex
845 5232 913 5288 lloro
938 5250 1002 5305 pre

203 5316 306 5383 drutus
316 5318 394 5373 vinea
405 5327 487 5391 atquc
504 5320 558 5376 olei
573 5319 663 5393 liquor
682 5320 738 5375 suis
753 5321 891 5376 erroribus
906 5336 1000 5377 erum-

201 5408 278 5474 punt,
294 5405 430 5477 pullorum
445 5408 591 5463 animantia
606 5424 717 5479 campos
737 5409 861 5464 tondent.
881 5408 1000 5478 Quando

201 5491 259 5547 hmo
274 5496 431 5550 necessaria
441 5505 504 5552 sunt
528 5498 630 5553 nostris
642 5496 746 5565 usibus,
757 5498 875 5568 petenda
904 5506 999 5555 suma

1056 4528 1083 4572 et
1098 4518 1154 4573 Eva
1168 4518 1303 4573 dalidam
1317 4536 1324 4573 t
1341 4519 1368 4575 id
1383 4530 1422 4574 est
1429 4519 1552 4575 Christus
1560 4518 1707 4593 derit-gine
1716 4520 1850 4585 nascitur,

1056 4616 1091 4671 de
1107 4632 1160 4687 quo
1175 4616 1313 4672 Ecclesia.
1330 4615 1361 4673 lu
1381 4617 1618 4673 secundaoccisus
1639 4618 1815 4674 ealdiebolus
1825 4618 1855 4671 in

1056 4716 1124 4769 mari
1140 4716 1242 4783 Rubro,
1259 4716 1287 4770 id
1310 4716 1389 4771 estin
1404 4716 1504 4772 Christi
1522 4717 1671 4788 sanguine.
1694 4718 1790 4773 Postea
1803 4732 1854 4787 per

1056 4803 1229 4861 dilectionem
1244 4812 1348 4875 septem
1364 4804 1507 4861 mulierum
1526 4806 1701 4876 conjunctum
1715 4814 1758 4859 est
1772 4805 1854 4860 Chri·

1056 4909 1100 4956 ato
1115 4918 1203 4973 genus
1212 4903 1371 4957 humanum.
1386 4901 1493 4957 Deinde
1501 4903 1536 4957 ad
1547 4901 1620 4958 bona
1626 4918 1711 4972 opera
1719 4902 1853 4959 directum

1055 5006 1098 5053 est
1112 4998 1139 5052 in
1154 4997 1270 5054 lectione
1288 5014 1294 5053 :
1310 5001 1373 5054 lltec
1383 5003 1426 5055 ιιι
1436 4999 1597 5055 ttoercditas.
1608 5000 1664 5053 iste
1677 4998 1746 5053 ordo
1759 5012 1854 5054 serta·

1054 5102 1098 5150 tur
1112 5093 1140 5150 in
1156 5095 1250 5168 vigilia
1264 5096 1376 5152 Pascha
1389 5114 1397 5162 ς
1412 5095 1492 5151 aliter
1506 5103 1548 5151 est
1560 5096 1588 5150 in
1599 5094 1694 5169 vigilia
1718 5096 1852 5152 Penteco-

1054 5201 1127 5249 sten.
1144 5191 1175 5247 ln
1191 5193 1244 5249 isto
1254 5194 1391 5263 recolitur,
1408 5194 1547 5265 quomodo
1562 5194 1701 5249 Abraham
1715 5194 1777 5251 Deo
1789 5191 1851 5265 pla·

1053 5291 1108 5347 cuit
1120 5306 1170 5361 per
1179 5290 1375 5356 obedientiam,
1392 5298 1419 5346 ιι
1433 5306 1482 5346 ιιι
1497 5292 1645 5364 progenies
1659 5291 1688 5345 in
1698 5291 1853 5363 bouiaope-

1053 5388 1129 5443 ribus
1136 5388 1270 5444 delectata
1285 5389 1319 5442 sit
1336 5406 1343 5440 ι
1358 5388 1789 5445 cuitamennecesseestinNorn
1801 5390 1850 5445 'ie-

1053 5493 1199 5552 stamenm,
1216 5495 1243 5539 ut
1254 5485 1422 5556 adjungatur
1445 5484 1553 5540 Christo
1564 5500 1614 5555 per
1635 5484 1810 5557 baptismam,
1826 5494 1852 5541 et

203 5579 327 5645 ormino,
344 5590 371 5635 ut
387 5594 582 5641 conserventur
596 5586 630 5641 aa
646 5584 808 5658 spiritualis.
838 5588 876 5642 tu
890 5604 939 5659 per
952 5605 1000 5659 pa·
1052 5581 1092 5637 sic
1106 5582 1135 5638 in
1150 5598 1182 5639 co
1193 5592 1312 5647 mancat.
1329 5599 1416 5655 usque
1431 5583 1496 5637 orm
1506 5582 1718 5653 perducamini
1731 5600 1851 5657 regnum

200 5680 262 5719 nem
276 5667 442 5734 charitatem,
460 5688 509 5741 per
523 5672 624 5743 piscem
639 5674 729 5741 iidem,
742 5690 792 5745 per
818 5690 899 5733 orum
915 5690 993 5747 spem
1050 5678 1198 5735 coelorum.
1214 5678 1332 5735 Alleluia
1349 5680 1376 5734 in
1386 5680 1647 5737 commemoratione
1659 5680 1754 5751 primus
1768 5681 1850 5737 inno-
