3942 6067
96 252 182 309 rasr.
557 244 765 330 rescrsrtrs
784 241 836 299 nn
850 237 1087 298 sscnsnnnro
1108 238 1277 301 anstais.
1629 196 1654 227 ⁹
1681 240 1750 299 test

92 374 252 450 Accipiteet
261 373 347 432 bibite
366 389 404 431 ex
424 372 473 431 boc
490 390 597 433 omues.
614 375 661 433 tric
675 380 719 433 est
735 376 816 433 catix
831 388 897 429 snu-
912 367 938 431 Α
954 365 1035 422 nobis
1045 363 1345 432 communicandumet
1356 360 1705 435 quipostresurreetionem
1715 362 1753 419 in·

93 471 266 543 puiutrmei,
278 477 331 527 etc.
348 467 371 524 Ο
386 469 498 541 insigne
522 471 698 529 miraculum}
724 470 747 529 0
771 467 898 526 mirabile
952 452 1139 526 corruptibilis
1154 462 1182 509 et
1194 451 1376 525 impalpabilis
1387 448 1500 523 praebuit
1508 466 1538 505 se
1548 450 1688 522 discipulis
1696 450 1753 523 psl·

94 568 122 615 ,p
136 560 334 617 divinissimum
349 562 569 616 mmmmm
587 560 655 631 Qum
669 577 749 617 men,
768 574 822 615 „00
847 572 897 613 εχ.
951 542 1082 617 presidem,
1098 542 1219 600 mortalis
1230 541 1336 599 eisdem
1346 540 1432 615 potuit
1442 539 1549 597 sedere
1559 538 1750 598 immortalem.

94 650 215 721 pavent?
229 646 297 716 Quis
310 646 466 705 intellectus
485 665 540 705 non
553 649 690 707 definisti
714 647 811 706 Omnis
835 662 898 701 sen·

94 755 142 794 sus
156 736 287 801 hebescit.
305 736 396 793 omnis
418 737 487 793 ratio
511 739 671 804 evanescit,
692 752 812 809 prorsus
835 734 896 791 dia·
952 752 1021 809 cn,
1036 750 1114 809 xpp,
1134 753 1256 823 Qum„
1271 749 1415 811 ,imm
1432 750 1526 819 νεὼ,
1547 773 1558 801 ,
1581 750 1702 823 amm
1721 752 1750 809 ,ς

93 826 255 883 lecticorum
279 825 418 897 inquisitio
440 826 535 883 absit:
561 829 614 884 boc
628 827 689 884 sola
714 826 782 881 tides
796 824 898 897 probat
1241 841 1454 899 mamm„

95 925 121 971 et
140 916 277 989 agnoscit,
301 915 367 987 quia
389 915 465 971 cibus
488 917 629 973 bominum
651 915 681 971 tit
705 915 782 972 cibus
808 929 898 985 unge·

93 1000 198 1057 ¹0tttm·
217 999 298 1070 Quod
319 1000 449 1055 meld&
471 1000 572 1066 detti.
596 1017 650 1056 ¹¹⁰⁰
672 1000 796 1072 deponit.
829 998 898 1054 ¹3¹0·
989 1012 1054 1067 ltem
1070 1026 1134 1067 cum
1147 1009 1283 1067 Dominus
1294 1008 1433 1083 discipulis
1454 1007 1513 1065 suis
1528 1007 1628 1069 dixerit
1646 1026 1655 1069 t
1675 1008 1750 1069 ucat·

95 1096 188 1141 vatum
213 1094 240 1140 et
268 1083 422 1155 depositum
442 1084 516 1141 idern
536 1086 663 1141 ridentur
686 1100 751 1141 esse
777 1082 805 1138 in
831 1099 899 1154 spe-
951 1098 1241 1171 „animandum
1261 1098 1392 1171 quaeppup
1415 1096 1438 1153 si
1465 1098 1614 1171 „perpetiar
1641 1106 1668 1157 ep
1695 1098 1750 1157 ,ibi

95 1173 148 1240 cie,
164 1173 432 1244 coloreetsaporo:
450 1189 565 1245 prorsus
588 1184 679 1229 tumen
707 1172 780 1229 aliud
808 1185 898 1245 appu·
952 1188 1175 1243 mmmmm,
1202 1187 1245 1243 pp
1267 1187 1320 1245 boo
1342 1186 1466 1244 dim,
1489 1187 1587 1259 quod,
1614 1186 1679 1261 qur,
1700 1187 1750 1263 qur
1782 1224 1788 1237 ,

95 1271 145 1331 ret,
161 1268 188 1319 et
201 1260 276 1317 aliud
301 1261 467 1321 intrinsecus
479 1262 558 1317 latet.
586 1262 720 1317 literatus
736 1270 781 1317 est
798 1260 833 1316 de
856 1259 896 1315 nl·
952 1278 1105 1335 mmmm„
1115 1276 1188 1335 venir
1202 1285 1228 1333 οι
1242 1291 1297 1333 „00
1312 1275 1469 1343 mummi,
1485 1284 1512 1331 ει
1532 1277 1579 1349 qul
1606 1292 1752 1337 mmm,

95 1350 148 1407 lsssl
175 1351 254 1422 panis
276 1350 443 1416 ⁰⁰¹¹¹¹¹¹¹¹¹¹lb
456 1351 606 1423 d⁰D⁰¹¹l²¹¹l
630 1366 695 1407 ⁰³l0
723 1350 823 1411 ΜΠ
843 1348 898 1403 lm·
952 1368 1000 1433 sit,
1025 1366 1085 1438 ipse
1106 1365 1281 1421 ministravit.
1297 1364 1356 1421 Nec
1377 1372 1419 1420 εει
1441 1362 1648 1437 intelligendum
1676 1370 1751 1441 quod

94 1438 234 1495 ¹¹¹0¹l³¹l⁸⁴
266 1437 346 1509 0⁰⁰⁶
374 1449 436 1495 ΕΓΗ
465 1438 544 1495 ⁰lbu⁵
568 1438 703 1507 811Ῑιῐιῧῑῑιιι
729 1437 829 1493 fimum
857 1444 899 1491 ⁰⁵²
952 1458 980 1512 in
996 1454 1362 1525 manibussuisscciperent
1377 1452 1468 1511 etsibi
1484 1454 1677 1522 ministrarent,
1702 1459 1752 1515 sed

95 1529 175 1585 cibus
193 1527 359 1600 spiritualis.
385 1527 464 1598 Quod
489 1536 548 1583 erat
572 1537 764 1585 momentanea
788 1525 899 1583 relectio
954 1546 1084 1603 pominus
1106 1544 1141 1599 (ιθ
1164 1559 1246 1599 „mu
1268 1559 1320 1599 sua
1347 1542 1510 1601 mjnpgmvp
1538 1552 1565 1599 ει
1589 1546 1753 1604 mnndum

94 1617 247 1683 bominum,
263 1618 365 1673 tautum
374 1627 416 1673 εει
438 1621 542 1673 aeterna
564 1628 592 1673 ει
610 1616 771 1674 indeficiens
798 1613 898 1671 saturi·
953 1634 1092 1705 psaecppp,
1108 1633 1170 1689 Non
1185 1632 1291 1689 ,metus
1313 1632 1445 1688 pominus
1465 1632 1493 1689 jn
1508 1647 1588 1689 wag
1603 1634 1675 1693 hunc
1702 1652 1753 1693 ω,

95 1715 139 1763 ¹⁸⁸
152 1707 324 1779 θῦιθῑοῐῦῐῐι·
911 1726 938 1787 Β
953 1723 1034 1780 tieem
1050 1722 1211 1792 occepisse,
1227 1736 1290 1779 curn
1302 1720 1418 1778 fortusse
1432 1719 1511 1777 illes
1533 1722 1650 1779 Domino
1669 1738 1753 1783 acce-

954 1818 1018 1883 ptus
1033 1810 1115 1867 luerit
1139 1808 1226 1865 luteus
1249 1808 1292 1865 vel
1315 1808 1433 1881 ligneus,
1455 1808 1509 1867 iste
1537 1818 1684 1883 argenteus
1712 1812 1756 1871 rel

955 1915 1067 1965 aureus,
1092 1899 1135 1955 vel
1148 1898 1262 1955 alterius
1284 1898 1468 1955 metallorum.
1491 1898 1639 1971 Propterea
1662 1900 1755 1959 scisn-

955 1988 1020 2043 dutn
1035 1994 1078 2043 est
1092 1988 1144 2044 hoc
1168 1986 1270 2043 dietum
1283 1986 1455 2043 reterendum
1477 2001 1539 2043 esse
1567 1986 1601 2043 ad
1627 1988 1755 2047 similitu-

956 2079 1059 2143 dinem,
1079 2092 1134 2133 non
1157 2076 1193 2132 sd
1216 2074 1398 2132 identitatem.
1423 2074 1500 2132 Sicut
1524 2076 1598 2133 enim
1621 2078 1754 2137 Dominus

957 2168 1030 2222 inter
1053 2170 1216 2223 coenandum
1237 2163 1330 2221 tinum
1352 2163 1653 2233 inertissimorum
1673 2165 1758 2225 bene-

96 1886 166 1943 Csr.
176 1884 249 1942 XIV.
262 1885 467 1953 Quoertioeircu
475 1882 814 1957 berredictionsmpuuirc
822 1881 901 1938 cluri-

342 1960 386 2013 rto
396 1957 427 2011 iu
437 1971 517 2012 creon
532 1957 652 2025 [ustum.

134 2072 202 2128 Cum
216 2071 335 2129 incoena
361 2072 496 2128 Dominus
519 2088 619 2144 panem
648 2071 798 2141 benedixit,
823 2089 902 2145 quae-

97 2161 167 2216 ritur
179 2166 204 2215 sl
219 2160 407 2217 benedictione
422 2176 473 2217 sua
488 2160 524 2215 de
541 2175 612 2231 pane
636 2176 737 2231 corpus
763 2176 842 2215 suurn
869 2161 904 2217 le·

97 2249 178 2306 cerit.
202 2247 284 2319 Quod
307 2247 427 2315 ridetur,
442 2249 471 2303 in
495 2248 624 2322 eoquod
647 2257 710 2319 post
733 2247 904 2305 benedictio·

98 2353 163 2395 nem
194 2336 277 2411 tregit
300 2345 328 2393 et
354 2336 428 2393 dedit
459 2337 601 2408 discipulis
622 2338 690 2401 suit.
715 2337 812 2393 dicem
826 2354 834 2394 t
849 2339 905 2394 Hoc
959 2344 1104 2401 sacerdote
1121 2342 1223 2403 ,vinum
1248 2340 1394 2413 accipitur,
1414 2350 1440 2399 et
1462 2342 1561 2400 virtuts
1584 2342 1759 2404 verboruma

101 2430 371 2499 ertcorpurmeuos.
386 2426 446 2481 Nisi
459 2425 487 2481 in
511 2424 700 2482 benedictione
726 2442 776 2481 sua
804 2441 905 2497 corpus
959 2431 1117 2489 nominoio
1133 2446 1211 2489 coena
1225 2430 1393 2502 prolatorum
1414 2430 1530 2505 sanguis
1550 2432 1609 2503 ejus
1624 2430 1756 2492 efficitur.

104 2529 185 2569 suum
200 2513 303 2581 trem,
332 2514 399 2569 nihil
428 2513 501 2569 aliud
534 2529 617 2586 qurum
652 2529 753 2585 ponent
780 2528 906 2570 totumu-
962 2521 1038 2579 Unde
1063 2519 1212 2577 similitudo
1249 2518 1276 2576 in
1294 2518 1350 2577 vini
1373 2519 1543 2591 deceptione,
1579 2520 1706 2581 identitas
1733 2522 1762 2581 in

104 2619 170 2659 nem
186 2602 337 2675 inungeret,
363 2611 389 2657 ει
417 2602 563 2674 discipulis
590 2603 649 2657 suis
677 2603 763 2658 daret.
793 2601 859 2657 ltem
883 2602 907 2657 si
961 2609 1123 2666 sacramenti
1139 2608 1265 2666 veritate.
1293 2609 1365 2665 Nam
1384 2608 1505 2681 quotidie
1534 2604 1564 2664 lit
1591 2612 1762 2670 consecratio

106 2690 298 2748 benedictione
314 2706 364 2747 sut
378 2706 478 2761 panem
493 2691 521 2747 in
546 2705 645 2762 corpus
669 2706 749 2747 suum
775 2692 908 2747 convertit
961 2698 1034 2755 iltius
1050 2696 1173 2768 ejusdem
1196 2696 1355 2769 sanguinis,
1380 2712 1462 2769 quem
1484 2695 1617 2755 Dominus
1630 2696 1658 2753 in
1685 2713 1764 2757 coena

105 2781 135 2837 tn
151 2780 241 2837 verbis
254 2779 314 2835 istis
330 2797 338 2835 z
352 2781 408 2838 troc
422 2783 574 2853 otsorpus
584 2795 690 2845 meum.
714 2795 771 2836 nou
798 2779 909 2851 retiqutt
962 2785 1137 2843 ministravit.
1154 2786 1228 2843 Diett
1242 2786 1334 2859 tuque
1358 2784 1470 2843 uticem
1497 2785 1679 2858 presterum.
1708 2804 1764 2845 nnn
1783 2832 1788 2841 .

106 2869 190 2925 nobis
213 2870 337 2925 uirtutem
361 2871 541 2936 sacramenti;
570 2869 635 2941 quia
663 2867 823 2941 priusquam
850 2870 909 2924 haee
964 2880 1076 2944 propter
1097 2872 1150 2929 boo
1181 2871 1255 2943 quod
1285 2870 1379 2928 vinnm
1406 2870 1434 2926 in
1464 2886 1497 2927 eo
1520 2870 1683 2943 continetur,
1713 2872 1764 2931 sed

106 2957 193 3013 verba
207 2959 318 3027 diceret,
335 2957 491 3024 benedixit,
506 2956 600 3027 fregit,
616 2965 643 3014 et
666 2957 736 3013 dans
757 2956 908 3028 discipulis,
963 2971 1078 3035 propter
1090 2962 1143 3019 hos
1164 2961 1236 3034 quod
1251 2962 1286 3018 de
1307 2962 1371 3017 vitto
1391 2961 1418 3016 id
1439 2977 1472 3019 eo
1491 2972 1677 3023 consectetur.
1702 2962 1764 3021 Non

104 3046 236 3119 predicte
250 3046 331 3101 verba
344 3046 481 3118 protulit:
499 3046 539 3102 eis
560 3046 628 3102 dans
655 3045 782 3103 virtutem
811 3060 906 3103 stota·
921 3083 947 3147 c
964 3050 1036 3107 enirn
1054 3066 1104 3121 pro
1132 3048 1238 3124 fulgore
1261 3048 1416 3105 attribuitur
1440 3048 1551 3106 claritas
1576 3050 1687 3123 catinis,
1716 3052 1767 3109 sed

104 3134 202 3197 menti,
217 3134 294 3207 qussi
308 3134 434 3190 diceret:
452 3135 553 3191 Panem
567 3150 649 3207 quem
668 3135 773 3205 occepi,
798 3134 827 3188 ia
849 3148 907 3190 cor·
962 3154 1011 3211 pro
1037 3138 1168 3209 dignitate
1190 3136 1370 3195 sacrementi.
1389 3138 1594 3205 Verumtamen,
1623 3138 1648 3196 si
1674 3145 1765 3197 sttsn-

105 3238 160 3295 pus
174 3238 266 3279 meum
279 3222 546 3289 transsubstantiavi,
562 3230 591 3279 et
601 3222 668 3278 illud
683 3223 719 3279 do
733 3221 822 3279 robis.
842 3222 909 3279 Pro·
961 3227 1057 3287 damus
1072 3227 1204 3283 unitatem
1219 3224 1293 3293 fidei,
1311 3234 1374 3283 ante
1388 3226 1624 3285 consecrationem
1643 3234 1671 3287 et
1691 3238 1765 3301 post,

957 2255 1053 2311 dicens
1067 2253 1229 2328 sanguinem
1244 2269 1321 2310 suum
1337 2251 1420 2323 tecit,
1437 2254 1473 2309 ita
1497 2252 1526 2309 in
1548 2253 1601 2311 isto
1628 2254 1715 2313 calice
1742 2271 1760 2315 ε
1867 2293 1871 2311 .

108 3320 205 3385 pterea
218 3311 350 3367 docentum
364 3318 392 3367 et
416 3311 555 3369 oredimus
576 3311 649 3382 quod
673 3327 737 3368 curn
759 3309 909 3378 benedixit,

105 3414 207 3471 corpus
219 3416 298 3456 suurn
312 3398 385 3464 lecit,
400 3407 428 3455 et
441 3399 469 3455 in
485 3400 576 3456 serbis
592 3418 600 3455 ε
617 3401 670 3457 line
684 3404 730 3457 εει
742 3415 844 3473 corpur
858 3413 912 3455 oss·

42 3524 46 3530 ·
105 3506 172 3545 um.
187 3489 603 3560 Diecrtcotixsonpuirts'smsi,
619 3496 683 3555 ete,
700 3489 762 3544 dats
784 3496 828 3544 est
853 3488 911 3543 uir-

106 3585 153 3633 tus
168 3577 348 3633 sncrsmenti.
376 3577 462 3633 Dicit
481 3578 557 3634 cuim
576 3582 605 3633 ει
625 3580 704 3649 sueto
717 3581 787 3634 sunt
810 3576 908 3646 (Ptol.

107 3667 240 3737 exnerit).
258 3665 336 3723 Unde
349 3665 559 3738 intelligendum
580 3672 621 3721 εει
644 3665 730 3723 rerba
753 3681 770 3721 ε
796 3663 914 3721 1)εωίεο

107 3756 217 3828 prolata
232 3754 308 3826 prius
322 3754 397 3810 diets
408 3763 435 3810 et
449 3754 548 3809 iterum
562 3754 687 3825 repetita.
713 3754 759 3810 Sio
779 3751 852 3809 enirn
876 3753 916 3809 le·

110 3842 232 3916 gendum
248 3850 290 3898 est
305 3857 313 3898 ε
327 3842 585 3899 Deuedt'sr'tdicsrtr
597 3858 604 3898 ε
617 3844 722 3901 Doceat
732 3856 833 3916 corpus
852 3856 915 3898 me·

109 3949 171 3989 uro.
183 3930 287 3986 Deinde
297 3931 656 4005 [rspitctdcditdircipulr'r
666 3933 726 3988 ruis
744 3932 852 3988 iterum
867 3928 914 3987 di·

109 4036 178 4077 ceos
189 4040 199 4076 .-
210 4021 263 4076 Ηοε
278 4027 322 4077 εει
333 4036 435 4095 corpur
444 4036 550 4076 meam.
567 4020 616 4075 'l'el
630 4027 722 4092 potest
741 4036 803 4077 esse
829 4019 913 4092 quod,

112 4107 306 4165 benedictione
320 4107 400 4176 laets,
427 4109 538 4165 tradens
559 4124 661 4183 corpus
683 4126 764 4165 suurn
792 4106 914 4179 discipu·

108 4196 146 4253 lis
160 4197 290 4269 predicta
311 4198 395 4255 uerba
418 4197 537 4272 protulit,
563 4197 604 4254 eis
624 4198 694 4254 dans
717 4198 844 4256 virtutem
866 4210 915 4252 εε-

965 3334 1035 3373 unus
1049 3316 1129 3383 culix,
1146 3316 1216 3373 sicut
1234 3331 1289 3372 uns
1311 3323 1353 3373 εει
1373 3313 1453 3383 lidos,
1481 3331 1537 3373 uns
1562 3315 1686 3374 Ecclesia
1710 3318 1767 3376 sic·

967 3404 1037 3461 utin
1051 3402 1169 3461 Cnntieis
1184 3418 1239 3459 una
1253 3401 1391 3471 columba,
1405 3417 1460 3458 una
1473 3401 1571 3460 emico.
1587 3402 1629 3461 De
1651 3402 1703 3461 boc
1726 3418 1770 3462 ct·

967 3492 1020 3549 lios
1036 3492 1164 3564 scriptum
1180 3498 1222 3549 est
1237 3508 1243 3547 :
1262 3492 1345 3549 dalis
1355 3490 1589 3550 meuriusbriurtr
1599 3508 1769 3567 puumproe·

968 3582 1116 3639 claruerit
1127 3580 1216 3645 (Paul.
1231 3580 1313 3651 un).
1327 3576 1407 3649 Quod
1421 3578 1486 3637 dicit
1500 3580 1545 3638 bic
1560 3582 1639 3638 calix
1653 3582 1770 3657 scopul-

967 3666 1015 3722 πίε
1027 3664 1085 3721 mei
1098 3662 1245 3737 legendum
1260 3671 1302 3718 εει
1323 3670 1351 3719 nt
1373 3662 1516 3719 continens
1542 3664 1691 3737 accipietur
1718 3680 1769 3739 pro

967 3760 1098 3809 contento
1114 3751 1155 3809 sic
1170 3768 1177 3807 :
1193 3750 1244 3808 llic
1262 3759 1304 3807 est
1318 3750 1431 3824 sanguis
1442 3766 1520 3807 meus
1539 3752 1603 3810 nori
1626 3760 1652 3810 et
1673 3752 1771 3812 serni

968 3839 1135 3910 testamenti,
1172 3838 1315 3907 subaudis,
1348 3837 1532 3897 confirmator.
1571 3840 1602 3896 ln
1640 3842 1770 3913 passione

969 3930 1041 3988 eninr
1069 3945 1119 3986 sus
1146 3929 1280 3985 Dominus
1306 3928 1430 3985 umbrtm
1456 3927 1527 4001 legis
1554 3932 1713 3998 studuerit,
1743 3937 1797 3989 et·

969 4018 1124 4078 heredibus
1155 4017 1212 4075 suis
1236 4017 1422 4075 hoereditatem
1448 4016 1633 4076 confirmavit.
1670 4020 1769 4079 datum

969 4109 1041 4166 enim
1056 4116 1098 4164 εει
1109 4110 1301 4163 testamentum
1323 4122 1354 4162 es
1378 4112 1468 4163 morte
1489 4106 1639 4164 testatoris.
1671 4110 1771 4182 llysts·

969 4198 1047 4268 rium,
1065 4197 1092 4253 id
1106 4204 1149 4253 est
1163 4203 1298 4252 secretum
1311 4194 1375 4252 lidei
1389 4194 1497 4263 dicitur,
1518 4194 1583 4268 quis
1605 4196 1678 4273 quod
1706 4214 1771 4257 sett-

111 4286 260 4344 crementi.
968 4286 1046 4343 sibus
1061 4284 1162 4343 nostris
1177 4291 1220 4341 est
1234 4282 1380 4353 occultum,
1396 4282 1460 4341 ildei
1472 4290 1515 4341 est
1529 4284 1693 4344 revelatum.
1711 4286 1769 4346 tu-

969 4372 1007 4428 tio
1023 4372 1141 4427 hument
1156 4369 1254 4443 querit
1267 4368 1365 4427 dicens
1383 4368 1523 4426 :nunnus
1545 4370 1609 4445 qnid
1630 4380 1673 4429 est
1692 4372 1771 4431 hoel

111 4458 181 4515 Gne.
194 4456 255 4514 XV.
270 4450 526 4537 cameracensium
539 4452 617 4511 circu
637 4453 720 4512 uerbo
746 4468 912 4512 rocromrn·
926 4442 954 4505 D
970 4459 1114 4530 Quomodo
1140 4458 1206 4515 esti
1228 4454 1372 4527 Quomodo
1404 4464 1447 4515 est
1472 4473 1528 4516 non
1552 4461 1769 4533 comprehendit,

471 4524 556 4581 ΜΨ·
967 4548 1003 4606 ad
1036 4550 1088 4605 bos
1118 4556 1255 4606 secretum
1276 4562 1330 4603 non
1354 4548 1479 4605 escendit
1499 4564 1507 4604 r
1527 4548 1586 4606 sole
1604 4550 1678 4607 enirn
1702 4550 1772 4609 lldss

151 4644 244 4717 ltaque
259 4640 328 4699 tides
342 4648 436 4697 nostra
458 4646 509 4709 est,
532 4645 560 4695 ει
586 4654 651 4697 rere
665 4639 833 4697 credendum
861 4647 913 4711 est,
968 4637 1056 4698 credit
1083 4644 1112 4693 et·
1124 4636 1263 4711 agnoscit.
1291 4635 1424 4718 Sensibus
1439 4644 1554 4711 apparet
1567 4638 1595 4694 in
1615 4653 1713 4712 sapore
1741 4645 1771 4698 et

112 4734 189 4808 quod
203 4730 346 4789 sacerdote
360 4728 517 4801 proterente
531 4730 589 4786 brea
604 4729 689 4784 rerba
706 4740 713 4783 :
728 4728 913 4787 Hocsttcor-
968 4727 1062 4785 colore
1084 4724 1163 4797 panis
1184 4732 1211 4781 ει
1230 4724 1324 4781 sinum
1346 4739 1353 4780 :
1375 4722 1445 4782 ddes
1469 4732 1520 4782 sub
1538 4734 1653 4801 utraque
1677 4728 1770 4799 specis

109 4836 285 4897 putescum,
303 4820 359 4889 jam
382 4833 437 4873 non
467 4824 511 4873 est
537 4816 618 4888 panis
633 4821 771 4885 terrenus,
800 4818 850 4874 sed
870 4817 916 4873 ille
967 4815 1166 4887 contemplatur
1189 4814 1336 4870 Dominum
1359 4821 1387 4871 ει
1420 4814 1593 4871 saluatorem
1615 4832 1696 4873 suum
1718 4816 1769 4875 Je-

113 4909 192 4983 panis
207 4906 387 4981 quidecoelo
407 4905 548 4961 descendit
582 4905 717 4961 mediator
738 4905 787 4961 Dei
811 4913 838 4962 et
864 4906 918 4962 bo-
970 4922 1030 4961 snm
1046 4904 1194 4961 Christum.
1211 4903 1337 4975 Apparet
1352 4902 1478 4959 sensibus
1493 4902 1569 4977 quod
1583 4918 1637 4959 non
1652 4910 1707 4973 est,
1731 4904 1768 4963 li-

113 5000 219 5056 minum
233 4994 314 5051 iesus
328 4994 464 5049 Christus.
485 4994 553 5049 item
566 4994 665 5050 virtuts
679 4994 831 5051 verborum
847 4993 918 5051 isto·
971 4994 1016 5051 dei
1031 4992 1104 5067 qnod
1118 4997 1173 5047 εει.
1193 4992 1296 5049 Sensus
1311 4990 1384 5063 qnod
1406 4990 1509 5061 trident,
1532 4990 1656 5062 judicant
1683 4992 1772 5053 inani·

117 5103 180 5144 rum
195 5101 202 5140 ε
219 5086 268 5141 llic
280 5087 323 5141 ert
332 5083 412 5139 cutte
419 5084 570 5154 rnnpuiois
583 5085 651 5150 mci,
665 5091 732 5149 eto,
748 5083 842 5140 vinum
851 5099 919 5141 eon·
972 5089 1087 5151 matum,
1103 5088 1130 5136 et
1147 5080 1266 5137 omnium
1281 5078 1427 5136 virentium
1443 5078 1569 5136 sensibus
1583 5080 1695 5138 ridetur
1707 5098 1772 5141 cor·

115 5176 229 5235 sentitur
244 5174 271 5229 in
286 5171 450 5245 sanguinem
464 5188 553 5227 suurn.
567 5171 623 5227 Sub
637 5180 753 5243 utroque
773 5173 866 5244 specis
891 5177 921 5229 ει
973 5170 1068 5244 porale
1094 5170 1251 5225 elimentum
1267 5186 1274 5235 ;
1300 5167 1373 5235 fidei,
1388 5168 1467 5240 panis
1490 5168 1579 5238 vivus,
1595 5168 1641 5243 qui
1656 5172 1691 5229 de
1705 5173 1775 5231 coelo

117 5266 172 5322 sub
185 5265 309 5335 utrisque
333 5259 434 5333 speciei
461 5259 596 5331 particule
631 5260 752 5335 singula,
779 5269 852 5318 totns
879 5269 922 5318 est
974 5258 1136 5325 descendit,
1166 5259 1246 5332 panis
1269 5258 1378 5331 quidem
1402 5256 1573 5329 angelornm,
1604 5259 1667 5317 lons
1694 5262 1776 5319 risus

120 5354 245 5411 Christus
259 5352 379 5408 tesuset
392 5349 518 5426 sumitur.
535 5348 662 5405 residens
676 5350 704 5404 in
717 5350 799 5420 coelo,
820 5352 922 5407 sedens
974 5366 1052 5424 aque
1068 5346 1191 5405 salientis
1212 5347 1239 5402 in
1260 5346 1343 5403 vitem
1364 5354 1509 5403 omnnem.
1534 5346 1616 5405 Fides
1636 5348 1724 5407 eredit
1747 5358 1775 5409 et

119 5442 308 5503 sdderternm
318 5439 427 5507 Patris,
442 5438 727 5510 ipsesereestinhoo
736 5452 921 5509 sacramento,
976 5437 1065 5511 diligit
1087 5435 1187 5509 ipsum,
1214 5448 1264 5509 per
1286 5450 1368 5507 quem
1391 5444 1486 5509 speret
1511 5446 1624 5510 peccate
1638 5438 1737 5496 dimitti
1749 5446 1777 5499 ει

121 5531 248 5590 dentibus
261 5530 367 5597 teritur,
382 5536 409 5585 et
423 5527 533 5599 integer
546 5535 650 5584 manet.
675 5528 866 5599 llenducstur,
896 5535 924 5585 et
976 5528 1085 5585 veniam
1100 5522 1160 5581 dari
1174 5530 1202 5582 et
1215 5522 1242 5580 in
1258 5524 1344 5597 glorio
1359 5541 1410 5583 sus
1424 5522 1502 5583 relisi
1517 5532 1545 5585 ει
1563 5526 1671 5584 satiari.
1700 5526 1778 5587 Unde

121 5637 180 5679 non
193 5620 383 5693 corrumpitur.
400 5615 569 5683 lmmolstur,
586 5625 613 5673 et
627 5632 682 5673 non
707 5618 841 5688 moritur;
857 5632 924 5691 qua·
977 5614 1126 5689 Apostolus
1143 5634 1150 5672 :
1166 5612 1465 5672 Ftcesntsutuuutta
1477 5619 1574 5675 rcrsrs'
1590 5616 1778 5678 invisibilium

122 5711 179 5769 lem
191 5724 221 5765 se
234 5708 350 5785 praebuit
361 5706 503 5780 discipulis
516 5706 665 5775 edendum,
681 5704 764 5763 telem
775 5721 807 5762 se
815 5704 922 5778 prebet
979 5706 1183 5781 ornamentum
1191 5720 1250 5764 uon
1260 5704 1463 5787 apparentium
1471 5702 1565 5779 (retr.
1583 5706 1638 5785 tr).
1658 5704 1702 5765 Ιι
1725 5704 1787 5771 ids-
