3942 6067
188 208 255 271 lost

116 344 119 356 '
222 334 425 401 ursacianos,
440 331 505 388 inde
519 330 702 399 contemptus.

222 430 293 487 ilinc
306 424 455 491 discordia,
472 421 536 477 inde
550 417 672 476 duricia.

224 520 295 578 ilinc
309 515 449 583 detractio,
465 512 529 569 inde
541 506 695 567 devoratio.

223 610 294 668 Hinc
308 605 455 672 dissensio,
471 601 536 659 inde
550 599 687 672 deceptio.

224 679 294 758 ilinc
307 696 454 771 delegatio,
470 692 533 749 inde
547 689 718 763 desperatio.

225 792 294 847 ilinc
309 789 401 855 elatio,
419 784 483 841 inde
496 781 643 840 aemulatio.

225 881 296 939 liinc
310 878 442 942 ebrietas,
454 874 519 931 inde
534 873 669 930 edacitas.

225 970 296 1027 llinc
309 963 495 1034 exacerbatio,
510 963 575 1020 inde
589 960 719 1018 elevatio.

223 1061 294 1119 ilinc
309 1056 476 1131 eloquentia,
492 1054 556 1110 inde
571 1047 739 1109 extollentia.

222 1150 257 1223 (ft
269 1148 324 1205 att
338 1150 378 1219 ν’)
393 1144 462 1201 ilino
476 1140 625 1215 flagidum,
641 1136 706 1195 inde
718 1135 828 1191 fvrrtum.

224 1239 294 1297 Hinc
307 1234 462 1303 fornicatio,
477 1232 542 1290 inde
556 1228 712 1288 fascinatio.

224 1331 293 1387 Hinc
308 1326 431 1385 facundia
447 1320 597 1389 menteris,
612 1318 675 1375 inde
689 1315 768 1376 fauor
780 1308 932 1387 popularis.

224 1420 302 1477 Hinc
313 1418 398 1486 fraus,
412 1413 476 1471 iude
491 1412 580 1469 furor.

227 1510 299 1567 Hinc
315 1506 434 1572 fallacia,
450 1504 515 1561 iude
529 1497 722 1559 fraudulentia.

228 1602 298 1657 ilino
307 1598 383 1673 gula,
397 1595 460 1651 inde
473 1591 636 1666 garrulitas.

224 1693 295 1749 ilinc
308 1684 433 1753 haeresis,
448 1682 512 1739 inde
526 1678 670 1737 hebitudo.

226 1782 298 1838 Hinc
312 1782 420 1838 horror,
436 1773 500 1829 inde
510 1768 699 1827 homicidium.

226 1872 295 1929 llinc
308 1870 359 1934 ira,
375 1864 439 1920 inde
453 1859 590 1917 idolatria.

225 1963 295 2018 ilinc
307 1953 467 2030 janctantia,
478 1950 542 2005 inde
556 1945 723 2023 ignorantia.

225 2052 294 2107 llinc
307 2045 419 2113 invidia,
435 2042 499 2099 inde
512 2038 601 2096 inanis
615 2034 716 2110 gloria.

225 2140 294 2197 ilinc
308 2134 422 2209 injuria,
437 2133 501 2188 inde
515 2126 667 2185 iracundia.

224 2231 293 2287 ilinc
307 2221 494 2287 immundicia,
511 2218 575 2275 inde
589 2212 773 2287 impudicicia.

225 2320 294 2375 Hinc
308 2315 424 2379 insania,
440 2310 504 2366 inde
518 2304 640 2363 infamia.

225 2409 295 2465 ilinc
308 2401 486 2477 impudentis,
495 2397 559 2453 iude
573 2390 772 2466 inpoenitentia.

225 2500 294 2555 llinc
308 2488 529 2564 intemperantia,
545 2485 610 2541 inde
623 2478 834 2538 inmoderantia.

225 2588 295 2645 liioc
309 2578 507 2643 inconstantia,
521 2576 585 2631 inde
597 2572 701 2646 jurgia.

224 2678 293 2735 ilinc
303 2673 414 2740 inflatia,
432 2669 497 2725 inde
512 2661 678 2737 indignatio.

225 2770 294 2827 ilinc
308 2760 471 2837 inquinatio,
487 2757 550 2814 inde
564 2750 715 2808 infestatio.

226 2859 296 2916 ilinc
308 2853 409 2920 illusio,
424 2849 488 2905 inde
502 2844 608 2900 irrisio.

224 2948 293 3004 ilinc
307 2942 447 3015 iniquitas,
462 2937 526 2992 inde
541 2934 678 3006 impietas.

226 3037 295 3092 ilinc
310 3032 427 3093 vanitas,
439 3027 504 3082 iude
518 3022 682 3090 immanitas,

223 3112 465 3191 llincignominia,
482 3110 546 3167 inde
565 3105 684 3181 ignavia.

223 3206 294 3263 ilinc
307 3198 476 3274 inquietudo,
492 3194 556 3250 iude
567 3190 692 3247 irritatio.

224 3297 294 3352 Hinc
307 3288 453 3356 insultatio,
466 3285 529 3340 inde
543 3276 751 3353 improperatio.

225 3385 295 3442 Hinc
309 3377 457 3444 calumnia,
472 3374 535 3431 inde
550 3366 752 3439 castrimargia.

224 3469 294 3525 ilinc
307 3465 466 3527 cachinnus,
480 3459 545 3514 inde
554 3470 649 3513 casus.

225 3559 295 3614 ilinc
308 3556 394 3621 labor,
409 3552 473 3607 inde
490 3548 570 3605 livor.
586 3546 594 3553 '

223 3647 293 3703 lliuc
306 3641 470 3716 loquacitas,
486 3639 550 3695 inde
565 3636 674 3695 levitas.

226 3732 297 3787 ilinc
313 3727 398 3793 laesio,
415 3724 478 3779 inde
492 3722 587 3780 libido.

223 3822 292 3877 ilinc
307 3816 425 3882 luxuria,
440 3813 505 3869 iude
521 3811 649 3868 lascivia.

224 3912 293 3966 ilinc
307 3906 434 3980 litigatio,
450 3903 514 3959 iude
524 3900 667 3958 laceratio.

225 4001 294 4058 Hinc
305 3996 424 4061 malicia,
437 3993 501 4049 inde
515 3989 672 4047 malefecia.

225 4091 259 4161 (f0
273 4091 336 4158 ato)
349 4086 421 4141 Hinc
435 4080 578 4139 modestia.
595 4079 660 4135 inde
673 4072 822 4132 moesticia.

227 4179 296 4235 ilinc
310 4173 478 4247 malignitas,
493 4172 558 4228 inde
571 4166 752 4225 mordacitas.

225 4268 295 4325 iiiuc
309 4264 463 4331 mendacia,
476 4258 708 4316 indemaledicta.

227 4357 295 4413 llinc
310 4352 446 4426 nequicia,
461 4349 526 4405 inde
540 4344 729 4422 neglegentia.

226 4446 294 4502 liinc
308 4458 396 4507 noxe,
412 4440 477 4496 inde
488 4452 582 4495 neces.

226 4534 295 4591 ilinc
309 4530 423 4598 oblivio,
439 4529 503 4586 inde
517 4525 631 4583 occisio.

224 4624 295 4682 ilinc
308 4622 414 4690 odium,
430 4617 495 4674 inde
509 4614 699 4688 obprobrium.

225 4714 294 4771 Hinc
303 4711 437 4785 pravitas,
453 4708 518 4763 inde
533 4704 713 4778 perversitas.

224 4800 293 4857 ilinc
308 4796 469 4869 periurium,
479 4793 543 4848 inde
553 4787 742 4863 parricidium.

223 4890 293 4947 ilinc
306 4886 369 4944 moli
383 4882 539 4959 persuasio,
554 4880 618 4936 inda
634 4877 697 4933 rnali
709 4874 847 4950 pervasio.

225 4980 295 5037 ilinc
309 4974 473 5048 persecutio,
488 4971 553 5028 inde
567 4968 692 5041 pollutio.

224 5068 293 5127 ilinc
307 5064 432 5139 pigricia,
448 5061 513 5117 inde
525 5056 683 5132 pervicatio.

224 5158 294 5215 ilinc
308 5153 506 5227 praevaricatio,
520 5148 584 5203 inde
600 5141 768 5218 provocatio.

224 5250 294 5305 lliuc
307 5240 493 5317 presumptio.
510 5236 576 5293 inde
589 5232 753 5307 prostitutio.

224 5338 294 5395 ilino
308 5333 453 5407 pernicies,
468 5330 533 5384 iude
547 5322 668 5397 perfidiae
682 5323 751 5379 lues.

224 5428 294 5483 llinc
307 5424 376 5486 rixa,
389 5420 453 5477 inde
467 5416 563 5489 rapina

223 5516 293 5573 lliuc
306 5512 430 5576 rebellio,
445 5508 508 5564 inde
522 5501 714 5577 reprehensio.

225 5603 295 5659 llinc
309 5600 446 5672 superbia,
460 5597 524 5654 inde
538 5593 676 5651 socordia.

229 5689 302 5749 iiiuc
315 5688 452 5759 saturitas,
465 5686 531 5745 inda
543 5683 689 5745 severitas.

489 5934 501 5979 l

532 191 683 255 nondun
703 184 955 255 AUGUSTODUN.
976 180 1056 249 OPP.
1078 189 1169 250 PARS
1188 186 1235 249 111.
1251 222 1285 233 -
1301 180 1503 249 struantur.
1777 188 1855 249 loos

1004 319 1032 381 Α
1082 315 1151 375 ilinc
1166 314 1329 381 scurrilitas,
1346 315 1410 371 inde
1425 310 1562 369 simultas:

1081 406 1152 463 Hine
1167 404 1289 473 tristicia,
1306 406 1369 461 inde
1385 402 1556 460 temulentia.

1080 497 1150 553 Hinc
1166 498 1315 564 temeritas,
1331 496 1394 551 inde
1407 494 1549 551 tenacitas.

1081 586 1150 643 llinc
1160 586 1300 653 timiditas,
1318 584 1381 641 inde
1398 583 1545 640 tumiditas.

1080 676 1150 733 liiuo
1161 676 1285 743 tarditat,
1300 674 1365 730 inde
1382 673 1512 731 torvitas.

1084 764 1153 823 liinn
1163 773 1263 833 terror,
1279 764 1345 821 inde
1360 772 1464 835 torpor.

1081 854 1151 911 Hinc
1162 854 1290 919 titillatio,
1307 853 1370 909 inde
1386 850 1517 909 turbatio.

1080 944 1150 1001 Hinc
1164 944 1280 1009 vanitas,
1291 942 1356 999 inde
1368 942 1506 1015 voluptas.

1082 1034 1151 1090 lliue
1165 1032 1324 1102 vinolentia,
1339 1032 1404 1088 inde
1417 1030 1558 1087 violentia.

1080 1122 1151 1181 ilinc
1165 1123 1295 1190 versutia,
1312 1122 1377 1178 inde
1391 1120 1531 1179 vexordia.

1082 1212 1151 1271 ilinc
1166 1212 1304 1282 violentia,
1321 1210 1385 1269 inde
1399 1209 1520 1268 vexatio.

1081 1303 1150 1360 istnc
1164 1300 1307 1369 veneficia,
1323 1301 1388 1357 inde
1403 1298 1574 1373 vaniloquia.

1081 1392 1151 1451 ilinc
1164 1391 1331 1459 xenodoxia,
1346 1389 1411 1448 inde
1425 1389 1574 1462 ypocrisis.

1081 1482 1150 1540 liinc
1165 1480 1216 1539 zeli
1230 1480 1398 1549 amaricatio,
1413 1478 1477 1537 inde
1491 1478 1579 1535 zabuli
1594 1475 1719 1535 imitatio.

999 1684 1028 1747 Β
1077 1710 1111 1783 (t0
1125 1713 1177 1767 tlt
1192 1712 1231 1783 νο)
1258 1710 1324 1767 liaeo
1352 1714 1424 1779 sunt,
1453 1704 1635 1771 dilectissimi,
1664 1704 1714 1763 via
1741 1720 1843 1780 pravo-

1043 1818 1101 1859 rum
1116 1818 1178 1875 quae
1191 1801 1293 1857 ducunt
1317 1798 1353 1855 ad
1381 1796 1517 1855 consortia
1546 1797 1757 1853 daemoniorum.
1792 1796 1847 1851 Per

1041 1893 1093 1948 has
1120 1891 1283 1965 quicumque
1301 1888 1517 1955 ambulaverunt,
1542 1885 1569 1942 in
1593 1894 1691 1958 stagno
1714 1884 1788 1959 ignis
1816 1891 1846 1941 et

1043 1981 1184 2053 sulphuris
1211 1978 1240 2034 in
1266 1986 1397 2035 aeteruum
1425 1975 1568 2033 ardebunt.
1608 1974 1663 2031 llas
1692 1990 1759 2050 ergo
1784 1980 1844 2031 toto

1042 2070 1140 2125 annisu
1158 2068 1352 2132 declinemus;
1378 2082 1429 2137 per
1456 2066 1567 2121 semitas
1593 2072 1682 2121 autem
1706 2065 1844 2135 y'ustorum

1043 2167 1099 2215 toto
1114 2158 1252 2215 desiderio
1276 2154 1454 2225 ambulemus,
1478 2162 1613 2227 quatenus
1636 2154 1670 2209 ad
1700 2170 1748 2211 eos
1774 2169 1844 2225 per-

1042 2246 1137 2303 venire
1150 2261 1302 2302 mereamur
1316 2259 1385 2318 quos
1401 2259 1451 2299 nos
1460 2242 1637 2317 praecessisse
1652 2242 1840 2317 gratulamur.

1043 2335 1228 2395 Recordemur
1243 2335 1317 2406 quod
1332 2333 1461 2389 saeculum
1477 2348 1526 2404 pro
1541 2348 1661 2404 superna
1680 2332 1770 2404 patria
1794 2347 1843 2387 re-

1042 2423 1203 2495 linquimus,
1224 2428 1250 2477 et
1271 2420 1334 2492 quia
1354 2418 1529 2475 claustralem
1554 2417 1710 2473 servitutem
1739 2431 1790 2488 pro
1805 2432 1843 2471 aa·

1042 2521 1117 2568 terna
1132 2512 1259 2566 libertate
1282 2508 1442 2564 subivimus.
1468 2504 1630 2563 claustralis
1654 2520 1771 2578 namque
1799 2503 1842 2559 di·

1042 2601 1166 2673 sciplinae
1193 2600 1350 2656 observatio
1378 2600 1421 2653 est
1456 2596 1534 2669 quasi
1571 2596 1711 2665 cuiusdam
1740 2592 1844 2649 camini

1042 2690 1214 2758 examinatio,
1231 2689 1257 2743 in
1283 2704 1336 2760 qua
1363 2687 1459 2757 rubigo
1481 2693 1655 2755 peccatorum
1683 2691 1844 2739 nostrorum

1041 2778 1249 2852 debetpurgari
1275 2786 1301 2833 et
1321 2774 1414 2849 imago
1439 2774 1488 2830 Dei
1518 2774 1545 2829 in
1573 2772 1716 2830 animabus
1739 2771 1845 2828 nostris

1041 2868 1200 2927 reformari.
1230 2867 1373 2938 Postquam
1397 2880 1463 2923 vero
1487 2864 1515 2919 iu
1530 2863 1595 2935 igne
1610 2862 1794 2919 tribulationis
1816 2869 1847 2917 ut

1041 2976 1135 3016 auram
1147 2956 1330 3030 probabimur,
1346 2965 1410 3011 tuuc
1431 2954 1465 3011 de
1486 2952 1601 3011 fornace
1625 2952 1725 3023 sumpti
1749 2951 1775 3007 in
1792 2965 1847 3021 pa-

1003 3047 1110 3112 Glocio
1136 3044 1258 3104 coetestis
1286 3046 1361 3117 regis
1389 3044 1496 3117 augelis
1523 3042 1741 3115 coequabimur.
1786 3038 1846 3103 Qui

1043 3139 1116 3194 enirn
1138 3134 1266 3193 monachi
1290 3139 1489 3205 nuncupamur,
1517 3134 1586 3187 iuter
1607 3139 1743 3201 martyres
1763 3144 1844 3185 oom-

1004 3258 1008 3267 -
1042 3235 1178 3299 putamur,
1208 3224 1231 3281 si
1252 3222 1449 3296 professionem
1473 3230 1594 3277 nostram
1617 3218 1693 3275 factis
1714 3234 1846 3291 exaequa-

1041 3334 1113 3373 mur.
1148 3316 1281 3386 Martyres
1311 3328 1410 3384 nempe
1448 3309 1574 3383 quamvis
1602 3308 1717 3383 gravia,
1747 3316 1847 3363 tamen

1041 3406 1134 3463 brevia
1154 3402 1279 3477 perpessi
1299 3411 1361 3458 suut
1383 3400 1528 3473 supplicis,
1552 3416 1603 3455 nos
1630 3413 1696 3456 vero
1717 3397 1846 3453 diuturna

1042 3496 1162 3568 patimur
1177 3493 1319 3564 martyria.
1343 3490 1506 3547 claustralis
1521 3490 1620 3547 etenim
1650 3488 1776 3555 inclusio,
1801 3504 1846 3543 re·

1042 3584 1147 3659 gularis
1162 3581 1304 3648 districtio,
1325 3580 1443 3637 vestium
1461 3579 1587 3649 abjectio,
1601 3580 1667 3651 juge
1689 3575 1845 3643 silentium,

1042 3675 1159 3731 alienum
1186 3672 1343 3744 imperium,
1381 3668 1480 3727 crebra
1510 3668 1623 3739 jejunia,
1653 3666 1765 3723 assidua
1792 3664 1846 3721 lla·

1042 3764 1126 3839 gella,
1151 3764 1233 3835 juges
1253 3760 1363 3835 vigiliae,
1397 3758 1608 3817 cottidianarum
1638 3757 1766 3814 horarum
1793 3771 1848 3810 ex-

1041 3849 1142 3915 cubiae,
1171 3848 1283 3919 insuper
1311 3843 1494 3903 confessionis
1517 3840 1652 3900 confusio.
1678 3838 1848 3912 poenitcntiae

1041 3937 1207 4004 amaritudo,
1246 3934 1354 4008 publica
1388 3948 1481 3990 coram
1520 3930 1649 3987 fratribus
1677 3926 1846 4001 obiurgatio,

1041 4026 1084 4085 vel
1114 4025 1236 4099 corporis
1262 4022 1415 4095 castigatio,
1450 4020 1605 4078 orationum
1632 4016 1771 4083 instantis,
1802 4015 1847 4072 le-

1042 4116 1162 4175 ctionum
1184 4114 1338 4187 vigilantia,
1369 4113 1427 4169 trac
1457 4110 1547 4167 omnia
1568 4117 1630 4165 sunt
1658 4106 1750 4165 carnis
1777 4121 1846 4163 cru-

1041 4207 1167 4264 ciamina.
1192 4205 1226 4259 lit
1251 4204 1313 4259 ideo
1338 4209 1468 4274 quantum
1493 4198 1527 4255 ab
1552 4207 1666 4271 argento
1693 4197 1752 4254 auri
1780 4212 1849 4269 pre·

1042 4296 1124 4363 cium,
1142 4301 1243 4350 motum
1265 4288 1357 4349 differt
1379 4292 1413 4347 ab
1428 4288 1489 4346 aliis
1514 4288 1592 4359 y'ustis
1619 4296 1721 4345 nostras
1751 4301 1847 4341 remu-

1000 4384 1190 4477 Doerationia
1210 4382 1364 4455 praemiunr.
1397 4379 1449 4437 Alii
1472 4378 1574 4451 quippe
1601 4377 1667 4447 iusti
1694 4374 1847 4433 secundum

1041 4476 1207 4533 voluntatem
1231 4488 1310 4529 suam
1337 4472 1397 4527 Deo
1425 4468 1580 4526 serviemnt
1611 4475 1638 4523 et
1661 4464 1734 4539 quod
1765 4463 1848 4521 libuit

1041 4564 1200 4631 omiserunt,
1226 4578 1276 4619 nos
1297 4574 1363 4618 vero
1379 4561 1447 4634 jugo
1475 4556 1638 4615 obedientiae
1667 4552 1779 4616 subditi.
1810 4569 1846 4611 aa

1041 4653 1204 4729 regularium
1227 4658 1423 4725 praceptorum
1453 4646 1521 4705 loris
1545 4644 1695 4711 constricti,
1715 4659 1771 4701 non
1792 4658 1845 4699 nos

1041 4744 1091 4800 sed
1119 4743 1201 4799 alium
1229 4740 1370 4814 sequimur
1396 4738 1594 4809 imperantem,
1631 4742 1660 4793 ut
1690 4735 1845 4805 jumentum

1042 4832 1184 4907 sequimur
1213 4823 1359 4905 [sequitur]
1387 4844 1417 4884 se
1448 4827 1608 4882 minantem.
1641 4822 1742 4880 Christi
1771 4818 1846 4878 cuim

1040 4921 1169 4979 animalia
1189 4935 1293 4987 sarnus,
1316 4926 1342 4975 et
1357 4917 1420 4973 ideo
1443 4931 1545 4989 pascua
1567 4910 1738 4987 perperavit
1763 4910 1845 4967 nobis

1041 5012 1069 5067 in
1096 5009 1241 5066 dulcedine
1267 5008 1353 5065 Deus.
1387 5005 1462 5064 Vina
1488 5003 1598 5061 Domini
1627 5018 1678 5058 nos
1701 4998 1845 5073 operarios

1041 5115 1197 5164 noscamus,
1224 5098 1329 5169 pondus
1352 5095 1406 5152 diei
1430 5103 1457 5151 et
1479 5102 1563 5151 astus
1586 5090 1720 5164 patienter
1733 5096 1761 5145 et
1774 5104 1844 5160 per-

1042 5196 1200 5246 severanter
1213 5186 1347 5253 feramus,
1358 5193 1387 5242 ut
1401 5192 1512 5255 peracto
1526 5183 1622 5238 labore
1645 5194 1706 5237 cum
1732 5178 1844 5234 Christo

1041 5292 1246 5343 remuneratore
1261 5280 1480 5354 requiescamus.
1507 5280 1537 5333 ln
1551 5276 1654 5335 castris
1672 5274 1772 5332 summi
1794 5290 1845 5332 rc-

1042 5384 1086 5459 gis
1108 5384 1186 5457 quasi
1211 5382 1239 5437 in
1264 5380 1405 5454 procinctu
1427 5378 1527 5435 milites
1556 5374 1732 5443 excubamus,
1762 5383 1843 5431 nocte

1040 5500 1072 5543 ac
1086 5483 1130 5541 die
1143 5484 1170 5539 in
1192 5484 1251 5540 acic
1265 5488 1362 5539 contra
1385 5482 1477 5537 hostes
1501 5476 1650 5552 pugnaudo
1671 5475 1842 5532 laboramus.

1046 5582 1080 5641 Et
1098 5582 1171 5655 ideo,
1187 5579 1369 5652 dilectissimi,
1393 5579 1513 5635 habitum
1536 5585 1659 5635 nostmm
1689 5573 1843 5633 secuudum

1044 5682 1161 5743 formam
1195 5680 1345 5741 nomiman
1377 5678 1468 5739 crucis
1497 5676 1678 5748 sumturus,
1710 5673 1844 5733 mundum
