3942 6067
114 242 166 295 993
434 234 618 295 seductori
638 229 826 293 ECCLESIAE.
851 264 885 275 -
904 232 954 287 ba
972 228 1222 291 assultatione
1242 232 1270 289 S.
1292 228 1422 291 MARIAE.
1721 228 1773 293 tat
1850 282 1853 288 .

115 363 187 420 tulit.
208 348 321 421 lividus
335 361 427 435 itaque
442 362 474 435 (b
488 365 551 433 iti)
564 362 688 431 coluber,
700 360 786 418 hostis
808 359 916 415 anima·
931 357 959 418 Α
973 364 1063 413 inatus
1074 358 1135 427 eius
1162 356 1361 414 misericordiae
1390 356 1435 429 qui
1445 370 1542 415 omnes
1564 357 1690 415 homines
1717 358 1775 417 ruit

117 469 177 509 rum
193 452 330 517 diabolus,
347 448 919 522 transactisrii-tiuvidenspiistaboiitms,
974 446 1066 503 salvos
1095 445 1189 517 iieri(i
1204 449 1274 503 Tim.
1294 446 1336 519 ιι)1
1367 445 1528 503 inexhausta
1547 445 1774 525 divinaepietatis

118 541 291 599 mortiterum
306 542 378 598 virus
393 542 419 599 ei
433 541 584 613 inspirans,
599 548 721 597 mentem
737 540 797 610 eius
813 539 921 593 saucia·
975 535 1080 593 viscera
1097 535 1233 593 continuis
1247 537 1376 609 precibus
1389 536 1480 609 pulsat
1498 536 1613 609 ejusqui
1628 536 1702 609 piam
1717 536 1771 593 Ge·

118 631 160 687 vit
174 630 384 687 etclaudestino
399 630 493 687 dolore
515 629 637 704 graviter
652 628 804 701 instigavit.
835 625 923 698 Coepit
975 625 1098 682 nitricem
1112 624 1201 697 largis
1215 624 1324 681 tletibus
1340 625 1447 683 invocat
1462 642 1470 689 i
1486 633 1513 683 et
1528 624 1685 684 misericors
1696 624 1776 683 etmi-

117 735 217 792 uempe
230 719 356 777 aestuanti
365 719 496 793 ingerere
511 735 541 775 se
556 718 694 793 privatum
708 717 804 774 dolere
824 732 856 772 ac
874 732 922 771 so·
977 723 1083 772 serator
1097 714 1158 771 sons
1168 714 1277 788 pietatis
1291 730 1346 772 non
1358 714 1461 787 sprevil
1477 731 1566 789 neque
1580 714 1705 787 despexit
1724 714 1777 773 de-

117 807 166 865 lito
191 809 297 866 bonore
318 808 467 881 populique
490 808 584 866 lavore
607 823 712 864 carere.
735 806 815 863 Unde
836 803 923 861 ludaei
977 803 1165 877 precationem
1180 804 1212 875 (p
1226 804 1329 876 22lv0)
1344 803 1475 877 pauperia
1490 805 1581 877 (Perit.
1601 804 1679 877 xxi).
1702 802 1776 875 Qua·

117 897 193 971 magi
208 897 336 954 auxilium
360 896 497 969 implorat,
523 906 550 953 et
571 901 600 952 ut
616 895 669 951 sibi
683 896 711 952 in
732 894 785 953 lioc
806 893 923 968 negocio
977 893 1041 951 dani
1055 909 1173 967 namque
1187 902 1267 952 nocte
1281 893 1365 950 nimio
1388 893 1497 966 ploratu
1513 891 1643 967 fatigatus
1670 894 1776 951 obdor·

118 986 267 1044 subveniat
280 1002 448 1061 magnopere
467 994 574 1043 exorat.
590 984 643 1055 Qui
654 985 776 1058 pertidus
784 984 924 1057 perditum
978 981 1063 1044 miiit.
1077 991 1105 1038 et
1119 998 1184 1040 ecce
1198 984 1276 1039 beata
1291 982 1343 1038 Dei
1359 982 1493 1053 Genitrix,
1510 981 1662 1061 consolatio
1688 982 1777 1041 inise-

118 1092 181 1133 cum
197 1079 275 1133 carta
295 1076 330 1133 ad
344 1076 484 1133 diabolum
499 1075 588 1143 mittit,
612 1074 778 1146 adjutorium
793 1074 852 1144 eius
867 1070 924 1129 effi·
978 1087 1080 1140 rorum,
1097 1070 1234 1146 retugium
1261 1080 1443 1145 peccatorum,
1459 1073 1598 1145 reparatio
1626 1072 1777 1147 lapsorum,

120 1180 173 1222 cax
187 1165 332 1238 promittit.
348 1164 413 1235 Quo
434 1164 598 1236 perveniens
613 1179 679 1221 acce
694 1162 821 1220 diabolus
845 1160 925 1235 quasi
978 1161 1105 1219 moerenti
1132 1162 1226 1230 astitit,
1256 1162 1391 1219 Christum
1418 1178 1516 1235 preces
1544 1163 1698 1235 exaudisse,
1727 1176 1778 1222 vc-

119 1272 170 1311 rex
194 1262 343 1311 coronatus
364 1254 392 1309 iu
406 1252 516 1310 sublimi
544 1253 667 1322 sedehat,
683 1253 821 1310 exercitus
847 1249 925 1307 mali·
978 1252 1053 1307 niam
1069 1257 1159 1307 reatus
1187 1251 1228 1307 sui
1240 1266 1274 1309 aa
1284 1248 1434 1323 opitulante
1448 1268 1510 1308 eum
1520 1262 1696 1311 consecutum
1706 1260 1779 1311 retu·

119 1359 237 1417 gnorum
260 1343 403 1417 spirituum
428 1343 507 1415 quasi
524 1344 603 1399 turba
626 1342 741 1398 militum
757 1343 873 1407 astabat,
899 1349 925 1397 et
976 1340 1022 1397 iit.
1042 1339 1095 1411 Qui
1121 1339 1330 1413 expergefactus
1344 1356 1447 1414 magno
1466 1341 1575 1415 quidem
1590 1342 1691 1415 gaudio
1715 1358 1779 1415 per·

120 1433 215 1507 quise
238 1432 408 1507 inangelum
427 1430 705 1505 lucistranstigurat,
725 1431 760 1487 ad
784 1428 925 1502 deceptio·
978 1428 1109 1497 funditur,
1139 1428 1188 1486 sed
1217 1446 1313 1486 rursus
1340 1428 1459 1487 maximo
1479 1446 1598 1487 moerore
1625 1431 1780 1489 concutitur
1876 1472 1885 1483 .

122 1538 186 1579 nem
201 1522 296 1579 miseri
318 1520 403 1577 multa
421 1520 564 1577 luminaria
585 1521 660 1578 circa
673 1537 703 1576 se
718 1520 817 1577 ardere
837 1519 924 1576 simu·
977 1518 1044 1575 dum
1072 1518 1248 1577 abhominale
1276 1520 1491 1591 manuscriptum
1506 1506 1645 1577 diabolum
1672 1521 1776 1579 babere

122 1611 206 1679 labat,
236 1610 428 1684 accipiensque
458 1612 492 1666 ab
520 1627 554 1668 eo
575 1619 680 1667 cartam
702 1610 820 1669 celerem
844 1626 923 1681 opem
979 1607 1177 1665 reminiscitur.
1197 1608 1275 1667 Unde
1285 1610 1383 1665 iterum
1398 1608 1472 1665 humi
1493 1608 1686 1682 prosteruitur,
1699 1610 1782 1669 uber·

121 1704 239 1775 spondet
262 1701 284 1755 si
300 1700 382 1757 modo
411 1700 523 1755 Mariam
550 1704 577 1757 et
593 1700 689 1755 Filium
700 1700 763 1772 ejus
789 1700 881 1755 iesum
897 1698 923 1754 in
938 1697 1059 1784 Brimis
1073 1698 1195 1755 lacrimis
1210 1698 1346 1767 turbatur,
1363 1698 1425 1771 ejus
1440 1698 1530 1757 vuitus
1545 1699 1694 1756 conteritur
1710 1714 1776 1755 rur-

126 1790 230 1863 seripto
243 1790 375 1864 abneget.
407 1792 443 1845 llt
465 1789 512 1846 illa
526 1789 618 1845 infelix
629 1788 712 1846 nichil
728 1797 849 1845 moratus
877 1804 926 1861 per
980 1804 1081 1861 susque
1094 1787 1181 1845 tessus
1191 1803 1290 1860 sopore
1303 1787 1437 1860 premitur
1452 1795 1498 1855 ;et
1511 1804 1576 1846 ecce
1590 1787 1688 1845 iterum
1706 1788 1782 1845 salus

123 1878 331 1953 cyrographum
349 1878 401 1935 Dei
430 1879 565 1954 virginem
579 1879 685 1952 Deique
708 1879 808 1935 Filium
832 1896 865 1936 ex
894 1894 926 1934 ea
980 1878 1084 1945 mundi,
1101 1886 1178 1949 porta
1199 1877 1270 1947 coeli,
1302 1876 1418 1935 Domina
1433 1893 1541 1955 regum,
1566 1877 1651 1935 decus
1678 1876 1782 1933 mulie·

126 1970 301 2043 progenitum
328 1969 457 2043 abnegat,
474 1970 633 2043 litterasque
665 1968 801 2043 sigillatas
815 1969 843 2024 in
871 1984 929 2025 nia·
981 1984 1055 2035 rum,
1070 1982 1180 2039 gemma
1206 1964 1354 2039 virginum,
1371 1966 1416 2022 lux
1432 1964 1608 2034 seculorum,
1635 1962 1781 2040 gratulatio

126 2074 193 2115 nom
202 2056 350 2130 perditoris
365 2056 520 2129 complicat.
539 2056 626 2127 Quem
642 2058 787 2130 deceptum
795 2059 928 2129 deceptor
981 2056 1153 2131 angelorum,
1184 2058 1273 2113 honor
1287 2054 1683 2124 credentium,aetanstristem
1712 2070 1782 2114 cou-

124 2148 279 2204 animarum
301 2147 486 2219 perosculuin
508 2146 537 2202 in
554 2164 634 2203 suum
648 2147 798 2203 dominium
813 2146 925 2221 allegat,
981 2146 1088 2203 solatur
1104 2153 1229 2214 ;caitam
1243 2160 1326 2217 super
1348 2152 1445 2217 pectus
1454 2144 1514 2215 ejus
1528 2160 1644 2217 ponens,
1660 2148 1690 2200 ut
1713 2160 1782 2216 gau·

72 2260 78 2267 ·
123 2236 256 2309 pollicens
269 2237 344 2310 quod
357 2236 475 2295 celerius
488 2237 633 2308 primatum
662 2235 928 2308 totiusepiseopatus
981 2236 1046 2291 duat
1061 2235 1094 2291 de
1111 2232 1251 2291 benefieiis
1262 2233 1311 2289 Dei
1326 2233 1457 2292 hortatur.
1475 2232 1523 2291 ille
1538 2232 1674 2307 evigilans
1682 2248 1782 2289 manu-

124 2324 204 2383 ierat.
224 2325 337 2382 liliadie
352 2324 498 2397 episcopus
519 2325 649 2399 quasdam
664 2324 813 2398 dignitates
836 2331 926 2381 muta·
981 2324 1114 2396 scriptum
1129 2340 1213 2396 super
1227 2339 1257 2381 se
1271 2322 1415 2380 inveniens
1440 2323 1542 2380 exultat
1559 2322 1724 2391 inllomino,
1741 2322 1785 2378 iii·

124 2413 173 2481 vit,
188 2413 368 2485 Theophilum
394 2429 444 2469 suo
472 2412 563 2470 cilicio
578 2413 726 2469 restituens
753 2412 780 2467 in
809 2419 862 2468 tota
877 2428 927 2469 sua
981 2412 1088 2471 effabile
1103 2413 1199 2489 gratim
1212 2413 1270 2483 ejus
1285 2412 1485 2485 solvitvmuum
1506 2411 1533 2468 in
1543 2410 1631 2484 jubilo
1643 2430 1650 2477 ;
1663 2426 1710 2469 cor
1724 2413 1782 2483 ejus

125 2510 260 2575 potestate
274 2518 335 2558 eum
364 2502 555 2559 vicedomnum
579 2501 716 2569 exaltavit,
733 2517 850 2573 cumque
878 2518 927 2573 per
981 2512 1008 2561 et
1020 2518 1085 2560 caro
1101 2502 1290 2559 exsiliaverunt
1305 2502 1332 2557 iii
1347 2501 1436 2558 Deum
1443 2500 1533 2558 vivum
1550 2502 1637 2573 (Psoi.
1649 2502 1779 2573 cxxxiii),

124 2592 229 2666 aliquot
254 2599 361 2664 tempus
389 2592 418 2646 in
431 2590 621 2660 huiuscemodi
641 2598 721 2648 nacta
742 2590 928 2647 dominatione
981 2609 1062 2667 quem
1079 2592 1150 2659 coeli,
1176 2599 1257 2659 terra,
1270 2607 1346 2648 mare
1373 2590 1499 2647 etomnia
1528 2607 1590 2663 quae
1604 2590 1695 2658 ineis,
1717 2588 1781 2645 lau·

125 2680 302 2747 exaltaretur,
330 2689 357 2737 et
371 2681 476 2753 perdita
502 2680 655 2737 mentesibi
681 2680 793 2738 divicias
816 2678 927 2736 affluere
980 2681 1047 2737 der-t
1062 2680 1089 2735 iii
1108 2688 1250 2749 aeternum,
1268 2678 1395 2751 quoniam
1424 2677 1580 2751 ipsesoius,
1595 2678 1724 2752 quoniam
1751 2678 1780 2734 in

126 2769 274 2837 letaretur,
303 2769 397 2827 divino
426 2768 555 2827 instincto
584 2769 666 2843 coepit
684 2770 755 2825 intra
777 2786 807 2826 se
827 2769 928 2825 anxius
981 2769 1110 2827 saecubm
1125 2768 1313 2826 misericordia
1328 2769 1481 2840 ejustPsol.
1497 2770 1617 2840 cxxxv).
1637 2766 1780 2839 Reliquum

125 2858 252 2916 meditari
275 2859 349 2933 quod
372 2859 453 2916 hodie
468 2859 511 2915 vel
525 2875 589 2916 cras
619 2866 665 2916 aut
684 2859 780 2932 quovis
805 2867 928 2931 ternpore
982 2867 1090 2931 tempus
1114 2858 1187 2933 quod
1216 2856 1375 2931 supervixit,
1401 2856 1429 2915 in
1444 2856 1494 2913 Dei
1512 2856 1630 2914 servicio
1643 2856 1727 2923 duxit,
1756 2862 1784 2914 et

125 2956 249 3015 moriens
275 2958 387 3015 eternis
413 2956 557 3015 tormentis
574 2958 689 3014 deberet
716 2973 766 3029 pio
793 2957 836 3015 liis
864 2972 928 3015 ern-
982 2957 1096 3022 accepto
1122 2947 1224 3013 Christi
1252 2963 1368 3019 corpore
1387 2955 1417 3002 ui
1443 2945 1549 3018 tempas
1564 2961 1580 3003 a
1594 2944 1697 3003 lumina
1719 2942 1785 3002 illu-

127 3058 209 3116 ciari.
228 3056 357 3114 Divinum
370 3071 437 3113 vero
463 3056 678 3127 perhorrescens
688 3055 830 3126 iudicium,
856 3055 927 3111 olam
943 3038 1113 3148 cmlssilffl'i
1129 3045 1156 3094 0¹
1182 3052 1246 3093 ¹110¹
1261 3052 1311 3109 per
1322 3035 1373 3093 Dei
1386 3034 1554 3092 Gessiilisseffl
1577 3034 1612 3091 δᾶ
1638 3032 1784 3091 Videndum

128 3156 274 3214 ecclesiam
301 3156 397 3226 intrat,
431 3154 479 3211 XL
506 3155 566 3211 dies
599 3155 721 3227 jejuniis,
750 3148 859 3228 vigiliis
884 3153 928 3211 la.
984 3153 1080 3195 verum
1094 3136 1187 3193 lumen
1201 3136 1340 3195 Christum
1355 3135 1383 3192 iii
1397 3134 1500 3193 lumine
1523 3136 1603 3193 Patra
1616 3135 1651 3192 ad
1667 3148 1787 3207 superna

127 3246 230 3303 menda
254 3246 407 3312 continuat,
428 3251 507 3300 actus
534 3260 599 3301 suos
626 3243 787 3302 totocorde
808 3243 928 3314 abdicat,
983 3252 1069 3311 leant
1095 3243 1218 3293 vitiatur·
1249 3235 1292 3293 Ad
1318 3236 1390 3293 hanc
1416 3249 1522 3301 mmm·
1553 3232 1699 3303 inanimi,
1727 3238 1784 3291 ¹⁰2¹

127 3342 274 3417 indignum
310 3358 342 3400 se
364 3340 497 3416 suffragio
520 3342 642 3399 omnium
673 3351 830 3401 sauctorum
854 3342 931 3413 judi·
984 3344 1076 3393 mente
1097 3334 1246 3410 fugiamus,
1263 3340 1325 3391 vota
1352 3347 1477 3407 precum,
1496 3330 1602 3390 hostiae
1624 3330 1737 3389 laudum
1756 3332 1786 3388 ei

127 3448 184 3511 cat,
212 3440 313 3515 quippe
341 3456 404 3497 cuni
432 3440 523 3513 ipsum
545 3441 633 3497 Deum
661 3440 821 3515 largitorem
845 3439 932 3497 bona·
985 3433 1143 3501 reddamus,
1160 3436 1297 3507 quatenus
1310 3446 1370 3488 cari
1385 3446 1447 3488 cum
1463 3429 1531 3488 Filio
1547 3443 1597 3488 suo
1613 3428 1786 3489 mahuiae-

128 3554 189 3595 rum
217 3537 330 3611 ejusque
345 3552 401 3609 proe
414 3536 543 3594 omnibns
564 3535 679 3593 electam
710 3536 844 3611 virginem
872 3537 932 3593 lda-
984 3533 1112 3606 gaiorum
1135 3532 1317 3603 imperantem
1345 3528 1487 3587 videamus
1515 3536 1543 3587 et
1567 3528 1686 3603 aliquam
1699 3527 1787 3601 parti·

128 3644 199 3692 trem
214 3633 406 3707 abnegaverit,
418 3632 534 3707 insuper
548 3632 695 3705 inscripto
709 3632 821 3691 diabolo
831 3633 932 3691 tradito
985 3631 1075 3687 culam
1091 3626 1184 3702 gaudii
1209 3625 1332 3696 ejusdem
1345 3624 1426 3699 regni
1440 3640 1474 3681 ea
1488 3624 1594 3683 lavante
1603 3624 1786 3683 obtineamus.

127 3734 241 3807 januam
266 3730 320 3789 sibi
354 3731 444 3789 venire
466 3730 630 3789 obcluserit.
651 3732 772 3788 Tandem
800 3746 849 3803 spe
870 3730 932 3787 ani·
985 3726 1072 3798 Quam
1086 3725 1184 3784 oculus
1198 3724 1223 3796 (Ι
1236 3724 1301 3783 dor.
1319 3724 1360 3795 ii),
1377 3729 1404 3779 et
1418 3730 1531 3781 cetera.

171 3884 205 3947 Si
219 3886 251 3947 iri
266 3884 318 3949 die
331 3883 495 3947 Dominico
509 3882 626 3946 festum
639 3883 742 3945 sancti
754 3881 976 3945 Bartholomaei
991 3879 1098 3943 evenit
1112 3876 1183 3938 hec
1197 3874 1315 3938 addere
1326 3874 1466 3937 sermoni
1480 3872 1591 3935 licebit
1607 3890 1614 3933 i

340 4046 381 4103 De
394 4049 494 4104 sancto
505 4044 722 4105 bartholomeo.
987 4038 1090 4113 arrepti
1105 4036 1307 4110 expiraverunt,
1323 4033 1420 4109 reliqui
1433 4050 1535 4093 omnes
1546 4028 1720 4093 Christoiieo
1728 4047 1789 4091 cre·

987 4132 1125 4187 diderunt.
1154 4127 1243 4193 Nune,
1268 4124 1415 4192 karissimi,
1445 4124 1595 4181 clamemus
1618 4122 1654 4179 ad
1677 4120 1790 4179 ditissi-

166 4186 265 4259 iiodie,
281 4187 429 4257 karissimi,
446 4188 527 4244 beato
541 4188 736 4244 Bartholomaeo
758 4186 866 4244 devotio
880 4200 933 4243 no·
987 4234 1073 4289 mum,
1103 4216 1284 4289 deprecantes
1314 4213 1373 4283 ejus
1394 4212 1547 4285 apostolum
1563 4219 1592 4269 ug
1613 4213 1673 4284 ejus
1694 4219 1790 4270 ,ηοω

132 4285 191 4335 'm
217 4277 352 4379 ωρΡῙίῩῗῑ
377 4281 511 4379 (Ψθιῗω
538 4277 664 4378 ”⁰⁸55OE
689 4276 847 4349 depre⁰²¹i⁰
875 4277 934 4375 ⁰5⁰
989 4308 1114 4366 oramine
1127 4304 1230 4381 gandia
1256 4301 1441 4376 percipiamus
1454 4302 1482 4359 in
1495 4310 1619 4361 extremo
1647 4300 1787 4359 examine.

131 4375 228 4424 nostro
243 4367 396 4425 concilicet.
426 4368 476 4423 iiic
491 4373 533 4423 est
560 4384 633 4424 enim
648 4382 718 4423 unus
733 4366 831 4423 dcxli
858 4366 936 4423 orbis
990 4396 1079 4469 Quam
1094 4396 1190 4454 mulus
1204 4408 1259 4450 nou
1275 4392 1353 4461 Μὴ,
1369 4398 1519 4450 emtam·

130 4455 282 4527 judicibus,
312 4456 410 4513 etideo
432 4455 550 4513 assiduis
578 4456 705 4529 precibus
719 4454 875 4529 flagitemus
902 4436 972 4511 utD

133 4560 186 4603 nos
212 4562 275 4603 cum
298 4545 403 4602 dextris
429 4544 573 4616 injudicio
601 4552 700 4602 statuat
714 4544 852 4621 etgaudia
870 4559 934 4602 cum
1217 4520 1256 4577 ⁰⁶
1270 4522 1368 4578 “istil‘’
1385 4520 1554 4593 Animum·

130 4634 211 4706 justis
227 4634 306 4691 nobis
319 4634 449 4692 obtineat.
473 4635 524 4691 liic
538 4634 640 4707 Spiritu
655 4640 749 4691 sancto
777 4634 933 4709 instigatus,
1008 4644 1790 4720 corrumpentmntttsepi'ealiamjiietifflccta'.xxxix).

133 4724 234 4780 vexillo
244 4729 346 4781 mnatre
360 4722 450 4780 crucis
466 4731 598 4791 armatus,
614 4723 718 4780 Indiam
727 4724 762 4780 ad
776 4737 935 4797 expugnari·
988 4740 1051 4797 Non
1061 4742 1106 4797 est
1115 4736 1231 4808 iustum,
1254 4734 1402 4803 karissimi,
1417 4741 1446 4789 ut
1460 4732 1543 4790 hodie
1570 4732 1700 4789 ιὶΙοιιιιω
1718 4748 1788 4805 prie-

134 4812 505 4886 dosdaemonesingreditur‚
520 4813 677 4887 multusque
691 4812 936 4887 populuspereum
990 4835 1070 4895 conj,
1085 4833 1175 4892 mog
1192 4831 1349 4907 Augustini,
1364 4830 1516 4904 prmum
1530 4844 1595 4887 mm
1623 4829 1683 4903 gp„
1703 4829 1792 4887 Deum

135 4900 172 5001 ad
200 4917 294 5001 reruni
318 4902 406 4958 Deum
430 4902 596 4959 convertitur
611 4902 756 4973 :adcujus
779 4902 936 4976 ingressum
991 4940 1141 4999 omnesque
1156 4931 1267 4981 mom
1281 4921 1373 4978 mum,
1388 4918 1535 4994 monii,
1548 4918 1685 4989 malem,
1701 4917 1793 4977 nena-

135 4990 174 5047 (ω
191 4999 327 5064 ff‘mmnb
352 4990 458 5048 ³⁰ffi⁰⁰²
471 4990 615 5058 daem⁰¹²i³r
643 4992 846 5061 ⁰b¹¹¹⁰t0⁸⁰⁰¹¹b
872 4988 936 5047 5¹¹5·
992 5030 1118 5089 queenm
1133 5028 1207 5070 nunc
1221 5012 1398 5069 interamnae
1413 5018 1523 5067 sanctos
1535 5008 1666 5066 idoneum
1687 5008 1793 5067 collau-

137 5077 213 5135 deies
228 5079 307 5155 sigua
322 5088 349 5136 et
362 5078 491 5155 prodigia
505 5096 556 5153 per
569 5096 631 5136 eum
643 5079 715 5139 iacta
736 5080 938 5154 obstupescunt
991 5105 1117 5163 gamem
1132 5117 1211 5159 ,uum
1235 5099 1417 5158 gmngqupgfp,
1434 5098 1520 5169 nujus
1534 5097 1698 5171 „pignum
1714 5096 1793 5157 ΜΗ

136 5166 172 5239 (Ῐο
184 5168 261 5241 226),
279 5168 452 5226 Ydoldll'iam
466 5168 494 5224 in
509 5168 586 5225 India
600 5169 860 5241 destruxitfflomissi
871 5172 940 5229 JCSU
992 5192 1149 5253 “quandam
1163 5200 1190 5249 et
1218 5205 1306 5265 usque
1319 5190 1348 5245 jn
1374 5186 1506 5247 mulum
1532 5202 1587 5245 non
1608 5188 1715 5245 deletur
1740 5203 1791 5260 pgr

137 5255 237 5313 Christi
247 5257 378 5315 ecelesias
402 5257 506 5331 ubique
532 5258 669 5330 instruxit,
686 5273 781 5333 regern
809 5259 939 5316 indorum
993 5300 1076 5359 qum
1090 5282 1316 5354 &demusque
1330 5280 1358 5335 q„
1384 5278 1470 5336 finem
1484 5278 1596 5351 0091030
1618 5278 1788 5347 qnsgmggu„

138 5359 205 5447 ⁰⁰¹³,
216 5347 291 5403 ⁰¹¹¹¹¹i
317 5346 419 5421 P⁰P¹¹¹⁰
438 5347 473 5403 ⁸d
487 5347 654 5420 ⁸5¹¹ffi⁰¹¹⁰¹¹¹
667 5348 762 5405 ‘nemi
784 5348 868 5423 ¹¹⁰⁸ss
886 5349 938 5405 ‘d'
994 5390 1076 5448 aqua
1090 5373 1149 5444 ejus
1178 5387 1234 5431 non
1261 5370 1372 5429 recedet
1384 5366 1518 5426 memoria
1544 5367 1608 5442 quia
1622 5375 1649 5425 et
1667 5367 1711 5425 hic
1733 5366 1793 5424 dies

139 5434 229 5493 duxit.
258 5436 336 5495 Unde
350 5453 365 5492 a
380 5436 464 5493 tratre
492 5436 567 5511 regis
584 5438 802 5511 comprehensus
823 5436 940 5496 fustibus
994 5463 1113 5522 celebris
1128 5470 1170 5521 est
1192 5468 1219 5519 οι
1232 5460 1260 5517 in
1278 5468 1385 5519 mem
1410 5458 1511 5533 μοι-ὴ,
1531 5458 1639 5515 ΝΟΜ
1666 5456 1725 5527 eju,
1744 5470 1795 5528 pe„

138 5541 284 5603 mactatur,
300 5533 364 5591 deiri
393 5533 559 5604 excoriatur,
576 5532 639 5592 exin
653 5532 819 5605 decollatur,
844 5534 941 5609 sicque
995 5569 1095 5612 omn„
1122 5550 1311 5627 generatione,
1338 5550 1372 5606 ‚a
1400 5546 1608 5605 [edificationem
1642 5544 1797 5619 requiretur

139 5629 275 5703 sanguine
288 5630 431 5689 laureatus
445 5647 565 5705 superno
579 5632 684 5689 senatui
698 5632 861 5691 associatur.
876 5634 943 5691 Post
996 5642 1071 5716 quod
1085 5641 1112 5698 iri
1126 5640 1197 5697 eoelo
1210 5637 1396 5712 eomcriptum
1408 5638 1444 5695 de
1459 5636 1531 5694 libro
1545 5634 1695 5697 vivendum
1720 5648 1796 5701 ntia-

139 5728 201 5786 hac
227 5741 325 5787 omnes
348 5728 468 5791 lmtores
490 5730 588 5792 mortis
610 5728 942 5809 apostoliadeiiioiiibus
968 5820 974 5829 .
997 5730 1212 5808 quamdeletur.
1225 5728 1277 5793 llic
1290 5728 1378 5791 adhuc
1390 5726 1502 5805 gentilis
1517 5726 1710 5793 hereticorum
1737 5723 1798 5783 tau·
