3942 6067
232 307 287 368 idi
507 295 657 360 BONORII
676 293 925 357 AUGUSTODUN.
942 292 1021 350 ΟΡΡ.
1042 291 1130 347 PARS
1149 293 1169 347 l.
1190 321 1226 334 -
1243 291 1381 349 DthSC.
1398 289 1444 346 ET
1463 287 1600 346 utstott.
1828 289 1882 348 hid

271 425 654 487 iouluiauictcralovinieno
667 421 785 496 quodam
800 420 932 475 monacho
947 416 1025 473 dicti.
1044 429 1072 491 Α
1120 416 1293 488 Eutychiani
1324 415 1360 469 ah
1391 412 1542 484 Eutychete
1580 409 1881 483 Constantinopolitano

235 517 270 572 lli
284 522 411 573 asserunt
424 515 527 570 nullam
540 512 694 569 distantiam
710 509 858 566 esseinter
883 513 982 579 nuptas
1006 512 1034 561 et
1087 503 1188 560 abbata
1206 503 1245 559 ita
1273 501 1419 560 nominat.
1451 499 1486 555 lli
1510 506 1612 571 negem
1633 498 1662 552 in
1683 498 1791 555 Christo
1812 499 1883 554 duas

236 603 377 678 virginem
392 602 465 658 iuter
478 601 647 658 abstinentes
660 606 687 656 et
701 597 853 671 epulantes.
1086 600 1201 648 naturas
1222 607 1300 660 esse,
1324 591 1374 648 aad
1393 589 1480 645 aulam
1503 585 1624 644 divinam
1647 586 1675 642 in
1695 602 1730 644 eo
1748 593 1812 659 post
1834 603 1883 644 as-

272 691 416 749 lituldinui
425 689 459 744 ah
469 687 576 746 Elvidio
585 686 703 760 quodam
712 688 874 759 presbytero
883 683 1029 741 nominati.
1087 687 1222 752 sumptam
1254 695 1387 746 carnem,
1419 675 1523 734 seilicet
1553 689 1665 733 caruem
1696 674 1725 730 in
1753 674 1882 732 deitatem

236 779 270 835 ih
285 778 377 835 dicunt
390 776 500 833 hieriam
515 776 584 833 alios
602 775 675 833 fih0s
697 783 760 849 post
782 782 875 832 uatum
888 771 1034 846 ,Christum
1086 780 1198 826 versam
1211 767 1374 840 pradicant.

234 865 384 937 nerosepu
397 863 552 936 reperisse·
1122 873 1331 948 cooperasse
1345 864 1561 944 capuensem
1575 869 1885 944 quipposacccpauc

270 951 831 1025 PalamaniaPalem(1¹¹0i12111101101'fi·
843 949 1033 1008 Ηῑῑῡῖθῐῑθῑθθ
1087 963 1188 1020 dicitur
1199 967 1300 1035 caput.
1319 961 1354 1018 lli
1366 961 1426 1018 aine
1446 968 1558 1018 auctora
1582 965 1660 1027 aunt,
1685 966 1712 1016 at
1730 960 1799 1014 duaa
1813 960 1884 1015 sub·

236 1039 362 1112 torpori!
376 1047 470 1112 paries
484 1056 500 1096 t
515 1039 624 1097 diabolo
638 1039 732 1098 dicuni
744 1038 844 1098 laclaa.
1087 1052 1199 1109 stantiae
1210 1051 1238 1106 in
1253 1050 1362 1107 Christo
1375 1057 1493 1122 negant,
1519 1065 1601 1104 unam
1624 1056 1749 1104 natamm
1770 1047 1798 1103 in
1820 1049 1884 1117 eiua

272 1128 385 1186 Arabici
395 1128 541 1186 abtrabia
555 1128 697 1201 provincia
706 1128 781 1186 dieti.
792 1127 826 1184 lli
840 1127 960 1184 animam
970 1139 1032 1182 cum
1087 1155 1235 1214 mmmm
1249 1139 1412 1211 perediam,

236 1230 350 1289 corpore
364 1216 442 1289 mori,
464 1223 491 1272 et
513 1224 660 1290 utrumque
675 1216 867 1275 innovissimo
887 1227 1033 1287 resurgere
1124 1245 1307 1303 Theman,-
1320 1248 1348 1300 ep
1360 1243 1500 1300 Gamla,
1514 1242 1731 1301 &Theodosium
1741 1251 1768 1300 01
1776 1242 1884 1300 Gaiano

233 1311 389 1406 ⁸⁸⁵⁰ffl¹¹²g
660 1393 666 1405 1
806 1392 812 1405 ,
955 1389 961 1402 ,
1001 1389 1007 1402 ,
1087 1332 1225 1407 episcopia
1240 1332 1412 1389 Alexandriae
1433 1330 1534 1388 exorti.
1560 1331 1594 1386 iii
1614 1347 1647 1387 ex
1670 1331 1777 1389 duabus
1801 1347 1884 1388 unam

271 1391 493 1450 Tertullcontctoe
516 1408 532 1450 a
557 1393 721 1450 tertulliano
750 1392 854 1450 hincm
886 1405 1033 1465 provinciae
1087 1422 1116 1478 in
1129 1422 1241 1479 Christo
1256 1429 1384 1478 mmmm
1398 1426 1536 1476 mesum·

240 1478 463 1552 carthaginensis
477 1480 594 1538 oivitttia
603 1480 767 1554 presbytero
776 1480 854 1539 dicti.
869 1479 903 1536 lli
913 1480 1032 1535 animam
1124 1531 1231 1586 cmm
1246 1527 1281 1585 ab
1296 1526 1454 1601 immun
1467 1525 1546 1583 dicti·
1565 1525 1599 1582 Hi
1613 1526 1708 1583 dicum
1721 1525 1794 1599 quod
1804 1526 1884 1582 ehu.-

232 1583 289 1626 non
302 1566 495 1637 immortalem,
510 1569 560 1626 sed
573 1583 737 1642 corpoream
750 1568 913 1642 prediorum
928 1569 1033 1623 animas
1114 1627 1121 1640 ί
1277 1627 1284 1638 ,
1572 1625 1578 1636 ,
1667 1624 1673 1636 .
1708 1624 1714 1636 ι

205 1705 207 1714 Ι
233 1663 406 1728 pamm-um
421 1665 483 1729 Μ
497 1663 613 1716 mortem
627 1658 655 1714 in
669 1658 808 1716 mones
823 1657 946 1716 conveni
960 1655 1033 1713 affir,
1088 1637 1123 1685 att
1137 1628 1262 1684 drmnrtaa
1276 1633 1387 1699 ignoret
1400 1622 1490 1680 sutura
1503 1623 1538 1680 de
1552 1625 1597 1682 dte
1610 1639 1773 1682 nouissimo.

232 1749 321 1801 mant.
1125 1735 1268 1792 Trittcitoe
1282 1749 1299 1790 a
1311 1733 1400 1788 tribua
1414 1729 1492 1786 dicti.
1517 1731 1551 1786 ili
1574 1730 1645 1788 sicut
1667 1739 1725 1787 tras
1746 1745 1880 1803 personas

271 1829 572 1890 Tattercccoedacuditoe
581 1845 599 1886 a
608 1830 814 1904 quatuordecim
824 1828 890 1886 dieti
902 1831 1029 1886 :Tcaaero
1085 1823 1114 1879 in
1128 1823 1257 1879 'trinitate
1270 1823 1307 1879 itt
1320 1825 1449 1878 uterum
1461 1825 1519 1876 iret
1533 1835 1595 1876 etat
1610 1819 1689 1876 deos.

233 1919 306 1978 enim
316 1923 447 1991 quotuor,
457 1918 526 1974 man
535 1917 632 1974 dicitur
641 1919 749 1976 darem.
764 1919 797 1974 ili
807 1919 910 1990 pascha
919 1924 1031 1989 quarta-
1119 1912 1187 1969 Sunt
1200 1918 1228 1968 et
1240 1910 1302 1968 alie
1314 1912 1447 1978 haereses,
1462 1916 1490 1964 et
1503 1909 1564 1965 sine
1580 1907 1736 1965 nominihus
1747 1925 1754 1964 :
1766 1923 1802 1962 ex
1819 1907 1885 1979 qui-

234 2007 343 2066 decimu
357 2006 421 2061 luna
435 2021 497 2061 cum
511 2006 612 2062 tudaeis
627 2006 814 2063 celebrabant.
1083 2002 1135 2057 bus
1147 2001 1209 2057 alise
1225 2000 1377 2056 trilormem
1396 2005 1492 2071 putant
1513 2012 1576 2053 esse
1591 1997 1688 2062 Deum,
1704 1995 1882 2054 attrachunt

270 2097 399 2168 Nyctipcc
413 2109 430 2148 a
444 2109 543 2150 somno
558 2093 601 2150 rel
616 2108 633 2149 a
646 2102 726 2150 nocte
740 2095 844 2150 vocati.
872 2095 906 2150 lli
919 2093 1030 2166 vigilias
1083 2088 1252 2146 divinitatem
1267 2088 1428 2162 passibilem
1449 2085 1554 2151 dicunt,
1577 2084 1640 2142 alim
1661 2085 1760 2142 Christi
1780 2084 1886 2140 nativi-

233 2183 321 2241 noetia
351 2189 498 2253 respuunt,
540 2180 662 2239 dicentes
693 2188 804 2238 noctem
837 2181 874 2238 ad
905 2180 1030 2254 requiem
1082 2178 1132 2240 uati
1146 2178 1181 2235 de
1196 2180 1278 2235 Patre
1290 2177 1395 2233 initium
1408 2177 1489 2239 dant,
1505 2173 1567 2230 alie
1586 2187 1671 2230 unam
1693 2173 1885 2244 operationem

233 2271 335 2327 datam.
1083 2274 1111 2322 at
1130 2281 1213 2322 unam
1236 2265 1404 2323 uoluntatem
1425 2268 1453 2323 in
1478 2270 1588 2326 Christo
1612 2269 1721 2327 deitatis
1737 2277 1766 2326 et
1786 2270 1885 2325 hmna-

267 2359 418 2429 Pclaqiuni
431 2372 448 2413 a
461 2355 580 2430 Pelagio
595 2355 713 2428 quodam
726 2357 862 2413 monacho
877 2354 977 2412 exorti.
994 2355 1030 2410 lli
1083 2353 1176 2410 nitatis
1189 2354 1355 2427 praedicant,
1369 2354 1432 2413 alite
1444 2357 1635 2415 liberationem
1648 2358 1788 2414 hominnm
1811 2359 1885 2430 apud

233 2443 351 2502 liberum
366 2445 508 2502 arbitrium
523 2443 621 2517 gratim
634 2445 684 2501 Dei
699 2453 877 2516 anteponunt,
893 2443 1029 2510 dicentes,
1083 2440 1190 2498 interos
1213 2443 1312 2498 Christi
1331 2444 1517 2503 descensione
1531 2454 1648 2521 negant,
1663 2446 1725 2504 aliae
1740 2446 1791 2503 Dei
1814 2447 1886 2503 ima·

233 2533 360 2591 sufficere
374 2534 542 2590 voluntatem
556 2533 590 2588 ad
605 2531 745 2604 implenda
758 2533 850 2589 divina
863 2537 954 2604 jussa.
1081 2530 1176 2602 mnam
1189 2531 1292 2587 habere
1305 2547 1361 2588 non
1376 2533 1524 2592 oesdmant.

269 2621 434 2679 Nestorinai
456 2637 473 2676 a
496 2620 622 2678 Nestorio
642 2620 944 2694 Constantinopolitano
967 2619 1030 2692 epi·
1120 2619 1188 2673 item
1208 2618 1270 2675 alim
1293 2621 1329 2676 de
1351 2622 1447 2678 muudi
1473 2630 1543 2679 atatn
1564 2623 1745 2691 dissentiunt,
1765 2624 1827 2680 aliae
1840 2624 1889 2679 in·

230 2723 315 2781 scopo
329 2709 490 2782 nuncupati.
513 2709 547 2766 lii
561 2717 682 2768 sanatam
697 2709 811 2766 hieriam
831 2724 884 2766 nou
908 2707 960 2766 liei
981 2707 1031 2764 sed
1084 2706 1270 2762 numerabiles
1293 2708 1410 2766 mundos
1435 2710 1593 2782 opinantur,
1620 2712 1681 2769 aliie
1704 2728 1804 2786 aquam
1828 2713 1889 2769 tteo

231 2797 351 2854 hominis
364 2805 470 2854 tantum
484 2797 643 2871 genitricem
659 2797 826 2869 praediorum
840 2797 920 2854 aliam
933 2811 1032 2870 perso·
1087 2802 1252 2850 coeternum
1270 2793 1392 2865 iaciunt,
1415 2797 1476 2855 aliu
1493 2799 1574 2856 nodia
1595 2799 1711 2872 pedihus
1733 2800 1885 2868 ambulant,

232 2900 296 2940 nam
317 2883 424 2952 curuis,
444 2883 525 2939 aliam
548 2884 657 2941 deitatis
681 2884 829 2952 iacientes,
863 2901 915 2942 nee
946 2901 1032 2940 uuum
1085 2880 1147 2938 aliae
1159 2897 1222 2937 cum
1236 2881 1394 2939 homiuibus
1406 2900 1462 2942 non
1472 2888 1655 2956 manducant,
1678 2887 1742 2946 alim
1762 2889 1798 2946 de
1819 2903 1886 2946 anr-

231 2970 370 3034 chriatnm
384 2972 413 3027 in
428 2972 513 3028 verbo
533 2979 559 3029 et
579 2987 675 3042 carne,
691 2973 740 3030 sed
755 2972 838 3030 aliurn
852 2973 950 3030 Filium
965 2971 1027 3041 Dei,
1084 2983 1151 3040 pore
1167 2969 1268 3026 Christi
1282 2970 1417 3040 dubitant,
1427 2989 1497 3045 quaa
1510 2977 1600 3032 omnia
1612 2975 1747 3036 catholica
1760 2977 1887 3036 &duta

232 3057 319 3116 alium
334 3057 419 3116 filium
431 3059 560 3129 hominia,
577 3059 727 3118 affirmant.
1086 3059 1208 3114 damnat.

423 3604 806 3714 CATALOGUS
843 3606 1248 3719 ROMANORUM
1282 3617 1687 3727 PONTIFIGUM.

705 3797 878 3880 (Bihiioth.
901 3803 998 3862 Patr.
1024 3803 1178 3885 capnon,
1201 3805 1275 3882 XX,
1298 3807 1407 3888 1026.)

981 3941 1114 3956 m

271 4058 371 4120 Petrus
382 4051 510 4163 (ialilmus
524 4062 594 4120 sedit
609 4063 686 4118 annis
700 4063 798 4162 uiginti
812 4063 940 4139 quinque,
952 4082 1029 4123 men·
1044 4069 1069 4132 C
1119 4073 1244 4146 hyginus
1257 4077 1432 4136 Atheniensia
1445 4094 1532 4140 nonos
1545 4087 1675 4156 quatuor,
1689 4095 1803 4140 menna
1832 4096 1888 4154 qua

235 4165 281 4207 aea
294 4151 364 4207 duos
376 4151 437 4208 dies
450 4157 517 4208 tres.
543 4150 632 4222 Coepit
655 4151 756 4208 Christi
778 4168 850 4209 anno
873 4157 1028 4228 quadrage·
1084 4166 1156 4228 tuor,
1171 4161 1232 4218 dies
1247 4173 1371 4237 quatuor.

234 4237 307 4336 aimo
320 4245 423 4310 quarto.
571 4325 577 4338 .
717 4325 722 4338 .
1120 4249 1187 4306 Pius
1202 4266 1290 4310 annos
1304 4255 1494 4314 novemdecim
1508 4273 1620 4317 menaea
1635 4273 1693 4328 sex,
1710 4257 1771 4314 dies
1786 4255 1884 4332 viginti

272 4324 354 4380 Lunna
368 4324 500 4384 Etruscus
514 4341 593 4382 annua
607 4325 751 4384 duodecim
765 4343 875 4386 menses
890 4337 953 4400 tras,
971 4329 1031 4388 dies
1088 4353 1182 4395 anum.

236 4409 440 4512 duodecim.¹
579 4503 585 4515 ι
1121 4427 1254 4486 Anicetus
1268 4430 1354 4505 Syrus
1368 4433 1601 4506 annotantem,
1619 4433 1655 4493 al.
1671 4451 1780 4494 norem.
1802 4451 1883 4493 men-

272 4499 364 4556 Cletua
378 4515 457 4557 annis
471 4501 632 4574 duodecim,
648 4519 885 4578 meramnum,
901 4506 961 4565 dies
978 4524 1027 4564 un·
1088 4531 1134 4572 aas
1148 4525 1277 4589 quatuor,
1292 4520 1352 4577 dies
1366 4537 1425 4579 aar.

237 4587 341 4645 decim
360 4589 467 4662 Negant
481 4590 527 4646 alii
540 4607 640 4664 papam
656 4592 749 4650 tuisse.
1122 4605 1203 4662 Soter
1223 4622 1310 4666 anuos
1333 4624 1447 4680 norem,
1478 4623 1588 4665 menses
1611 4623 1675 4679 aex,
1706 4606 1765 4665 diea
1787 4607 1887 4684 optut

273 4674 400 4734 Clemens
415 4677 553 4736 Romanus
576 4681 656 4738 annia
674 4697 791 4753 noveru,
819 4699 929 4743 menses
951 4687 1032 4757 duos,
1087 4709 1183 4750 unum.

238 4763 298 4864 dies
312 4764 420 4826 decem.
435 4766 463 4822 S.
480 4767 558 4825 Petri
573 4769 624 4826 luit
636 4769 798 4844 discipulus.
818 4773 893 4831 Pauli
907 4775 1028 4835 auditor.
1122 4783 1296 4842 Eleutherius
1319 4800 1406 4843 annos
1424 4781 1596 4859 quindecim,
1612 4798 1723 4842 menses
1737 4791 1807 4856 tres,
1823 4785 1884 4843 dies

239 4851 310 4911 ilino
323 4855 502 4925 protonotarii
517 4867 670 4931 oeperunt.
1088 4871 1171 4929 duos.

273 4940 820 5042 AnacletusGreoushthenienaisannia
833 4967 1034 5026 naremmen·
1123 4960 1219 5018 litator
1259 4977 1348 5020 annos
1388 4965 1531 5036 undcmm,
1564 4977 1676 5023 menaea
1706 4963 1792 5034 duos,
1823 4963 1884 5020 dies

239 5044 285 5086 aea
300 5028 379 5100 duos,
395 5029 456 5088 drea
470 5033 576 5092 decern.
1087 5048 1170 5104 dnos.

273 5117 416 5217 liveristus
426 5119 593 5180 bethlemius
604 5124 700 5196 Syrus.
712 5127 791 5184 annia
804 5144 914 5200 novem,
924 5147 1035 5192 menaea
1122 5135 1293 5208 zepherinus
1307 5139 1451 5198 Romanus
1462 5155 1551 5198 annua
1567 5153 1685 5214 norant,
1698 5138 1763 5198 ahia
1778 5137 1884 5212 tinini,

238 5203 344 5276 decem,
360 5206 420 5264 drea
431 5206 515 5265 duos.
1087 5240 1199 5282 meam
1211 5241 1271 5294 aex,
1286 5226 1348 5283 dies
1361 5228 1472 5286 dacem.

272 5293 429 5351 Alexander
438 5295 576 5355 Romanus
586 5315 674 5358 anuos
684 5300 910 5378 duodecim(aliia
919 5311 1036 5384 septem)
1124 5313 1245 5370 Calixtua
1258 5329 1345 5372 annos
1356 5331 1415 5385 sex,
1429 5333 1541 5374 menaea
1555 5316 1636 5384 duna,
1650 5316 1711 5374 diaa
1724 5316 1837 5376 datam.

237 5394 347 5438 “¹²¹¹ssae
362 5391 476 5456 Sillim.
491 5385 549 5442 (¹50⁵
563 5387 647 5444 dum·
1047 5427 1075 5489 D
1125 5401 1251 5459 Urbanus
1265 5401 1405 5462 Romanas
1426 5420 1516 5464 unos
1539 5412 1664 5478 quatuor,
1685 5421 1795 5464 meuses
1816 5413 1886 5477 tres.

272 5483 364 5542 Sixtua
375 5487 514 5549 thomarus
527 5491 606 5550 annia
620 5492 728 5565 decem,
743 5511 854 5556 menses
869 5500 950 5574 duos,
961 5503 1035 5564 mem
1088 5489 1148 5548 ὥθ’
1162 5489 1321 5548 dimm-

237 5585 333 5713 unpm.
523 5667 530 5680 ·
1121 5596 1273 5656 Pontianna
1286 5600 1655 5674 Romanuaannoartoram‚
1671 5617 1783 5662 mauu
1805 5602 1886 5676 iltiu-

294 5659 453 5734 eleaphorus
468 5681 547 5726 numa
560 5670 666 5744 decem,
682 5687 793 5734 mensas
807 5683 873 5738 trea.
1087 5701 1156 5758 que,
1171 5685 1232 5744 dias
1245 5687 1378 5760 quinque.
