3942 6067
61 329 114 386 tas

609 325 799 382 ttxeosttto
819 325 856 380 ΙΝ
875 325 1026 382 CANTlCA
1047 327 1185 384 CANTlC.

1660 333 1710 387 tan

63 455 262 524 persecutionis
276 453 376 510 milites
391 451 533 507 christiin
548 453 626 506 horto
640 450 771 506 Ecclesiae
786 448 864 504 lrue-
877 449 903 508 A
919 449 974 514 liat,
995 449 1059 503 dnm
1083 451 1199 520 Spiritus
1228 459 1341 509 sanctus
1356 460 1521 509 conventum
1543 451 1656 508 fratrum
1683 453 1711 508 in

62 549 157 598 rentur
170 541 263 614 quiete
277 542 364 614 pacis,
379 558 443 597 ecce
459 549 597 596 tonuosus
613 539 696 595 draeo
718 555 733 593 a
757 545 861 609 marty-

62 632 138 685 ribus
162 630 249 686 victus
271 631 306 686 de
327 638 404 685 antro
429 629 536 683 malitias
561 633 642 699 caput
664 627 767 692 extulit,
789 627 862 681 virus

65 717 188 790 perlidiae
202 735 253 789 ρει
268 718 379 791 agmina
394 717 492 774 Christi
512 717 590 784 ludit,
614 723 650 783 et,
674 725 703 770 ut
727 716 804 780 latro,
828 715 862 770 de

64 806 171 862 insidiis
186 807 352 877 improvisus
366 805 508 876 prosilivit,
525 813 605 876 atque
620 803 745 860 incautos
764 803 863 858 milites

66 895 128 950 telis
143 895 250 950 erroris
264 909 460 968 usquequaque
472 893 627 966 prostravit,
639 891 771 968 siquidem
783 891 862 946 inau-

64 983 145 1038 ditam
162 983 288 1040 haeresim
305 999 355 1054 ρει
377 982 513 1054 malignos
534 981 659 1036 homines
680 981 815 1036 mentibus
829 977 862 1033 d·

64 1072 167 1127 delium
192 1071 300 1136 inludit,
322 1086 375 1142 qua
397 1076 482 1126 totum
505 1071 612 1124 hortum
635 1069 765 1123 Ecclesiae
786 1067 863 1139 quasi

64 1161 183 1234 quadam
198 1160 274 1232 lepra
288 1159 398 1214 vitiavit.
416 1159 470 1214 Sed
485 1160 540 1214 lter
557 1157 653 1232 gloriae
669 1157 791 1212 Christus
806 1155 863 1210 suis

65 1248 198 1307 auxilium
213 1248 336 1319 praebuit,
353 1247 416 1301 dum
431 1247 586 1302 universam
602 1245 726 1302 heresim
749 1259 799 1315 per
820 1259 862 1298 se·

65 1338 171 1408 pientes
186 1336 327 1400 destruxit,
339 1344 366 1390 et
376 1335 410 1396 de
425 1336 503 1389 hortu
513 1347 562 1389 suo
573 1333 693 1405 flagellis
707 1333 863 1387 anathema-

63 1427 98 1480 tis
112 1424 227 1497 expulit.
243 1423 362 1494 Expulso
377 1430 467 1478 autem
489 1421 636 1494 Aquilone,
659 1425 758 1476 Auster
776 1421 862 1474 intra-

64 1515 111 1580 rit,
129 1515 193 1585 quia
207 1513 293 1582 eiecta
307 1512 405 1568 haeresi
425 1512 459 1567 de
475 1510 615 1574 Ecclesia,
638 1518 742 1575 auster,
759 1507 866 1565 scilicet

64 1603 181 1672 Spiritus
196 1610 306 1656 sanctus
320 1601 428 1657 bortum
444 1599 579 1672 perllavit,
597 1599 661 1654 dum
676 1613 766 1654 veram
781 1595 861 1652 sidem

916 537 1048 608 patientia
1062 547 1090 594 et
1104 541 1252 596 concordia
1266 542 1436 596 corroborat.
1460 547 1587 596 Aromata
1615 543 1710 610 haunt,

917 626 981 680 dnm
997 627 1112 682 uirtutes
1125 628 1201 698 prius
1216 630 1347 697 occultae,
1366 627 1557 685 tentationibus
1574 632 1710 702 probatae,

916 713 952 768 ad
966 713 1088 769 notitiam
1104 718 1288 787 proximomm
1304 718 1452 788 prodeunt.
1473 719 1630 791 Anagcglcc
1645 735 1712 775 vern

917 803 1009 874 aquilo
1024 802 1051 856 in
1066 803 1146 859 horto
1162 813 1264 878 surget,
1279 821 1342 862 cum
1362 804 1542 860 Antichristus
1557 808 1647 862 adhuc
1660 809 1712 863 Ec·

917 890 1030 946 alesiam
1054 891 1241 966 impugnabit,
1263 894 1311 948 sed
1331 901 1423 948 auster
1446 894 1553 949 bortum
1577 896 1711 966 perflabit,

917 994 978 1034 cum
995 979 1081 1052 gratia
1110 981 1227 1054 Spiritus
1256 981 1351 1048 sancti,
1379 981 1506 1037 fidelibus
1533 985 1712 1042 constantiam

917 1065 981 1122 fidei
996 1077 1091 1126 contra
1110 1085 1171 1124 eum
1196 1069 1385 1143 inspiraverit3
1412 1079 1477 1126 tunc
1498 1080 1621 1130 aromata
1641 1072 1712 1129 horti

918 1155 1012 1219 liuent,
1029 1157 1092 1232 quia
1107 1175 1159 1230 pro
1173 1157 1226 1214 tide
1242 1158 1342 1217 Christi
1357 1159 1488 1231 martyria
1508 1160 1708 1216 redundabunt.

917 1243 1003 1298 Aliter
1015 1245 1106 1318 aquilo
1122 1255 1224 1322 surget,
1241 1254 1270 1302 ut
1285 1247 1319 1302 de
1335 1248 1415 1302 horto
1436 1247 1566 1314 discedat,
1587 1265 1649 1308 cum
1663 1265 1711 1306 oc-

917 1331 975 1387 ciso
992 1332 1163 1390 Antichristo
1177 1335 1332 1408 persecutio
1347 1335 1381 1390 de
1390 1335 1517 1396 Ecclesia
1527 1337 1646 1394 recedet.
1659 1341 1713 1393 Au·

917 1427 975 1475 ster
990 1436 1054 1476 vero
1068 1422 1176 1476 lrortum
1191 1423 1324 1496 perllabit,
1341 1439 1402 1478 cum
1416 1422 1561 1478 multitudo
1575 1425 1712 1497 lapsorum
1801 1485 1807 1492 ,

917 1507 952 1562 ad
972 1509 1158 1584 poenitentiam
1176 1527 1227 1582 per
1254 1510 1458 1582 inspirationem
1485 1513 1570 1567 sancti
1598 1513 1713 1586 Spiritus

917 1595 1028 1651 redibit.
1044 1599 1120 1654 Tunc
1147 1599 1232 1655 licent
1253 1599 1324 1654 horti
1349 1608 1482 1667 aromata,
1504 1600 1565 1674 quia
1589 1603 1715 1676 exempla

65 1689 227 1748 doctoribus
241 1687 393 1750 inspiravit.
408 1689 441 1748 Et
464 1701 526 1744 mon
547 1687 683 1742 linxerunt
705 1685 776 1744 horti
798 1699 862 1740 aru·
916 1683 1058 1754 patientioe
1072 1693 1099 1740 et
1113 1686 1274 1742 constantim
1290 1696 1446 1746 sanctorum
1470 1689 1522 1743 suh
1543 1689 1714 1748 Antichristo

64 1787 149 1846 mata,
171 1778 235 1833 dum
264 1775 350 1834 sancti
378 1775 472 1832 Patres
501 1775 673 1847 protulerunt
697 1789 770 1830 verae
798 1771 862 1830 fidei
877 1799 907 1860 Β
919 1773 946 1831 in
962 1773 1084 1829 Ecclesia
1100 1775 1303 1832 redundabunt.
1322 1775 1410 1834 Aliter
1424 1777 1515 1850 aquilo
1531 1777 1565 1834 de
1579 1779 1660 1834 horto
1674 1795 1715 1836 re-

65 1867 205 1942 dogmata.
217 1865 273 1920 lien
284 1880 351 1942 ergo
362 1863 521 1934 adveniens,
534 1862 598 1918 dicit
610 1881 616 1917 :
630 1860 765 1934 anuiln,
776 1861 862 1920 hostis
920 1861 1009 1929 cedet,
1026 1877 1087 1922 curn
1102 1863 1227 1922 diabolus
1237 1863 1271 1922 de
1285 1863 1410 1921 Ecclesia
1421 1865 1515 1921 ultimo
1522 1867 1628 1936 judicio
1638 1868 1715 1923 dam-

65 1955 197 2032 maligne,
214 1954 248 2010 de
262 1953 375 2009 latebris
391 1952 443 2010 tuis
459 1967 549 2028 surge,
563 1959 590 2006 et
604 1952 638 2005 de
653 1949 865 2006 hortumeodis·
919 1957 999 2005 natus
1013 1949 1146 2007 discedet.
1162 1953 1263 2011 Auster
1277 1953 1386 2008 hortum
1400 1954 1535 2026 perllabit,
1551 1970 1613 2012 cum
1634 1957 1715 2012 Chri-

66 2045 154 2112 cede;
168 2051 199 2098 tu
212 2051 302 2098 autem
314 2049 417 2108 auster,
429 2039 518 2097 cultor
528 2039 611 2110 horti,
622 2038 694 2106 veni,
706 2037 790 2110 perlla
801 2038 866 2092 hor·
920 2045 978 2102 stus
993 2040 1107 2096 veniens
1121 2040 1309 2100 consulatione
1325 2041 1440 2113 Spiritus
1456 2043 1543 2100 sancti
1562 2043 1716 2100 Ecclesiam

66 2141 122 2186 turn
138 2147 240 2198 meum,
252 2139 281 2185 ut
294 2133 389 2200 fluunt
404 2133 534 2186 ururnutc
552 2129 642 2196 illius,
655 2143 716 2202 quae
730 2125 866 2182 sufficiant
920 2126 1071 2183 recreabit.
1092 2129 1167 2185 Tunc
1182 2130 1254 2186 herti
1269 2139 1394 2188 aromata
1416 2131 1508 2198 duent,
1533 2133 1640 2206 quando
1649 2134 1716 2202 iusti

67 2219 230 2276 victoribus.
242 2221 371 2276 Aromata
387 2226 450 2273 sunt
464 2216 632 2282 odoramina,
645 2213 747 2272 scilicet
762 2213 865 2270 fructus
920 2222 1022 2272 eterna
1035 2218 1148 2292 praemia
1162 2218 1333 2290 promeritis
1356 2219 1498 2292 recipient.
1515 2220 1649 2294 Aquilone
1668 2239 1715 2278 re-

68 2309 198 2364 arborum
220 2307 421 2378 praedictarum,
438 2305 528 2372 nardi,
544 2302 723 2369 cinnamomi,
745 2309 773 2357 et
794 2302 864 2358 alia·
921 2303 1046 2370 cedente,
1063 2312 1089 2361 et
1104 2314 1198 2362 austro
1212 2307 1240 2361 in
1261 2307 1368 2363 bertum
1388 2308 1523 2376 veniente,
1540 2309 1635 2381 regina
1650 2326 1716 2366 aru-

68 2415 129 2454 rum
147 2397 252 2453 Lihani.
264 2397 328 2452 ideo
343 2393 405 2452 dicit
423 2395 514 2462 lluant,
526 2393 590 2464 quia
605 2398 727 2449 aromata
742 2391 776 2446 de
791 2392 867 2446 arbo·
922 2399 997 2448 mata
1013 2393 1127 2466 colligit,
1145 2394 1242 2468 quibus
1256 2396 1375 2452 victores
1389 2395 1483 2463 reficit,
1500 2404 1525 2452 et
1540 2414 1634 2472 regem
1651 2397 1718 2454 luris

69 2489 149 2544 ribus
164 2485 265 2543 ardore
280 2485 391 2558 spiritus
406 2483 499 2552 linunt,
517 2491 545 2540 ut
568 2482 659 2537 resina
674 2481 708 2537 da
730 2481 814 2540 cedro
824 2480 867 2536 vel
923 2487 1041 2538 stantem
1056 2483 1091 2538 ad
1109 2483 1202 2560 epulas
1217 2484 1350 2543 victorum
1365 2485 1471 2556 inritat,
1488 2486 1582 2543 dicens
1599 2503 1606 2540 τ

68 2577 168 2632 abiete.
181 2573 279 2648 Aquilo
295 2587 336 2629 est
350 2575 448 2630 ventus
464 2572 548 2626 durus
559 2578 586 2626 ει
596 2569 721 2648 frigidus,
735 2569 781 2641 qui
792 2577 866 2628 tran-

68 2663 178 2739 stringit
192 2679 223 2720 ac
239 2662 331 2726 dures,
347 2669 437 2718 necat.
458 2662 558 2715 Auster
573 2675 637 2714 reru
653 2667 748 2714 ventus
763 2657 867 2714 calidus

68 2752 239 2816 ethiandus,
266 2751 313 2822 qui
340 2757 442 2806 terram
471 2749 553 2802 solvit
583 2760 607 2804 et
627 2747 706 2802 liores
732 2744 865 2818 producit.

69 2841 172 2916 Aquilo
186 2847 228 2896 εει
242 2838 379 2905 diabolus,
393 2838 441 2910 qui
466 2835 558 2891 duram
579 2833 794 2906 persecutionem
811 2833 865 2890 Ec-

69 2929 161 2988 clesiae
174 2927 272 3000 intulit,
289 2935 315 2983 et
330 2935 359 2982 ut
379 2927 498 2982 strictam
518 2933 622 2979 terram
644 2923 741 2978 ildeles
760 2923 794 2978 de
811 2921 863 2976 iru-

70 3029 117 3076 ctu
133 3019 267 3076 bonorum
283 3031 397 3088 operum
413 3013 563 3086 prohibuit,
583 3021 610 3068 et
630 3009 656 3065 in
672 3009 723 3066 fide
739 3011 868 3067 florentes

68 3125 119 3180 ρει
135 3106 212 3164 varia
228 3112 364 3164 tormenta
380 3103 497 3159 necarit.
517 3101 568 3158 llic
582 3100 609 3155 in
625 3102 713 3158 hortu.
739 3109 767 3154 ut
788 3099 865 3166 latro,

73 3197 99 3251 in
115 3195 222 3253 insidiis
233 3193 318 3260 latuit,
330 3193 394 3247 dum
406 3192 492 3250 rictus
502 3191 530 3244 in
545 3189 735 3262 persecutione
744 3187 818 3243 virus
828 3203 869 3244 oc·

69 3289 183 3354 cultum,
200 3291 229 3337 ut
243 3281 340 3348 draco,
357 3281 493 3338 haeretica’
507 3277 649 3352 pravitatis
665 3277 690 3332 in
703 3275 798 3332 fideles
808 3291 869 3332 ero

70 3375 148 3430 muit.
168 3375 266 3428 Auster
294 3377 384 3426 autern
414 3376 455 3425 est
474 3366 590 3442 Spiritus
613 3374 731 3430 sanctus,
753 3365 799 3437 qui
820 3381 868 3420 sua

68 3462 159 3536 gratia
174 3461 281 3515 hortum
296 3457 429 3532 perflavit,
445 3457 508 3512 dnm
525 3463 627 3511 rectam
643 3453 724 3508 iidem
740 3453 869 3509 Ecclesiae

68 3549 219 3622 inspiravit,
236 3554 263 3603 et
279 3555 388 3612 terram,
409 3545 436 3600 id
453 3554 494 3600 est
509 3543 593 3600 corda
609 3542 740 3598 subversa
755 3541 789 3597 de
804 3541 869 3614 gelu

67 3638 192 3711 perfidiae
207 3635 297 3702 solvit,
314 3641 342 3690 ct
364 3635 445 3692 tiores
467 3631 529 3688 fidei
553 3631 689 3705 produxit,
713 3647 765 3702 spuo
786 3629 867 3684 liante

69 3727 141 3784 horti
157 3733 278 3784 aromata
292 3724 440 3790 linxerunt,
457 3721 520 3793 quia
534 3736 599 3777 mox
618 3718 681 3776 iudei
705 3719 868 3774 documenta

66 3834 118 3890 ρει
134 3815 235 3888 scripta
251 3815 357 3868 Petrum
374 3809 605 3868 redundaverunt.
617 3807 741 3867 Ecclesia
755 3813 868 3864 vocatur

34 3945 39 3954 ·
67 3907 165 3962 hortus
179 3900 340 3975 persimile,
352 3899 416 3971 quia
428 3900 497 3956 sieut
513 3897 538 3952 in
552 3899 631 3954 horto
646 3903 708 3952 sunt
722 3895 868 3964 litterasue

67 3993 150 4050 etalii
168 3992 263 4060 liores,
273 3997 299 4046 ει
313 3989 405 4044 herbae
421 3987 553 4052 salubres,
566 3993 593 4041 et
608 3983 670 4040 item
683 3983 785 4050 cardui,
797 3981 867 4038 tuti-

68 4099 108 4140 cae
124 4089 151 4136 et
166 4081 225 4136 nliae
239 4077 333 4136 herba*
347 4075 453 4134 noeiroe
468 4083 492 4130 et
509 4073 628 4140 inutiles,
646 4071 688 4127 sic
703 4079 766 4126 sunt
776 4071 801 4128 in
814 4071 868 4125 Ec-

69 4172 154 4230 clesia
170 4176 314 4240 martyres,
326 4163 514 4232 consessores,
526 4163 648 4236 virgines
659 4169 686 4216 et
700 4159 745 4214 alii
761 4158 866 4216 lideles.

69 4263 139 4316 Sunt
154 4257 238 4314 etiarn
257 4253 386 4319 haeretici,
404 4251 579 4318 schismatici,
597 4259 622 4308 et
638 4248 699 4306 lalsi
711 4247 820 4306 iratres.
838 4248 867 4301 ln

67 4351 112 4408 bis
125 4349 193 4406 latet
208 4345 314 4418 aquilo,·
328 4345 355 4398 iu
372 4343 425 4398 iilis
440 4341 487 4398 ilat
501 4347 602 4410 auster,
618 4347 645 4394 et
660 4340 694 4393 de
705 4337 771 4410 ipsis
782 4337 868 4391 iiuunt

67 4445 191 4494 aromata
206 4435 345 4490 virtutum.
357 4431 443 4488 Aliter
454 4446 504 4502 per
517 4429 674 4500 aquilonem
686 4427 778 4481 mundi
789 4441 865 4498 aspe-

68 4544 112 4592 ra,
127 4541 179 4598 ρει
193 4533 311 4581 ειιειιιιιιι
326 4518 517 4596 intelliguntur
536 4532 680 4590 prospera.
703 4515 752 4572 liis
766 4514 865 4570 dicitur

64 4611 251 4688 permittendo
265 4626 320 4668 non
331 4607 464 4681 jubendo,
480 4615 509 4661 ut
523 4607 555 4660 ad
570 4605 728 4660 tertiandum
742 4610 866 4678 surgant,

68 4705 179 4761 hortum
194 4699 318 4771 perllent,
335 4703 363 4752 ut
377 4702 501 4754 aromata
512 4693 605 4758 ditant,
619 4695 670 4750 hoc
684 4701 735 4761 est,
750 4692 865 4747 tribula·-

68 4792 158 4849 tiunes
174 4787 299 4846 fidelibus
310 4785 436 4853 inierant,
448 4793 476 4841 ut
486 4781 611 4856 exemplo
625 4780 762 4854 patientiae
772 4796 865 4836 eurum

68 4890 95 4936 et
113 4875 274 4938 constantior
297 4875 366 4930 bene
391 4871 549 4950 fragrantia,
566 4880 593 4926 ut
618 4870 683 4938 tob,
708 4871 742 4924 ad
762 4869 864 4924 uniltus

66 4967 217 5044 pertinent.
239 4963 343 5036 Saepius
357 4977 489 5036 prospera
508 4976 589 5032 quum
609 4957 724 5016 adversa
746 4957 864 5012 animum

68 5063 183 5124 tentant,
200 5053 263 5126 qnia
281 5051 401 5112 adversa
420 5050 542 5105 animum
572 5047 607 5103 sb
636 5045 772 5102 illecebris
800 5061 864 5101 car-

67 5145 110 5203 nis
141 5141 317 5208 abstrahunt,
336 5155 468 5212 prospera
492 5152 558 5193 vero
577 5133 612 5192 ad
637 5134 775 5191 lasciviam
803 5133 861 5188 alli-

67 5236 156 5290 ciunt.
187 5229 370 5304 Tropulugice
398 5228 493 5284 hortus
520 5233 561 5282 est
587 5224 753 5290 claustrum,
783 5223 866 5278 liores

26 5333 31 5344 ·
68 5330 95 5376 et
124 5320 217 5378 herbar
244 5317 377 5386 salubres,
408 5315 506 5371 iratres
534 5315 561 5369 in
588 5311 640 5368 lide
668 5319 695 5368 et
720 5311 865 5370 dilectione

69 5409 231 5467 unanitncs:
248 5405 343 5464 urtica
359 5414 385 5462 et
400 5404 491 5460 herine
505 5401 625 5470 inutiles,
642 5408 704 5455 sunt
718 5400 866 5474 hypocritae

68 5507 95 5554 et
111 5497 171 5555 ialsi
186 5495 299 5555 iratres.
318 5493 418 5564 Aquilo
433 5492 461 5548 in
476 5493 555 5548 hortu
571 5489 607 5546 ad
620 5490 779 5546 tentandum
802 5505 866 5542 sur-

68 5588 120 5660 git,
130 5587 196 5644 dnm
211 5583 335 5642 diabulus
350 5581 499 5654 perfalsus
514 5577 612 5634 iratres
622 5577 797 5636 concordiam
814 5576 868 5632 ira.

72 5684 146 5733 trum
174 5672 335 5746 perturbati
359 5669 408 5726 sed
427 5675 520 5726 auster
543 5665 656 5724 veniens
678 5669 787 5722 hortum
805 5681 868 5736 per·

1237 2688 1349 2748 curet
1368 2689 1402 2746 V.

960 2848 1044 2904 Vatis.
1061 2849 1086 2917 l,
1103 2849 1129 2903 E.
1146 2880 1180 2891 -
1200 2851 1300 2908 l'enict
1315 2853 1437 2910 dilectus
1451 2871 1532 2913 ancus
1552 2855 1583 2912 in
1604 2856 1720 2918 tortum

923 2952 1019 3004 suurn,
1034 2941 1068 2994 ut
1082 2938 1209 2996 commui
1221 2941 1350 3011 fructum
1365 2958 1515 3014 pomorum
1527 2961 1655 3004 suorum.
1667 2946 1720 3006 Sci·

922 3023 985 3082 licet
1000 3026 1189 3096 persecutione
1203 3044 1253 3098 per
1265 3027 1403 3088 Christum
1416 3032 1565 3092 annihilata
1578 3042 1607 3090 et
1615 3035 1721 3092 naresi

923 3112 1023 3184 ubique
1039 3113 1177 3181 damnata,
1192 3116 1382 3188 Ecclesiajam
1398 3120 1426 3174 in
1444 3136 1514 3192 pace
1531 3131 1558 3177 et
1572 3125 1723 3184 eoncordia

924 3199 987 3256 lrdei
1002 3201 1119 3275 degens,
1133 3211 1160 3261 et
1175 3203 1257 3261 mttlta
1271 3215 1437 3266 tentamenta
1450 3210 1599 3277 sustinens,
1615 3213 1722 3286 scripta

923 3289 1035 3346 Petrum
1055 3292 1135 3362 quasi
1163 3303 1286 3350 aromata
1313 3296 1435 3371 collegit,
1461 3299 1586 3371 exemplo
1613 3300 1721 3359 illorum

922 3373 1053 3429 virtutum
1065 3374 1248 3448 spiritualium
1263 3378 1341 3453 quasi
1356 3381 1510 3440 convivium
1535 3383 1661 3450 instituit,
1676 3385 1723 3442 cui

922 3461 1060 3520 Christum
1074 3463 1208 3542 interesse
1224 3474 1309 3538 optat,
1325 3476 1352 3527 ut
1367 3484 1436 3540 epus
1451 3487 1530 3531 suurn
1551 3473 1722 3544 acceptabile

922 3549 965 3604 fiat
982 3551 1078 3608 dicens
1093 3568 1099 3606 ε
1117 3551 1168 3623 Qui
1184 3571 1213 3609 se
1228 3555 1354 3624 promisit
1366 3575 1475 3617 mecum
1492 3577 1578 3632 usque
1598 3562 1634 3618 ad
1645 3578 1719 3620 cou-

922 3641 1133 3696 summationem
1162 3643 1258 3700 soecuti
1285 3661 1453 3714 mansumm,
1483 3648 1543 3721 ipse
1570 3667 1643 3708 nunc
1671 3669 1723 3722 per

921 3727 1038 3802 gratiam
1052 3729 1144 3785 veniat
1157 3729 1182 3785 in
1197 3747 1241 3787 me
1255 3731 1364 3792 hortum
1380 3751 1469 3804 mutu,
1487 3744 1515 3794 ut
1530 3739 1578 3808 qui
1589 3755 1634 3796 ure
1648 3738 1723 3798 iuter

921 3824 1115 3886 persecutores
1131 3825 1158 3871 et
1172 3819 1319 3879 liuereticos
1337 3821 1449 3881 illaesam
1472 3826 1626 3889 custodivit,
1650 3843 1724 3887 nuuc

921 3902 949 3960 ἰιι
963 3918 1033 3974 pace
1048 3903 1192 3980 degentem
1218 3922 1235 3962 a
1257 3908 1450 3966 tentationibus
1469 3911 1674 3980 adversitatum,
1695 3925 1722 3972 et

920 3991 1131 4064 prosperitatum
1148 3992 1337 4054 inconcussam
1351 3999 1498 4066 comedint,
1513 4016 1545 4058 ac
1564 4001 1599 4058 de
1619 4019 1663 4060 me
1679 4011 1720 4058 ta-

920 4079 961 4136 les
976 4081 1139 4139 emissiones
1158 4084 1301 4156 producat,
1320 4103 1435 4158 quarum
1456 4105 1600 4160 pomorum
1617 4089 1721 4151 inustus

920 4167 979 4240 ipse
995 4171 1132 4238 comedat.
1149 4172 1201 4231 huc
1216 4182 1268 4240 est,
1284 4179 1340 4234 tatu
1357 4175 1514 4249 spirituales
1535 4178 1599 4236 velit
1622 4180 1657 4238 de
1676 4198 1722 4239 ma

920 4257 1068 4332 pullulare,
1087 4276 1157 4330 quos
1171 4261 1222 4316 sibi
1238 4270 1266 4321 ut
1280 4279 1392 4324 suarem
1405 4265 1496 4326 cibum
1512 4268 1576 4325 sulit
1594 4268 1721 4342 incerpo-

921 4361 993 4404 rare.
1011 4347 1098 4406 Poma
1117 4349 1217 4406 etenim
1237 4351 1309 4408 horti
1330 4359 1395 4413 sunt
1420 4353 1448 4410 in
1475 4357 1603 4414 Ecclesia
1628 4358 1721 4418 enon.

924 4433 1038 4492 Fructus
1059 4452 1220 4506 pomorum,
1237 4448 1304 4500 sunt
1323 4455 1415 4511 opera
1436 4443 1581 4502 bonorum.
1607 4445 1722 4507 Enutus

923 4539 1069 4594 pomorum
1091 4542 1202 4584 suorum
1221 4527 1337 4586 dilectus
1359 4531 1496 4598 comedet,
1515 4549 1579 4593 cum
1598 4536 1721 4597 Christus

922 4612 1023 4669 electos
1050 4629 1101 4684 per
1123 4615 1195 4672 bona
1214 4630 1297 4688 opera
1320 4617 1372 4676 sihi
1395 4618 1596 4696 incorporabit,
1618 4631 1647 4680 ut
1666 4626 1721 4682 sint

923 4715 1006 4758 unum
1026 4716 1086 4758 cum
1110 4701 1169 4758 Deo
1192 4702 1260 4761 sicut
1281 4705 1359 4762 cibus
1377 4707 1404 4762 iu
1425 4723 1525 4781 corpus
1547 4711 1720 4772 comedentis

923 4788 1049 4844 vertitur.
1065 4788 1153 4846 Aliter
1167 4791 1296 4851 Ecclesia.
1312 4794 1409 4853 dolens
1432 4797 1609 4872 synagogam
1630 4816 1646 4857 a
1665 4801 1718 4861 tide

921 4875 1024 4932 Christi
1039 4877 1133 4935 tandiu
1146 4881 1278 4950 separari,
1293 4890 1354 4939 orat
1375 4899 1437 4940 enm
1447 4885 1500 4940 sibi
1519 4889 1660 4960 associari,
1679 4890 1716 4948 ‹tt-

922 4979 990 5022 ceus
1009 4980 1014 5018 :
1031 4965 1153 5024 Dilectus
1166 4984 1255 5030 meus,
1272 4970 1427 5044 quideme
1447 4974 1528 5031 burto
1546 4991 1599 5034 sue
1612 4978 1717 5050 aquilo·

922 5069 985 5110 nem
1001 5052 1142 5112 diabolum
1155 5072 1204 5124 per
1218 5055 1300 5115 tinem
1315 5059 1429 5130 expulit,
1452 5069 1478 5118 ει
1496 5071 1619 5122 uturum
1634 5066 1720 5137 Spiri-

921 5149 976 5199 tum
998 5150 1122 5200 sanctum
1142 5146 1330 5218 pergratiam
1358 5147 1519 5218 introduxit,
1549 5159 1578 5206 et
1593 5163 1719 5213 aromata

920 5230 1116 5288 charismatum
1144 5232 1171 5288 in
1186 5249 1229 5291 mc
1258 5234 1462 5306 multiplicarit;
1478 5238 1537 5310 ipse
1558 5239 1641 5296 etiam
1669 5257 1719 5313 per

920 5319 1035 5392 gratiam
1051 5319 1182 5378 venialia
1198 5321 1322 5378 iudaeam
1340 5324 1451 5380 hortum
1466 5343 1556 5395 suurn,
1582 5337 1610 5384 ut
1623 5345 1718 5388 cume-

920 5407 967 5463 dat
979 5407 1081 5465 fructus
1095 5425 1239 5484 pomorum
1255 5427 1375 5481 suorum,
1390 5413 1418 5468 id
1439 5420 1489 5482 est,
1516 5424 1547 5472 ut
1562 5433 1613 5490 per
1634 5418 1718 5478 tttem

919 5495 1073 5570 incorporet
1093 5497 1144 5555 sibi
1167 5499 1366 5559 multitudinem
1388 5505 1644 5565 convertendorum.
1659 5510 1718 5570 lie·

920 5579 1025 5636 naliter.
1044 5579 1166 5638 Dilectus
1180 5582 1207 5638 in
1221 5585 1329 5642 hortum
1344 5586 1426 5653 venit,
1443 5596 1470 5645 et
1484 5588 1600 5648 lructum
1617 5609 1719 5666 pome-

922 5683 983 5722 rum
999 5683 1111 5725 suorum
1130 5671 1265 5740 comedit,
1288 5689 1348 5729 curn
1372 5674 1497 5734 Christus
1518 5678 1592 5737 dona
1614 5699 1664 5739 sua
1688 5683 1717 5740 in
