3942 6067
116 231 194 291 ram
655 240 737 299 rna
756 242 791 301 u.
808 244 997 305 annulum
1015 239 1258 307 rrnonrausrs.
1568 214 1572 219 ’
1707 248 1784 312 esst

117 366 268 417 exoratum
291 376 353 417 esse
374 360 494 432 postulo,
510 376 546 419 ne
568 361 682 439 indigne
703 366 785 437 teras,
800 385 835 425 ue
856 359 924 427 mibi
938 370 966 433 Α
982 372 1033 428 tuit
1046 373 1103 447 (33)
1119 390 1126 429 :
1144 362 1221 444 cujus
1244 371 1416 446 presentiam
1438 373 1585 445 sepefatus
1612 374 1783 449 lieginaldus

117 446 199 505 l’atri
212 457 259 507 tuo
273 464 449 517 succenseas,
465 452 537 523 quod
552 458 578 509 te
592 455 672 526 quasi
685 455 873 515 fraudulenter
888 460 924 515 ad
977 461 1056 518 adire
1070 462 1184 529 studuit,
1198 469 1226 519 et
1240 463 1379 535 quomodo
1393 460 1562 520 laudabilem
1575 463 1721 538 fugitivum
1745 467 1781 522 ab
1850 536 1859 551 Ι

115 547 246 596 nostmm
260 540 428 597 consortium
442 556 545 599 revees
560 560 568 597 ι
583 542 635 601 boe
649 544 750 602 etenim
765 563 822 619 pre
839 547 924 604 nimia
977 564 1070 607 cremo
1084 552 1247 621 reduxisset,
1258 552 1408 626 diligenter
1417 552 1562 625 exposuit;
1579 568 1719 626 quamque
1728 556 1780 627 uti.

116 626 268 685 dilectione
283 628 365 696 tucio,
380 644 431 700 pro
445 636 522 686 certo
536 630 631 687 sciens
645 634 720 705 quia,
735 632 789 690 nisi
814 643 841 690 te
868 635 923 691 ali·
976 635 1011 693 lis
1026 648 1100 697 esset
1113 649 1267 712 postauam
1282 655 1437 708 excessum,
1453 641 1499 714 qui
1510 642 1569 711 jam
1584 642 1698 715 quasiin
1707 643 1777 701 lori-

116 730 177 787 quo
186 716 268 773 modo
276 716 444 789 deciperem,
455 734 470 772 a
481 715 594 775 nimium
606 720 655 777 tibi
665 721 765 780 dilecta
777 723 922 781 solitudine
975 726 1028 783 bus
1042 729 1147 794 aderat,
1163 730 1196 785 ad
1212 728 1372 787 monasterii
1388 729 1512 803 regimen
1526 730 1651 787 studiose
1666 730 1777 789 intima-

115 803 276 862 nullateuua
289 806 509 864 extraherem.»
975 815 1024 883 vit,
1049 817 1101 875 boe
1127 818 1209 875 etiam
1236 818 1430 890 praemonendo
1456 826 1539 892 atque
1563 821 1772 891 premuntendo
1860 870 1863 879 .

975 904 1158 978 subiungens,
1169 922 1204 963 ne
1214 907 1369 964 &enardus
1379 906 1416 964 ita
1426 907 1593 981 comperiam
1609 923 1645 965 ue
1658 908 1728 966 torte
1737 910 1774 967 ab

974 990 1015 1047 eis
1029 990 1198 1051 clandestina
1211 991 1278 1065 luga
1291 1008 1322 1049 sa
1334 991 1490 1057 subtrahat,
1502 992 1571 1049 sicut
1584 993 1649 1049 oiim
1659 1008 1676 1049 a
1686 994 1715 1049 S.
1724 994 1775 1051 Se·

973 1079 1029 1136 riui
1044 1079 1212 1137 monastario
1229 1088 1341 1153 propter
1361 1080 1488 1137 eamdem
1508 1095 1620 1139 causam
1647 1097 1710 1139 sese
1734 1083 1774 1139 la·

973 1175 1061 1225 tanter
1076 1168 1255 1227 subduxerat.
1275 1167 1380 1238 Quibus
1387 1168 1514 1229 omuibus
1524 1170 1773 1227 assensumlibeu-

971 1263 1015 1315 ter
1029 1256 1177 1331 episcopus
1190 1257 1316 1329 praebuit,
1327 1266 1356 1314 ut
1365 1266 1462 1330 postea
1476 1258 1515 1317 rei
1524 1258 1708 1331 ipsiuseritus
1718 1275 1771 1333 ep-

971 1346 1111 1419 probavit.

153 938 200 995 dl.
216 937 318 996 Servus
332 939 425 1013 itaque
439 941 559 1013 Domini,
575 944 673 1003 ridens
688 946 762 1021 quod
779 946 815 1003 ab
829 946 875 1005 illo
891 964 921 1005 se

112 1040 174 1082 nou
188 1026 352 1097 subducere,
368 1044 419 1087 uec
434 1030 467 1085 ad
482 1032 634 1104 discipulos
647 1050 711 1090 suos
733 1036 845 1093 ulterius
872 1054 920 1093 re-

112 1130 214 1172 meare
226 1126 321 1187 posset
333 1134 341 1181 ;
356 1117 494 1192 simulque
508 1122 646 1188 recolens,
660 1123 724 1180 tatia
737 1125 791 1181 sibi
810 1126 920 1183 nonnisi

110 1202 190 1261 illius
203 1220 317 1278 semper
328 1208 402 1278 iusto
417 1223 499 1281 posse
512 1210 674 1285 contingere
690 1213 807 1286 judicio,
829 1215 875 1288 qui
890 1223 919 1272 ut

110 1292 210 1349 multis
223 1294 380 1365 prodesset,
397 1296 432 1353 de
445 1298 507 1369 ipso
521 1300 583 1357 sinu
595 1301 683 1357 Patris
691 1318 822 1377 egressus
832 1312 872 1361 est
883 1303 919 1361 nd

109 1381 254 1452 publicum
268 1387 403 1451 nostrum,
420 1393 476 1441 tum
491 1392 606 1461 propter
618 1389 746 1462 pietatem
769 1392 844 1449 senis
871 1409 918 1449 ex·

110 1469 228 1535 orantis,
245 1477 303 1534 turn
318 1480 434 1543 propter
446 1477 638 1534 auctoritatem
658 1479 826 1551 imperantis,
850 1482 917 1539 satis
1283 1470 1396 1529 CAPUT
1415 1470 1465 1528 VI·

110 1554 396 1655 pwvidffesmffflss
412 1576 418 1611 ²
437 1580 449 1606 ⁸
465 1560 546 1628 ΝΜ
572 1564 663 1631 ''⁸¹⁰¹'’
687 1566 763 1636 'mvi’
786 1567 852 1638 ‘¹⁰5²
872 1584 917 1625 ¹¹¹⁸
970 1596 1057 1655 Abdus
1066 1597 1095 1653 S.
1112 1597 1245 1671 Cyprinrri
1263 1598 1450 1657 constituitur
1466 1617 1476 1655 .·
1496 1600 1527 1654 eb
1545 1597 1770 1673 persecutionem

108 1643 187 1699 nolle
202 1644 250 1699 ubi
263 1660 441 1717 acquiescere
462 1651 541 1721 quasi
566 1652 657 1709 scelus
670 1664 713 1709 est
727 1655 890 1712 idololatriae
906 1672 913 1727 ;
1008 1670 1268 1741 adproeatcandum
1287 1668 1475 1729 conuertitur.
1497 1670 1582 1728 Morus
1601 1670 1770 1727 clericerum

111 1730 165 1787 sed
180 1732 410 1803 periculosarum
424 1738 491 1793 mitri
505 1740 604 1797 durum
617 1750 668 1809 est,
684 1743 747 1801 illos
761 1760 830 1818 quos
850 1746 918 1803 adu·
930 1736 958 1797 Β
1007 1742 1172 1811 reformati·

110 1820 183 1874 navi
197 1820 357 1891 discipulos,
374 1823 414 1881 sic
427 1826 567 1884 desolatos
581 1838 609 1887 et
619 1832 700 1903 quasi
712 1834 852 1906 orphanos
867 1852 918 1909 pe·

109 1907 191 1963 nitus
206 1908 375 1983 relinquere.
395 1912 570 1988 Quapropter
583 1920 650 1993 quid
664 1922 700 1977 de
714 1921 771 1979 illis
784 1923 846 1981 deri
867 1926 919 1983 de·

110 1995 189 2077 beat,
205 2004 259 2053 tuae
284 2014 398 2057 censura
418 2003 709 2074 providentiaeamodo
723 2013 881 2083 provideat.
904 2038 916 2066 ι

110 2083 155 2139 Ad
169 2084 230 2141 baec
243 2084 297 2142 iste
313 2104 320 2142 :
339 2111 350 2136 ι
368 2090 424 2147 ista
438 2099 509 2160 tuus,
525 2095 571 2167 qui
581 2113 707 2168 praesens
716 2100 804 2169 adest,
813 2102 916 2165 socius,

115 2188 179 2227 mea
192 2172 312 2248 iungens
328 2176 478 2251 legatione,
493 2182 528 2238 ad
543 2198 592 2239 eos
606 2185 713 2252 redeat,
728 2195 756 2244 et
770 2205 832 2262 qure
845 2191 919 2249 circa

112 2269 141 2317 te
155 2270 285 2334 geruntur
302 2276 439 2337 exponat;
468 2270 562 2344 eisquc
584 2276 718 2332 veraciter
739 2277 824 2346 dicat,
845 2280 919 2353 quod

114 2350 276 2424 quicunque
289 2368 324 2409 ιι
346 2354 401 2410 illis
425 2364 452 2414 te
464 2358 501 2414 ad
521 2364 718 2421 monasterium
732 2367 811 2440 sequi
824 2368 919 2427 uolue-

115 2438 183 2506 rint,
198 2438 380 2501 libentissime
395 2446 433 2503 tui
455 2449 552 2518 gratia,
578 2453 721 2526 utriusque
741 2456 804 2515 rite
824 2457 919 2515 subsi-

119 2527 195 2583 dium
209 2528 250 2585 eis
259 2529 425 2590 sufficienter
433 2538 596 2608 providebo.
611 2543 682 2599 »itis
690 2544 783 2619 itaque
790 2548 918 2617 peractis,

111 2615 201 2690 longo
213 2618 341 2677 conlecto
356 2622 467 2695 itinere,
484 2627 520 2683 ad
535 2629 564 2685 S.
580 2630 709 2703 Cypriani
722 2636 920 2693 monesterium

117 2716 314 2776 peruenerunt.
325 2711 449 2770 ttonaetn
459 2718 713 2789 veroltemardum,
731 2727 919 2797 quemamm-

115 2793 152 2850 tis
165 2795 246 2851 aunis
261 2813 316 2853 uon
338 2800 474 2872 viderant,
497 2804 552 2863 laeti
575 2810 801 2886 gratulantesque
828 2816 919 2873 susci-

112 2881 209 2954 piuut;
234 2885 402 2945 admirantes
422 2892 560 2951 hominem
582 2896 736 2969 hirsutum,
764 2901 918 2973 barbatum,

116 2970 219 3028 vilibus
232 2981 317 3047 atque
329 2975 436 3035 villosis
447 2981 528 3049 juxta
546 2988 694 3046 eremitica
715 2994 919 3051 consuetudinis

112 3060 238 3132 modurn,
254 3065 354 3133 pannis
368 3067 549 3139 subobsitum,
566 3074 720 3144 cujusmodi
734 3080 853 3137 babilam
868 3082 957 3157 abc

117 3148 271 3216 horrentes,
296 3165 479 3227 properanter
505 3171 621 3230 eruunt,
646 3165 761 3223 barbam
781 3169 917 3227 abradunt

114 3237 232 3311 suisque
255 3240 423 3301 indumentis
436 3246 559 3312 induunt.
577 3259 604 3308 et
627 3262 690 3325 pest
717 3272 821 3329 paucos
844 3260 915 3331 dies,

116 3328 242 3397 quamvis
260 3342 471 3405 repugnantem,
488 3340 664 3411 praepositum
679 3344 809 3405 alliciunt.
831 3350 866 3405 Et

111 3412 168 3469 lum
182 3416 295 3488 quidem
315 3423 435 3478 exterius
449 3435 592 3498 exuentes,
607 3436 775 3504 paupertatis
794 3436 818 3493 ei
834 3438 869 3494 be

111 3510 167 3557 tum
178 3504 393 3576 subtraxerunt3
409 3512 671 3575 sedmentemiltius
681 3523 718 3577 ab
728 3529 918 3584 amoreeremi

111 3590 269 3651 abstrahere
284 3597 483 3671 nequiverunt.

1007 1884 1055 1939 at.
1084 1882 1205 1956 Contigit
1226 1890 1365 1941 autemut
1391 1883 1574 1957 Regiusldus,
1602 1882 1771 1940 transcursis

971 1979 1092 2043 quatuor
1117 1972 1269 2043 mensibus,
1291 1972 1370 2045 graui
1394 1971 1552 2029 infirmitate
1574 1979 1726 2045 correptus,
1742 1970 1771 2027 in

970 2060 1044 2115 lecto
1059 2059 1207 2117 decideret.
1223 2061 1346 2133 Cumque
1360 2060 1419 2117 dies
1433 2060 1525 2116 obitus
1539 2059 1582 2117 sui
1600 2059 1772 2132 propinqua·

972 2154 1023 2213 rat,
1040 2145 1139 2205 tratres
1153 2148 1188 2204 ad
1203 2164 1265 2205 oum
1279 2155 1475 2216 convenerunt,
1492 2163 1610 2221 eumque
1634 2148 1681 2219 qui
1708 2164 1773 2203 sus·

972 2250 1070 2293 cessor
1082 2236 1169 2310 ipsius
1183 2252 1245 2293 essa
1258 2237 1382 2306 deberet,
1398 2245 1428 2294 ut
1440 2236 1588 2293 ostendere
1598 2235 1771 2309 dignaretur,

969 2325 1112 2382 sarabate
1126 2325 1178 2382 sibi
1192 2334 1286 2384 sancto
1302 2325 1412 2398 Spiritu,
1427 2325 1542 2385 summis
1565 2324 1694 2398 precibus
1718 2341 1773 2397 po-

972 2408 1140 2467 stularemut
1158 2425 1164 2466 :
1180 2412 1283 2484 quippe
1297 2410 1344 2484 qui
1359 2418 1420 2468 erut
1432 2414 1478 2466 ιιι·
1491 2410 1617 2483 apprime
1637 2409 1773 2477 eruditus,

973 2507 1085 2554 ornatus
1096 2498 1251 2572 privilegiis
1265 2514 1380 2557 summm
1396 2498 1547 2557 sanctitatis
1561 2506 1589 2555 et
1609 2499 1775 2559 innocentie
1791 2558 1794 2570 ,

974 2592 1002 2642 et
1016 2585 1170 2657 sapientie.
1189 2586 1295 2657 Quibus
1309 2587 1357 2644 ille
1373 2606 1380 2643 :
1399 2609 1410 2637 ι
1427 2586 1569 2657 Quamvis,
1584 2586 1720 2661 inquiens,
1741 2588 1776 2643 ad

973 2690 1019 2731 me
1034 2690 1089 2733 non
1102 2674 1239 2747 pertiueat
1251 2676 1287 2733 de
1301 2683 1374 2732 tauta
1388 2690 1423 2733 ac
1439 2676 1486 2732 teli
1500 2692 1532 2733 re
1551 2676 1705 2749 (statuere),
1730 2682 1776 2733 ta-

972 2778 1048 2831 mea,
1065 2764 1129 2837 quia
1142 2765 1227 2821 timeo
1241 2772 1362 2822 vestram
1376 2764 1583 2832 desolationem,
1599 2764 1623 2821 si
1639 2763 1704 2820 mibi
1713 2763 1777 2821 rul-

974 2851 1009 2907 tis
1034 2852 1159 2921 eredere,
1174 2854 1344 2909 liemardum
1361 2852 1448 2911 virum
1463 2852 1632 2927 religiosum,
1652 2852 1732 2910 robis
1760 2870 1776 2910 a

973 2941 1033 2997 Deo
1047 2941 1081 2997 ad
1097 2941 1150 2999 boc
1162 2942 1320 3014 nuperrime
1339 2942 1503 3008 restitutum,
1519 2942 1634 3017 dignum
1661 2940 1777 3015 dispen-

974 3036 1094 3086 satorem
1107 3029 1202 3088 domui
1215 3030 1371 3088 constituite
1386 3048 1393 3086 ι
1408 3037 1438 3087 ut
1452 3030 1525 3089 enim
1541 3030 1694 3089 secundum
1709 3046 1776 3087 con·

972 3118 1114 3175 scientiam
1129 3118 1227 3192 loquar
1242 3135 1294 3176 uon
1311 3119 1358 3175 illa
1380 3118 1510 3193 aliquem,
1525 3121 1586 3177 Deo
1605 3126 1684 3185 teste,
1711 3134 1779 3192 aeri

970 3207 1152 3265 sanctiorem.
1174 3232 1185 3257 ι
1203 3207 1258 3277 Qui
1270 3208 1385 3266 consilio
1405 3208 1472 3264 tanti
1494 3208 1585 3264 Patris
1605 3208 1774 3267 unanimiter

972 3296 1193 3368 acquiescentes,
1215 3305 1363 3370 postquam
1384 3296 1431 3354 ille
1454 3298 1581 3354 bumana
1608 3296 1794 3355 conditionis.

881 3350 917 3406 ¹¹·
971 3384 1094 3442 debitum
1109 3385 1240 3459 persolvit
1264 3387 1331 3459 (31),
1354 3400 1418 3451 eum
1439 3402 1522 3459 quem
1542 3384 1720 3460 predixerat,
1744 3385 1774 3443 iu

871 3439 916 3496 δι’
972 3473 1034 3531 loeo
1062 3475 1170 3532 abbatis
1196 3473 1400 3533 festinaverunt
1422 3490 1546 3547 ponere,
1576 3483 1618 3547 et,
1648 3475 1688 3533 uti
1714 3490 1777 3533 mos

971 3570 1023 3630 est,
1053 3564 1088 3619 ad
1116 3564 1352 3621 consecrationem
1384 3564 1498 3621 invitum
1526 3572 1553 3621 et
1576 3572 1776 3639 repugnantem

971 3650 1093 3708 trabere.

147 3725 191 3783 13.
208 3727 246 3782 At
260 3737 360 3800 quanta
374 3732 403 3787 in
418 3735 516 3792 eadem
539 3740 664 3797 Ecclesia
685 3744 720 3799 de
743 3746 803 3814 ejus
827 3749 917 3806 reditu
1008 3750 1054 3806 15.
1070 3747 1207 3822 Suscepto
1230 3748 1315 3823 igitur
1337 3765 1409 3809 curae
1421 3748 1567 3823 pastoralis
1581 3750 1680 3821 officio,
1695 3756 1770 3809 ento

112 3811 214 3883 laetitia,
229 3824 304 3872 unta
317 3818 346 3874 in
365 3824 501 3893 praedicta
514 3828 661 3887 solitudine
687 3833 722 3888 de
750 3835 837 3907 ipsius
864 3838 916 3893 ab·
971 3838 1063 3911 magis
1081 3838 1148 3895 illud
1171 3838 1281 3913 dignius
1304 3839 1497 3895 administrare
1523 3839 1643 3906 curabat,
1670 3847 1774 3915 quanto

112 3916 207 3959 scessu
221 3913 316 3963 exorta
330 3918 372 3965 est
395 3923 510 3984 repente
537 3918 654 3978 tristitia.
684 3920 845 3981 Gaudebant
860 3926 914 3993 isti,
971 3926 1025 3983 hoc
1041 3942 1096 3982 non
1112 3928 1230 4000 propriae
1245 3927 1392 3985 voluntatis
1406 3927 1535 4000 impulsu,
1548 3926 1663 3985 sedsolo
1674 3928 1773 3987 divinae

114 3990 236 4061 quicum
261 3997 339 4066 quasi
360 4001 498 4069 perditum
513 4004 690 4076 inuenerant;
712 4011 842 4069 dolebant
865 4014 915 4070 itti.
969 4014 1118 4071 voluntatis
1131 4016 1246 4071 arbitrio
1261 4016 1314 4071 sibi
1328 4032 1390 4073 esse
1406 4015 1558 4085 injunctum
1571 4016 1662 4074 enimn
1686 4032 1771 4075 reco-

111 4078 156 4149 qui
169 4080 290 4138 ablatum
303 4086 461 4146 amiserant.
478 4092 525 4147 lati
548 4095 690 4169 antiquum
710 4102 815 4157 socium
837 4109 915 4158 tena-
968 4101 1062 4170 lebat;
1078 4119 1130 4161 nec
1143 4104 1231 4160 solum
1246 4103 1332 4162 videri
1347 4105 1446 4161 doctor
1460 4105 1615 4179 appetebat,
1632 4106 1681 4162 sed
1700 4105 1771 4163 sicut

114 4167 181 4224 citer
193 4172 403 4242 amplectuntur,
428 4179 467 4235 itti
481 4197 582 4239 novum
597 4186 738 4243 doctorem
764 4192 842 4248 reddi
862 4194 915 4254 sibi
969 4191 1077 4248 caeteris
1091 4193 1186 4249 ordine
1200 4194 1405 4265 praeeminebat,
1421 4193 1462 4249 sic
1476 4193 1529 4265 piis
1538 4193 1660 4251 moribus
1674 4202 1772 4251 trans-

111 4256 270 4327 suppliciter
284 4262 484 4336 deprecantem
501 4270 545 4326 isti
560 4288 590 4328 se
605 4274 640 4329 de
655 4276 714 4345 ejus
731 4280 824 4336 ornari
838 4296 915 4353 prae·
967 4281 1086 4337 uendere
1101 4282 1251 4354 satagebat,
1267 4290 1350 4354 atque
1364 4298 1394 4338 se
1405 4281 1433 4336 in
1448 4282 1576 4339 omnibus
1589 4282 1629 4339 ita
1643 4282 1771 4341 studebat

110 4345 204 4411 sentia,
220 4346 258 4402 illi
273 4348 309 4406 de
322 4350 754 4421 absentiadelicerecontitentur.
768 4366 836 4436 Quae
846 4369 912 4424 dum
970 4368 1085 4437 babere,
1101 4378 1200 4427 utnon
1215 4371 1250 4427 de
1264 4369 1312 4427 illo
1322 4371 1404 4427 etiam
1412 4370 1609 4429 maledicorum
1619 4371 1770 4445 quidquam

3 4476 4 4479 ,
109 4443 264 4505 agerentur,
281 4437 460 4501 Pictaviousis
480 4448 558 4503 urbis
578 4451 766 4523 episcopatum
792 4458 908 4529 rogabat
921 4450 948 4512 D
961 4458 1076 4514 auderet
1090 4457 1162 4514 lama
1177 4458 1348 4531 contingere.
1362 4458 1485 4530 simplici
1506 4475 1622 4533 nemque
1637 4460 1694 4517 rita
1716 4475 1767 4516 oc·

3 4549 4 4556 .
110 4524 270 4579 venerabilis
285 4528 381 4585 Petrus
397 4533 542 4606 episcopus
554 4538 622 4609 (30),
646 4542 692 4612 qui
714 4552 810 4613 postea
833 4546 906 4602 exsi·
959 4546 1090 4602 essiones
1105 4545 1220 4603 tollebat
1234 4546 1451 4615 detrabentibus,
1467 4547 1590 4605 doctrina
1602 4563 1670 4605 sana
1692 4548 1766 4604 resi-

3 4637 4 4640 =
109 4606 171 4663 lium
191 4610 249 4683 131)
273 4630 325 4685 pro
348 4618 451 4687 justitia
479 4640 567 4697 usque
596 4629 632 4683 ad
667 4639 783 4687 mortem
820 4636 904 4690 susti-
957 4634 1050 4690 stebat
1064 4636 1329 4693 contradicentibus.
1346 4636 1408 4693 Non
1423 4636 1762 4693 enimdeuumerovelde

3 4722 5 4760 ε
109 4695 163 4750 nuit
177 4696 244 4767 (32),
260 4703 338 4772 eujus
355 4707 416 4763 vitea
430 4715 562 4768 sanctitas
584 4716 720 4773 mirabitis
740 4721 852 4790 exstitit,
874 4731 903 4778 ut
956 4738 1060 4795 genere
1068 4738 1160 4781 eoram
1171 4732 1241 4791 erat,
1254 4725 1300 4798 qui
1311 4724 1410 4800 gravia
1423 4724 1598 4783 districtioris
1606 4724 1668 4782 ritae
1678 4739 1763 4782 onera

109 4791 166 4855 post
193 4785 280 4859 ipsius
306 4793 411 4851 obitum
437 4799 632 4860 miraculorum
658 4808 832 4867 attestatione
850 4828 902 4884 pa·
955 4811 1097 4885 discipulis
1109 4813 1261 4886 imponunt,
1276 4830 1337 4888 quse
1350 4814 1403 4889 ipsi
1418 4813 1462 4871 vel
1486 4813 1599 4871 minimo
1621 4813 1758 4888 attingere

141 5004 195 5073 (3⁰)
209 5006 304 5066 Petrus
319 5013 353 5079 lt,
368 5015 512 5089 episcopus
523 5032 710 5084 creatusanao
722 5028 908 5104 tuaequae
954 5032 1029 5091 diem
1042 5035 1115 5093 iuter
1128 5036 1327 5109 praetermissos
1341 5036 1376 5091 da
1389 5049 1422 5091 eo
1436 5034 1557 5108 egimus.

106 5075 209 5145 Plfflfssll
223 5094 310 5191 usque
324 5085 358 5191 ld
372 5103 472 5145 ‘¹⁰⁰⁰‘ss
488 5093 570 5150 ΜΗ·
991 5132 1047 5201 (33)
1065 5152 1077 5183 ι
1100 5132 1277 5191 Sanctitatem
1300 5132 1358 5202 ejus
1378 5132 1476 5189 crebre
1496 5132 1628 5191 miracula
1656 5134 1754 5193 tumuli

126 5172 194 5251 Ι(31)
208 5176 239 5229 lu
253 5180 379 5261 exsilium
393 5192 471 5242 nctus
485 5202 502 5243 a
523 5189 670 5249 Guitlalmo
688 5195 758 5253 duce
782 5200 899 5273 Aquita·
953 5201 1014 5268 ejus
1028 5202 1175 5275 loquuntur
1188 5212 1214 5261 et
1228 5203 1388 5276 pradicant,
1405 5226 1416 5247 ο
1433 5204 1607 5275 utlegiturin
1617 5206 1754 5265 Chronico

2 5264 8 5298 ι
107 5256 154 5321 nite
170 5245 239 5312 vlit,
254 5266 298 5319 qur
314 5254 349 5306 ab
364 5270 397 5309 ιο
411 5262 593 5328 reprehensus
609 5265 704 5330 trienii,
731 5272 803 5340 quod
825 5272 897 5343 legi·
952 5271 1078 5330 llicbardi
1095 5275 1286 5339 Pictavieusis.
1304 5274 1374 5345 til¹¹d
1399 5274 1604 5343 Sflmflllhflnffis
1631 5278 1675 5350 ‘1¹¹5
1701 5276 1753 5334 'd‘

3 5353 8 5389 ,
106 5320 166 5366 time
181 5333 265 5375 uxore
279 5321 394 5393 depulsa
409 5328 436 5382 in
451 5332 584 5387 adulterio
599 5335 713 5401 viveret,
731 5339 768 5393 uti
778 5341 898 5399 diximus
952 5343 1020 5399 dunt
1036 5366 1047 5395 ι
1064 5361 1163 5417 corpus
1178 5348 1235 5416 eius
1250 5346 1365 5417 piosque
1380 5344 1488 5403 cineres
1503 5346 1646 5418 quiescere
1660 5351 1688 5406 in
1706 5362 1753 5405 ec·

3 5445 4 5462 ,
107 5382 136 5436 tc
148 5384 289 5447 Februarii
304 5395 339 5475 ad
353 5396 439 5452 Vitam
455 5400 483 5455 S.
501 5404 639 5460 Guiltolmi
661 5410 793 5475 eremite,
822 5415 896 5485 quod
951 5414 1037 5471 closis
1059 5416 1182 5473 coenobii
1215 5416 1448 5483 Fontis-Ebratdi,
1485 5417 1521 5473 ab
1558 5432 1592 5473 eo
1621 5426 1751 5477 coustru·
1788 5468 1792 5475 .

3 5469 7 5481 .
76 5530 81 5540 Ι
106 5468 162 5509 (ιιι
177 5458 227 5515 boc
241 5466 268 5517 el
283 5462 338 5521 lrlro
352 5483 403 5524 suo
418 5468 563 5531 Guillelmo
575 5478 676 5549 passim
690 5496 760 5535 uirus
768 5480 896 5557 idemque
953 5491 1012 5542 cta.
1033 5507 1046 5537 ι

106 5524 251 5589 ''mmm“
987 5584 1045 5656 (ιι)
1060 5584 1215 5642 caenum
1228 5586 1259 5643 s.
1279 5586 1405 5669 uniente
1422 5604 1430 5642 ι
1447 5608 1469 5670 ·.
1483 5589 1564 5643 anno
1588 5588 1658 5669 troo
1680 5586 1748 5647 seru

138 5622 192 5705 (Η)
205 5628 326 5690 Monens
340 5644 383 5692 est
397 5640 492 5697 Petrus
510 5646 582 5715 apud
605 5655 724 5705 castrum
752 5650 894 5710 Galrinia-
949 5655 1113 5727 Raynaldun,
1130 5656 1216 5712 abbas
1230 5656 1260 5713 S.
1272 5658 1412 5741 Cypriani,
1426 5672 1471 5715 cur
1486 5656 1608 5714 succebt
1628 5658 1746 5718 Bernar-

3 5707 4 5716 ι
107 5705 164 5748 cum
177 5711 205 5749 ru
219 5714 268 5757 sua
281 5706 396 5779 diocesi,
411 5713 427 5767 l
443 5715 546 5785 Aprilis
559 5720 647 5791 [suuni
662 5721 749 5790 1115,
763 5724 800 5779 ad
813 5740 895 5798 quem
948 5727 1010 5795 das,
1028 5728 1075 5799 qui
1089 5727 1196 5801 reliquit
1210 5728 1358 5798 abbatum,
1375 5753 1387 5779 n
1404 5737 1433 5786 ut
1445 5727 1517 5788 iutra
1531 5729 1649 5787 dicetur.
