3942 6067
225 212 277 267 rra
359 215 361 219 ¹
561 206 713 265 uououu
732 173 985 264 sucusronurt.
1005 200 1089 260 ore.
1110 202 1202 267 exus
1222 210 1271 266 tu.
1290 241 1326 253 -
1346 206 1550 269 sxruoctcx.
1823 210 1878 264 ιιι

212 334 299 405 ceptis
312 332 392 407 legis,
409 332 528 391 scientes
543 333 616 405 quod
634 348 683 404 per
696 333 797 390 multas
821 328 1011 389 tribulationes
1025 328 1053 389 A
1067 348 1161 389 mores
1177 335 1297 404 iustruit,
1308 336 1370 407 griis
1384 336 1441 391 duo
1450 332 1555 405 populi,
1565 330 1651 388 tudaei
1664 337 1691 387 et
1700 330 1830 404 gentiles,
1840 334 1879 387 ad

216 426 326 491 oportet
340 434 390 475 nos
405 416 517 473 introire
532 418 560 472 in
574 434 691 491 regnum
707 418 770 475 Dei.
1071 421 1154 479 fidem
1181 434 1389 483 convertuntur.
1419 420 1634 494 Responsorium
1650 434 1657 473 :
1679 421 1773 477 Vertite
1797 422 1875 486 Filii,

252 506 300 562 Ab
314 507 367 563 isla
382 506 525 561 Dominiea
547 514 610 561 sunt
633 506 814 580 quadraginta
828 506 888 561 dies
911 511 939 560 et
963 503 1017 559 duo
1070 512 1105 567 nd
1121 512 1202 569 fidem
1218 521 1297 571 vocnt
1312 533 1319 569 ς
1335 515 1496 583 besangeus
1511 512 1582 567 bene
1596 518 1740 581 operantes
1762 509 1870 565 laudat.

211 596 349 671 usquead
365 594 530 665 baptismum
547 611 553 647 ι
572 601 611 652 tot
623 596 781 651 mansiones
803 595 954 650 babuerunt
969 590 1020 654 filii
1069 602 1250 675 Evangeljum
1265 603 1294 659 tn
1309 602 1383 659 sito„
1397 600 1477 666 totos,
1494 600 1522 654 id
1536 608 1588 662 ρει,
1604 598 1632 653 in
1647 598 1756 653 christo
1780 599 1875 669 bapti.

209 684 303 751 lsrsel,
322 682 431 756 quando
446 681 574 753 baptizati
598 693 661 739 sunt
682 684 709 739 in
730 684 801 738 mari
825 692 851 737 et
870 682 898 736 iu
923 679 1015 739 oubei
1068 701 1144 747 astos
1160 693 1265 763 probat.
1282 690 1362 760 Quod
1377 698 1470 762 quarta
1484 688 1551 745 ieria
1567 695 1673 759 quarite
1692 687 1876 744 hebdomadas

212 774 321 845 quando
338 772 465 827 exierunt
477 772 512 826 de
527 779 602 826 lem
615 772 723 845 Egypll
738 772 773 827 de
787 772 857 827 dlll'ss
870 769 1013 833 set’ttiluie,
1068 780 1290 853 quadragesim
1304 781 1358 837 hog
1372 778 1411 846 fit,
1427 778 1499 833 istud
1515 776 1664 849 significat,
1684 776 1734 832 Pep-
1746 774 1876 844 Quadi!-

212 869 238 918 ει
253 868 435 933 pervenerunt
449 859 483 915 ad
499 868 597 914 terram
612 860 844 931 repromissionis.
870 860 920 915 Τοι
934 857 1016 913 etiam
1069 870 1203 943 gesimam
1217 885 1300 926 omne
1314 877 1421 940 tempus
1435 865 1530 923 manli
1544 863 1732 938 significatur,
1748 881 1799 919 sex
1814 864 1877 921 dies

210 948 404 1023 gelleffliililies
419 958 482 1005 sunl
497 948 524 1002 in
540 948 704 1021 genealogia
718 948 828 1004 Chlibil.
845 946 898 1016 Qut
912 947 948 1001 ad
962 961 1015 1003 00),-
1068 960 1150 1030 primi
1174 976 1222 1015 ⁸01
1244 966 1339 1013 aemes
1358 957 1438 1013 unius
1459 956 1590 1027 cujusque
1614 954 1733 1009 hominis
1755 953 1876 1009 demon.

209 1038 308 1094 lestem
324 1038 441 1109 patriam
459 1036 571 1091 tendunt
587 1038 771 1109 quadraginta
783 1035 972 1091 mansionibus
987 1041 1016 1090 ul
1068 1056 1154 1103 spani
1170 1066 1177 1102 :
1194 1047 1371 1119 quarantenis
1385 1055 1413 1102 et
1427 1054 1525 1117 quarta
1540 1043 1694 1115 septimana
1710 1040 1877 1114 Ouadrege-

210 1124 258 1183 filii
273 1126 445 1193 lsrael,iDuc
460 1126 643 1197 quadraginta
654 1125 754 1181 diebus
770 1126 828 1180 istis
841 1123 1015 1195 perveniunt,
1068 1136 1144 1193 simae
1166 1136 1392 1208 mmmmm
1420 1142 1523 1207 qum
1545 1133 1618 1188 aetatj
1632 1121 1736 1188 'muli
1761 1140 1790 1187 οι
1813 1146 1876 1187 aevo

209 1212 256 1286 W
270 1212 304 1268 ad
320 1212 457 1267 Christum
482 1227 531 1282 W
552 1212 720 1281 ΙΜΡῑῑὸῐῊῑΠῐ]
744 1218 901 1278 transeunt,
916 1209 1015 1265 e⁰W¹¹
1066 1228 1147 1281 unius
1161 1226 1291 1281 bominis.
1311 1223 1416 1293 Quarto
1439 1232 1506 1279 aeles
1530 1231 1572 1277 est
1594 1238 1609 1275 a
1632 1220 1720 1277 David
1735 1220 1876 1292 usquead

209 1318 325 1357 ¹¹⁰¹W⁰
345 1300 380 1355 id
404 1316 466 1355 eum
490 1300 882 1373 Defleniumrll1100hli⁸¹u⁸
904 1298 940 1354 ‘d
962 1314 1014 1355 ¹¹⁰⁸
1067 1315 1335 1388 transmigrationem
1350 1312 1518 1384 Babylonis,
1543 1325 1560 1366 a
1582 1325 1637 1382 qua
1654 1310 1734 1365 velut
1753 1306 1875 1381 juvenili

125 1401 127 1409 ’
205 1389 346 1462 pervenit.
366 1388 490 1445 Christus
503 1403 520 1442 a
534 1389 623 1459 primo
638 1389 794 1459 patriarcha
809 1388 948 1443 Abrabam
961 1403 1013 1459 per
1066 1413 1146 1461 mre
1159 1404 1186 1459 pu
1201 1402 1302 1475 populo
1316 1402 1367 1458 pet
1381 1417 1478 1473 regum
1493 1406 1616 1471 tempora
1630 1406 1788 1469 coepgfflnt,
1806 1396 1875 1453 nm

209 1478 390 1551 ‘lufldffiiiiffifl
404 1477 474 1532 dW
486 1477 681 1549 Wel³¹i⁰¹¹0⁸
694 1476 729 1531 ld
745 1477 883 1549 Vilssinem
897 1477 1012 1532 WW·
1064 1502 1129 1551 setas
1143 1501 1208 1563 apta
1222 1501 1263 1548 est
1278 1507 1375 1564 reguo.
1396 1489 1455 1545 llac
1476 1497 1558 1546 aetale
1572 1487 1758 1543 Christianam
1779 1484 1874 1557 impe-

206 1567 246 1623 dit
263 1584 270 1622 ²
286 1580 337 1621 ⁰0⁵
350 1581 401 1636 W
414 1564 559 1631 Chlisfflfflr
578 1565 623 1637 W
638 1573 679 1620 W
695 1566 821 1636 WWDS
833 1565 1009 1635 Dflllifflhff·
1064 1583 1134 1637 rium
1147 1581 1263 1653 sumpsit
1280 1579 1435 1645 exordium,
1450 1579 1561 1647 jurante
1574 1577 1692 1634 Domino
1711 1574 1799 1631 David
1811 1591 1819 1628 ι
1831 1574 1872 1630 De

207 1672 279 1721 rum,
305 1654 443 1724 imD¹⁰Ud⁰
468 1646 585 1725 (1υὸῑῦοΡ
602 1654 754 1727 Elanifl
775 1670 824 1725 W
844 1652 1009 1724 d0⁰⁸¹⁰8l¹m
1024 1674 1164 1742 Bsrnclu
1179 1670 1287 1727 ventris
1302 1671 1348 1725 tsi
1360 1684 1465 1740 portem
1481 1684 1566 1740 saper
1580 1666 1675 1723 sedem
1688 1670 1779 1720 loom.
1803 1664 1872 1719 Ideo
1969 1737 1970 1740 Ἴ

205 1744 277 1815 ledis
288 1743 324 1798 ad
335 1758 450 1815 regnum
461 1742 597 1798 ⁰oe¹⁰l¹¹¹¹¹
607 1744 790 1799 flsssessdlfflus·
803 1741 907 1811 Quale?
917 1741 1010 1798 WW
1069 1759 1181 1815 inferia
1195 1767 1292 1830 quarta
1306 1757 1485 1813 bebdomadae
1502 1765 1609 1829 quartae
1624 1750 1815 1811 catechumeni
1834 1750 1873 1807 ad

207 1830 482 1905 fiuntquadraginta.
511 1832 627 1886 blundus
642 1831 693 1887 iste
708 1839 825 1904 quatuor
840 1830 1011 1887 climataha·
1069 1864 1170 1904 nomen
1185 1847 1369 1903 chrismam„
1389 1846 1532 1909 agendum,
1549 1860 1610 1916 φη
1632 1840 1805 1915 pffifiguma
1828 1848 1873 1895 ρει

207 1921 268 1987 bet,
285 1921 435 1989 orientem,
459 1919 647 1988 occidentem,
670 1922 822 1987 meridien,
845 1919 1014 1992 septentrio·
1070 1945 1165 2009 quum
1186 1932 1660 2006 ae2210520u11‚qu3pp0m103um
1687 1939 1728 1985 εει
1751 1944 1872 2002 mgnum

206 2025 291 2073 Wssi
315 2024 403 2065 ”illus
425 2018 543 2080 (lWW'
557 2018 684 2079 lefflWl
699 2008 790 2073 hflW·
805 2025 863 2076 Wr
880 2016 1012 2081 WWU·
1069 2026 1184 2092 Cirristi;
1200 2026 1236 2081 tle
1250 2040 1305 2097 quo
1317 2022 1433 2095 angelus
1450 2039 1457 2076 ε
1474 2023 1555 2078 Dabit
1577 2023 1625 2077 illi
1643 2021 1779 2077 Dominae
1791 2018 1871 2074 Deos

206 2108 377 2163 autumnum,
394 2098 530 2169 biemem;
547 2098 629 2155 bomo
645 2107 752 2153 constat
766 2106 882 2170 quatuor
894 2097 1014 2153 elemen.
1068 2115 1164 2172 ,egem
1179 2115 1273 2170 parra,
1289 2115 1360 2185 eju,
1376 2112 1412 2168 aa
1427 2111 1502 2183 quod
1514 2126 1632 2184 regnum
1649 2108 1703 2179 ipsi
1721 2124 1772 2179 per
1785 2105 1870 2163 fidem

207 2186 252 2256 tis,
272 2195 355 2253 terra,
371 2202 450 2259 aqua,
468 2186 542 2257 igne,
560 2202 635 2243 aere.
659 2188 745 2243 Porro
758 2185 792 2241 ab
806 2201 860 2242 uno
874 2201 963 2258 usque
977 2184 1013 2241 ad
1067 2208 1093 2255 οι
1106 2198 1292 2271 operationem
1307 2197 1425 2252 veniant.

206 2284 321 2349 quatuor
332 2274 504 2331 arithmetice
520 2275 618 2332 decem
639 2284 826 2340 numerantur,
851 2274 904 2331 boc
927 2272 1013 2346 signi·
1103 2288 1223 2345 spbpgp,
1237 2296 1299 2343 „me
1314 2285 1470 2358 passionem
1487 2284 1597 2341 pomini
1610 2281 1738 2356 tegamur
1749 2280 1812 2337 dua
1823 2279 1869 2335 ιθ.

206 2364 269 2421 licat
284 2363 357 2437 quod
369 2364 452 2421 bomo
465 2364 493 2419 in
508 2372 624 2439 quatuor
636 2365 730 2421 mundi
745 2365 867 2437 partibus
881 2379 931 2434 per
945 2378 1011 2435 qua·
1065 2378 1182 2443 oriones,
1199 2376 1299 2449 quibus
1312 2374 1513 2440 mmmm,
1534 2388 1627 2429 mm
1646 2371 1751 2429 „opimi
1773 2378 1801 2425 02
1823 2368 1870 2425 fe.

204 2461 267 2511 tuor
285 2462 410 2523 tempora
425 2453 488 2508 enni
503 2452 666 2526 decalogum
676 2452 747 2527 legis
758 2460 784 2508 ει
794 2462 911 2525 quatuor
921 2452 1011 2507 livan-
1065 2463 1163 2527 mann,
1184 2462 1356 2517 instruuntur
1377 2478 1384 2516 :
1406 2459 1470 2533 qnia
1489 2458 1519 2513 in
1539 2458 1593 2515 1100
1613 2455 1735 2513 sabbato
1758 2469 1871 2527 quoqne

205 2538 276 2611 gelia
291 2546 350 2593 erat
363 2536 533 2609 impleturus.
559 2538 636 2593 Luna
650 2538 772 2594 secunda
795 2536 868 2593 tertii
893 2535 1007 2603 mensis,
1065 2550 1226 2610 „pupulum
1239 2550 1387 2624 agebatur,

205 2626 291 2682 idest
306 2626 394 2681 llartii
403 2626 548 2682 inchoatur
559 2624 792 2701 Quadragesima,
805 2626 871 2699 quia
886 2625 915 2681 in
930 2626 1010 2681 tertio

203 2724 339 2785 tempore,
355 2714 381 2769 id
397 2722 439 2771 est
453 2716 505 2770 sub
520 2715 609 2788 gratia
623 2718 688 2770 data
711 2722 774 2769 suut
795 2715 849 2771 duo
871 2721 1010 2786 praeoepta
1162 2703 1230 2761 (Συ.
1245 2703 1307 2759 Vll·
1328 2734 1361 2742 -
1376 2703 1414 2759 De
1427 2702 1543 2759 Sabidio
1557 2706 1626 2757 anie
1640 2693 1768 2755 Palmal-

203 2803 352 2871 eharitatis,
363 2802 462 2875 quibus
476 2804 558 2860 bomo
573 2803 650 2875 quasi
663 2803 774 2861 duabus
789 2802 841 2859 alis
852 2803 956 2859 volaret
972 2802 1009 2857 ed

203 2892 318 2951 noelum,
1099 2854 1248 2910 Sabbatum
1270 2860 1337 2909 ante
1359 2852 1465 2907 Palmae
1487 2849 1550 2906 ideo
1570 2846 1659 2906 officio
1681 2853 1779 2908 vacat,
1801 2844 1868 2917 quia

1062 2943 1229 3015 apostolicus
1252 2942 1456 3012 eleemosynam
1476 2940 1543 2995 dna·
1563 2936 1680 2993 Haedis
1695 2936 1867 2991 renitlesua

1023 3022 1049 3088 C
1065 3030 1233 3098 bethaniam,
1249 3029 1296 3086 ubi
1312 3032 1401 3085 luerat
1414 3030 1536 3085 Lazarus
1551 3035 1686 3092 mortuus,
1699 3031 1727 3081 et
1740 3023 1869 3079 iecerunt

1061 3120 1086 3179 ei
1101 3135 1210 3177 emnam
1230 3120 1283 3175 ibi.
1302 3119 1337 3174 Et
1350 3118 1435 3173 lauria
1448 3117 1586 3187 accipiens
1601 3115 1699 3170 libram
1720 3110 1865 3184 unguenti,

1060 3218 1087 3267 ει
1100 3210 1176 3265 unxit
1189 3208 1274 3281 pedes
1289 3206 1366 3277 lesu,
1382 3214 1410 3264 ει
1425 3204 1503 3261 ιειείι
1518 3204 1624 3276 capillis
1639 3203 1707 3270 suis,
1723 3210 1751 3257 et
1763 3201 1867 3256 domus

1060 3298 1171 3369 impleta
1182 3306 1225 3354 est
1239 3314 1272 3353 en
1288 3296 1374 3353 odore
1387 3294 1529 3366 unguenti.
1549 3294 1606 3350 iloc
1620 3308 1654 3348 ea
1667 3292 1714 3347 die
1729 3286 1867 3362 apostoli-

1058 3404 1108 3445 cus
1129 3386 1193 3443 iacit
1215 3386 1348 3443 membris
1370 3384 1483 3452 christi,
1505 3382 1579 3455 quod
1601 3382 1662 3454 ipsa
1684 3379 1749 3436 lecit
1769 3378 1864 3450 capiti.

1062 3476 1149 3533 Pedes
1163 3475 1263 3532 Christi
1277 3483 1341 3531 sunt
1355 3488 1502 3545 pauperes,
1518 3472 1587 3527 libra
1601 3468 1736 3544 unguenti
1750 3477 1794 3524 est
1812 3468 1865 3539 ju-

1060 3565 1142 3634 stitie,
1158 3564 1250 3637 capilli
1264 3565 1339 3621 bona
1354 3572 1449 3621 nostra
1463 3560 1543 3618 nobis
1566 3559 1715 3631 superllua,
1730 3556 1866 3629 pauperi·

1060 3654 1112 3712 bus
1125 3654 1292 3712 necessaria.
1308 3653 1385 3710 Odor
1398 3652 1426 3707 iu
1440 3651 1531 3717 domo,
1546 3650 1617 3705 bona
1627 3648 1699 3704 fama
1708 3648 1736 3703 in
1747 3646 1865 3703 mundo.

237 2982 263 3037 A
279 2978 489 3054 Septusgesima
503 2988 568 3037 sunt
582 2980 724 3054 sexaginta
739 2981 798 3037 dies
813 2980 940 3053 usquein
964 2979 1007 3037 le·

202 3068 271 3127 riam
298 3082 422 3142 quartam
447 3079 510 3125 ante
535 3084 640 3129 coensm
661 3071 769 3127 Domini
786 3087 792 3125 :
808 3068 953 3143 sexaginte
977 3068 1007 3125 bi

203 3158 263 3215 dies
279 3158 532 3231 peregrinationem
547 3166 667 3214 nostram
690 3160 727 3213 ad
749 3159 910 3215 memoriam
926 3158 1006 3214 nobis

203 3248 344 3317 reducunt,
370 3262 424 3319 qua
449 3246 657 3321 peregrinamur
670 3262 685 3303 a
700 3247 825 3303 Domino.
850 3248 919 3301 Tres
934 3246 1005 3315 dies,

203 3334 248 3409 qui
264 3344 424 3407 supersunt,
450 3335 603 3392 triduanum
625 3334 758 3404 jejunium
772 3334 952 3391 Ninivitamm
965 3333 1006 3390 si-

205 3424 349 3497 gnificent.
369 3426 404 3481 Ut
418 3432 534 3495 peecata
551 3432 658 3493 nostra,
683 3424 783 3496 quibus
806 3421 961 3497 affligimur,
977 3423 1007 3480 in

203 3513 406 3570 resurreetione
421 3512 530 3568 Domini
545 3512 718 3581 aboleantur,
729 3528 845 3571 necesse
859 3522 902 3569 est
915 3512 1007 3570 triduo

204 3618 256 3659 ιιοε
271 3601 389 3673 εοιιιρειί
404 3600 486 3659 morti
500 3600 618 3669 Christi,
643 3610 673 3659 ιιι
694 3618 749 3658 non
773 3601 932 3659 irretiamur
955 3617 1008 3673 per

203 3690 454 3761 concupiscentiam
469 3688 612 3746 oculorum
635 3698 662 3745 et
685 3689 844 3761 superbiam
856 3688 931 3745 vitre.
950 3690 1008 3745 Per

204 3795 252 3837 sex
268 3779 337 3847 dies,
362 3779 410 3852 qui
432 3786 577 3851 supersunt
601 3795 687 3851 usque
702 3778 736 3833 ad
751 3779 915 3844 Sabbatum,
936 3778 1008 3834 botta
1203 3806 1270 3861 Cu·
1286 3805 1358 3861 pm⁸
1374 3832 1408 3849 „
1424 3804 1461 3861 ω
1479 3804 1524 3861 pp,
1541 3804 1719 3861 pamm

202 3884 287 3940 opere
313 3869 478 3935 recoluntur,
494 3868 521 3924 in
536 3866 666 3933 Sabbato,
682 3867 710 3923 id
725 3877 768 3923 est
781 3868 810 3923 in
824 3867 928 3939 requie,
944 3866 1008 3923 ani-

203 3974 312 4013 marum
328 3957 456 4028 periectas
471 3955 591 4012 libertati
606 3956 755 4013 reddimur.
1097 3956 1162 4014 Dies
1175 3954 1329 4013 Palmamm
1343 3964 1385 4013 est
1398 3956 1507 4029 quando
1531 3955 1665 4011 Dominus
1679 3954 1714 4011 de
1729 3952 1865 4010 Bethania

239 4044 457 4117 Quadrxgesima
470 4044 533 4101 ideo
548 4053 612 4101 ante
627 4045 784 4115 passionem
799 4044 908 4102 Domini
931 4042 1008 4101 eele—
1060 4044 1204 4103 descendit
1215 4045 1428 4117 lerosolymam,
1453 4053 1481 4101 ει
1503 4044 1530 4101 ei
1554 4046 1633 4101 turba
1654 4044 1766 4101 obviam
1790 4041 1864 4099 teuit

202 4135 313 4203 bretun,
328 4134 390 4207 quin
406 4136 463 4190 baec
479 4133 615 4189 laboriosa
636 4132 691 4189 vite
711 4149 761 4203 per
776 4133 959 4206 quadraginta
972 4130 1009 4189 ti-
1061 4150 1124 4191 cum
1139 4134 1397 4205 ramispalmarum.
1424 4134 1457 4189 ln
1476 4132 1639 4189 memoriam
1652 4132 1726 4187 illius
1749 4132 1789 4189 rei
1811 4146 1863 4186 uos

201 4232 326 4297 guratur,
339 4238 394 4295 qua
407 4222 442 4277 ab
457 4221 576 4277 amicitia
590 4221 774 4291 hujusmundi
786 4221 911 4293 jejunare
924 4221 1007 4277 debe·
1060 4238 1111 4293 per
1125 4224 1257 4280 ecelesias
1270 4231 1382 4279 nostras
1395 4223 1517 4279 solemus
1531 4230 1644 4294 portare
1657 4237 1749 4278 manos
1765 4229 1793 4277 ει
1806 4220 1864 4277 eia·

203 4327 279 4377 mus;
296 4310 360 4383 quia
384 4311 407 4365 si
429 4310 620 4380 compatimur,
636 4317 664 4365 ει
677 4310 920 4382 conregnabimus.
941 4310 1008 4365 Vela
1060 4327 1137 4369 mare
1149 4328 1156 4367 :
1167 4314 1300 4369 Heraens
1309 4312 1385 4369 Filio
1395 4312 1499 4378 Davidr
1513 4312 1819 4385 benedictosgttivent't
1830 4310 1863 4365 its

201 4400 230 4456 in
243 4398 375 4455 Ecclesiis
400 4398 613 4469 suspenduntur,
627 4398 688 4471 quia
702 4396 731 4453 in
743 4399 797 4455 bae
821 4398 874 4456 vila
896 4406 1002 4457 secreta
1017 4378 1044 4439 Ῑ)
1059 4402 1173 4457 minine
1181 4401 1301 4468 Domioi,
1310 4418 1364 4457 ree
1373 4402 1470 4459 lsrael.
1477 4400 1722 4472 appropinquante
1733 4399 1863 4470 passione

203 4487 334 4546 stolorum
348 4486 427 4543 uobis
441 4486 655 4544 absconduntur.
1055 4491 1282 4563 appropinquavit
1295 4489 1427 4546 Dominus
1443 4490 1505 4545 loco
1521 4489 1668 4561 passionis.
1680 4490 1746 4561 quia
1760 4496 1862 4559 sponte

1054 4595 1104 4650 pro
1118 4579 1198 4635 nobis
1215 4579 1300 4635 voluit
1321 4579 1405 4635 mori.
1434 4579 1548 4635 Decima
1575 4579 1620 4635 die
1648 4584 1755 4634 mensis
1780 4575 1862 4649 primi

220 4666 286 4722 Cxe.
302 4664 347 4723 tt.
362 4694 397 4707 ·-
411 4664 450 4724 De
463 4666 538 4737 ferie
551 4668 655 4737 poeria
669 4664 848 4723 tetdomneoe
861 4669 980 4739 querite.
1055 4684 1154 4740 ugnus,
1170 4669 1217 4741 qui
1231 4668 1260 4723 in
1275 4669 1376 4725 Pascha
1390 4667 1590 4733 immolaretur,
1602 4667 1713 4722 domum
1722 4664 1863 4721 introduci

1051 4772 1148 4843 passus
1161 4764 1205 4813 εει
1220 4757 1249 4811 in
1263 4756 1342 4830 lege,
1360 4765 1389 4813 et
1402 4756 1535 4813 Dominus
1557 4756 1663 4811 decima
1676 4755 1721 4810 die
1736 4754 1861 4825 ejusdem

245 4846 321 4903 teria
337 4853 431 4918 quarta
450 4842 479 4899 ttt
498 4842 673 4913 semiieium,
696 4860 777 4902 aures
799 4845 1003 4903 catechumenis
1056 4846 1171 4913 mensis,
1186 4846 1238 4902 boc
1253 4854 1295 4901 εει
1309 4854 1375 4903 ειιιε
1387 4846 1508 4918 quinque
1522 4845 1706 4901 diesPascbae
1720 4844 1750 4899 in
1765 4844 1862 4900 eivita-

203 4943 360 5007 tanguntur‚
374 4943 404 4989 ut
418 4932 531 4989 verbum
546 4934 594 4989 Dei
610 4948 675 4990 oure
689 4934 781 4991 cordis
798 4935 959 5006 percipient,
975 4942 1003 4991 et
1056 4943 1122 5001 tem,
1142 4935 1170 4990 in
1185 4950 1240 5008 qua
1254 4942 1402 5005 pateretur,
1418 4935 1561 5007 ingressus
1575 4944 1627 4991 εει.
1654 4934 1746 4989 ΡεΙιιιε
1759 4933 1862 4990 dieitur

203 5022 227 5078 ei
242 5020 383 5077 obediant.
405 5018 495 5075 Neres
510 5026 669 5092 tanguntur,
690 5027 719 5073 ut
740 5018 852 5075 latorem
876 5020 1002 5077 vitiorum
1056 5024 1172 5081 victoria
1188 5040 1194 5077 :
1212 5022 1346 5079 Dominus
1359 5032 1489 5093 superato
1503 5023 1616 5081 diabolo
1630 5031 1657 5079 et
1671 5022 1775 5078 mundo
1797 5036 1860 5077 cum

202 5116 345 5181 respuant.
372 5106 452 5163 lnitia
465 5114 578 5179 quatuor
592 5107 805 5180 Evangeliorum
819 5109 958 5180 leguntur,
974 5118 1003 5165 ut
1056 5111 1139 5168 rantis
1154 5112 1307 5184 palmarum
1320 5113 1463 5178 ingressus
1478 5119 1520 5168 εει
1535 5112 1562 5166 in
1579 5110 1726 5178 civitatem,
1743 5126 1795 5167 nos
1810 5111 1861 5166 de-

203 5206 321 5271 quatuor
336 5196 418 5263 titiis,
431 5194 459 5251 id
477 5202 519 5251 est
533 5194 658 5265 stultitia,
674 5196 863 5263 inconstantia,
878 5196 1001 5267 libidine,
1056 5196 1137 5253 vietis
1149 5196 1222 5252 vitiis
1237 5204 1264 5253 et
1275 5196 1399 5269 peccatis
1413 5212 1476 5253 cum
1490 5196 1590 5267 palmis
1606 5195 1729 5251 victorim
1743 5194 1862 5250 intrabi-

203 5295 344 5353 exuantur,
371 5293 397 5342 et
417 5292 533 5357 quatuor
547 5282 707 5352 virtutibus,
728 5285 757 5340 id
777 5292 822 5341 εει
845 5286 1002 5359 prudentia,
1056 5301 1118 5342 mus
1141 5283 1282 5343 coelestem
1305 5283 1471 5341 Jerusalem.
1497 5285 1583 5356 ttsjor
1604 5285 1663 5341 haee
1686 5282 1862 5340 bebdomada

203 5374 372 5442 fortitudine,
386 5373 499 5443 justitia,
516 5374 697 5445 temperantia
710 5372 879 5430 imbuantur.
906 5374 1003 5433 Domi·
1057 5383 1171 5430 vocatur
1184 5382 1296 5446 propter
1309 5374 1414 5443 maiora
1428 5371 1517 5430 officia
1538 5381 1567 5429 ει
1584 5372 1741 5445 passiones,
1756 5388 1818 5445 que
1833 5371 1862 5427 in

202 5458 365 5515 nicaoratio
380 5466 407 5513 ει
421 5457 581 5529 Symbolum
605 5457 644 5513 eis
665 5456 789 5527 traditur,
813 5466 841 5513 ut
862 5458 931 5515 sicut
946 5461 1005 5517 He-
1056 5462 1109 5519 bae
1124 5462 1297 5519 bebdomada
1320 5462 1463 5536 leguntur.
1491 5462 1569 5519 Ferte
1594 5462 1716 5519 secunda
1738 5469 1766 5518 et
1791 5459 1861 5515 ieris

203 5545 271 5601 braei
285 5545 319 5599 ab
332 5546 474 5617 rllgyptiis,
498 5545 534 5602 ita
556 5546 608 5617 ipsi
630 5545 772 5601 discedant
793 5562 807 5600 a
832 5546 916 5605 vitiis.
937 5550 1005 5609 Duae
1056 5551 1138 5608 tertia
1151 5552 1253 5623 duplex
1267 5552 1350 5608 lectio
1363 5551 1475 5626 legitur,
1492 5552 1557 5625 quia
1571 5551 1696 5610 Christus
1721 5566 1771 5621 pro
1793 5548 1861 5607 duo·

203 5632 336 5690 lectiones
351 5633 487 5707 leguntur,
498 5651 550 5691 uns
564 5649 613 5693 eos
627 5634 662 5690 ab
678 5649 774 5691 errore
789 5645 910 5711 revocet,
921 5638 1004 5699 altera
1057 5640 1110 5700 bus
1120 5641 1229 5716 populis
1243 5641 1353 5714 patitur.
