3942 6067
153 317 157 324 ’
225 306 295 386 lats

491 296 644 376 rionontr
663 313 916 375 nuousrouuu.
936 314 1017 371 ore.
1041 296 1139 372 ulls.
1160 304 1245 371 tu-
1263 296 1423 377 honuni.
1444 312 1489 375 ut
1509 303 1632 376 ascet.

1782 268 1793 279 ⁵
1819 313 1896 381 teat

225 460 327 511 nnntur
342 470 350 520 ς
366 446 580 507 sicutllzechias
595 445 695 502 lsaism
708 442 838 512 coluisse,
853 439 947 499 Achab
963 455 1029 512 pes·
1043 438 1071 501 A
1085 438 1157 497 rium
1174 455 1345 514 paganorum
1366 457 1417 499 rex
1439 458 1556 516 magnus
1584 458 1666 514 snper
1694 459 1791 501 omnes
1818 448 1895 505 dees

226 544 312 601 simus
326 544 354 598 et
367 537 511 597 idololatra
533 536 635 603 Etiam,
653 532 777 607 quamuis
798 532 834 585 ab
847 545 881 587 eo
908 529 1030 603 graviter
1084 530 1222 587 transtulit
1236 530 1263 587 in
1278 548 1394 603 regnum
1408 531 1633 588 Christianorum.

224 632 400 703 increpatus,
429 643 491 683 cum
518 625 638 681 maximo
662 624 768 679 honore
789 619 933 675 habuisse.
964 619 1029 675 loas

224 721 335 787 Elissae,
348 718 438 774 losias
453 714 579 771 letemiae
594 712 696 769 subditi
721 710 806 768 luisse
820 709 962 780 leguntur.
994 708 1028 763 Et

226 811 349 883 quandiu
362 822 442 879 reges
458 804 629 869 sacerdotes,
646 816 711 857 suos
728 798 835 856 scilicet
849 804 1028 854 consecrato-

225 916 283 965 res,
299 895 481 956 honorabant,
497 893 648 963 prophetas
663 898 692 945 ut
710 890 835 945 doctores
857 902 922 941 suos
933 885 1028 941 audie-

226 988 303 1055 bant,
318 984 413 1039 tandiu
430 982 481 1052 ipsi
496 982 522 1035 iu
536 980 625 1052 gloria
645 980 750 1033 stabant
766 997 774 1045 ;
803 985 944 1048 postquam
959 990 1026 1031 vero

228 1075 385 1131 sacerdotes
402 1076 579 1142 spreverunt,
602 1068 750 1139 propbetas
767 1065 935 1131 occiderunt,
962 1080 1026 1118 mox

226 1181 244 1221 a
261 1178 349 1236 regno
363 1172 426 1217 sunt
441 1160 522 1232 pulsi,
540 1166 568 1215 et
590 1173 653 1214 curn
675 1155 812 1212 dedecore
826 1154 855 1210 in
868 1152 1026 1209 nationibus

226 1251 359 1325 dispersi.

262 1380 288 1427 tt
315 1380 439 1443 tempore
466 1376 557 1425 antem
580 1362 753 1437 babylonicae
775 1359 947 1436 migrationis
972 1358 1024 1417 soli

225 1462 385 1519 sacerdotes
407 1459 537 1531 populum
550 1456 602 1512 Dei
618 1455 760 1528 regebant,
781 1453 845 1525 quia
860 1467 975 1524 regnum
991 1466 1023 1507 er

225 1560 283 1607 toto
298 1550 436 1606 deiecerat
456 1564 463 1617 ;
485 1562 573 1617 arsque
594 1546 659 1599 dum
674 1545 709 1600 do
724 1543 793 1598 tribu
816 1544 885 1597 luda
899 1542 926 1596 in
940 1556 1023 1595 corne

224 1640 373 1702 adveniret,
399 1637 443 1692 cui
464 1643 492 1691 et
519 1642 656 1705 sceptrum
683 1632 772 1705 regni,
797 1640 824 1687 et
839 1629 1023 1687 sacerdotium

223 1729 371 1801 repositum
388 1735 459 1781 erat.
480 1726 565 1797 Igitur
578 1721 784 1794 frequenterest
797 1736 911 1793 regnum
926 1719 1024 1773 immu-

1119 653 1313 712 Constsntinus
1331 656 1421 730 itaque
1433 657 1562 729 prinecps
1576 657 1729 729 principum
1747 661 1827 732 regni
1839 678 1892 731 per

1083 742 1249 816 Sylrestrum
1265 746 1417 817 principem
1429 747 1601 801 sacerdotum
1612 747 1742 803 Ecclesia
1753 750 1788 805 ad
1802 750 1890 805 fidem

1081 831 1181 887 Christi
1195 835 1373 899 convertitur,
1390 844 1416 891 ct
1430 843 1501 891 totus
1516 834 1634 889 mundus
1649 852 1721 892 noro
1736 838 1787 892 ritu
1804 840 1891 893 (turt-

1081 920 1181 977 stianre
1197 922 1338 995 religionis
1352 923 1482 979 induitur.
1504 922 1555 993 Qui
1570 924 1763 980 Constantinus
1778 928 1890 983 Roma-

1081 1011 1250 1081 uoponlitici
1279 1027 1409 1066 coronant
1438 1014 1516 1083 regui
1540 1012 1679 1083 imposuit,
1694 1023 1718 1068 ct
1740 1023 1768 1069 ul
1791 1017 1890 1071 nullus

1080 1098 1213 1171 deinceps
1223 1098 1375 1155 Romanum
1390 1100 1534 1171 imperium
1548 1102 1653 1173 absque
1666 1118 1801 1160 consensu
1817 1120 1890 1175 apo.

1079 1186 1168 1243 stolici
1198 1188 1301 1243 subiret
1328 1188 1463 1259 imperiali
1492 1190 1650 1245 auctoritate
1676 1192 1791 1248 censuit.
1824 1193 1889 1250 Hoc

1078 1276 1255 1349 privilegium
1275 1277 1416 1349 Sylvester
1439 1292 1454 1333 a
1482 1278 1661 1335 Constantino
1684 1280 1799 1352 accepit,
1830 1283 1888 1339 hoc

1081 1366 1290 1423 successorihus
1305 1368 1364 1423 suis
1379 1367 1497 1441 reliquit.
1518 1368 1640 1441 Cumque
1655 1369 1798 1426 sacerdotii
1814 1386 1886 1426 cura

1081 1460 1107 1509 et
1122 1452 1201 1525 regni
1218 1470 1323 1511 summa
1338 1455 1365 1509 in
1380 1454 1513 1527 Sylvestri
1541 1455 1656 1510 arbitrio
1674 1458 1822 1527 penderet,
1840 1456 1885 1512 vir

1077 1543 1136 1598 Deo
1160 1543 1257 1613 plenus
1283 1538 1448 1614 intelligens
1467 1543 1585 1599 rebelles
1609 1546 1800 1601 sacerdotibus
1825 1562 1885 1601 non

1076 1648 1158 1703 posse
1174 1632 1265 1703 gladio
1276 1632 1351 1688 verbi
1365 1632 1424 1694 Dei,
1434 1632 1483 1687 sed
1498 1632 1590 1706 gladio
1600 1634 1732 1689 materiali
1745 1636 1884 1701 coerceri,

1076 1720 1204 1775 eumdem
1233 1721 1438 1777 Constantinum
1467 1721 1581 1775 assumit
1596 1720 1648 1776 sibi
1667 1722 1694 1776 in
1708 1722 1882 1795 agricultura

223 1825 319 1883 tatum,
346 1814 531 1872 sacerdotium
558 1812 657 1867 mansit
681 1826 791 1880 semper
816 1811 1021 1875 inconcussum,
1036 1804 1063 1865 B
1078 1808 1127 1863 Dei
1142 1810 1306 1878 adjutorem.
1320 1826 1353 1865 ac
1367 1818 1463 1867 contra
1478 1824 1615 1883 paganos,
1630 1811 1749 1877 tndaeos,
1765 1812 1883 1868 haereti-

220 1906 284 1962 licet
299 1904 447 1977 aliquando
461 1902 660 1975 perturbatum.

256 2020 358 2093 thnid
378 2034 501 2075 memoro
522 2034 605 2090 reges
632 2017 716 2073 divini
743 2016 833 2073 cultas
861 2012 1020 2071 sacerdotes

219 2112 379 2175 honorasse,
396 2125 458 2165 curu
474 2123 561 2163 sacra
582 2107 679 2163 litterae
703 2106 812 2161 tradant
833 2105 914 2159 etiam
928 2102 1020 2175 genti-

219 2201 261 2255 les
290 2215 355 2254 suos
384 2198 541 2253 sacerdotes
567 2195 734 2265 permaxime
762 2193 894 2251 coluisse.
926 2193 1020 2261 lloyse

218 2304 338 2360 namque
352 2294 506 2351 attestante,
528 2300 590 2339 curn
613 2283 731 2355 AEgyptii
755 2289 859 2337 terram
883 2294 960 2334 susm
976 2276 1018 2332 iu-

216 2393 262 2433 me
275 2382 393 2448 cogente
407 2374 568 2439 uenderent,
584 2388 669 2442 seque
683 2372 757 2441 ipsos
773 2384 881 2442 qnoque
907 2368 933 2421 in
956 2382 1019 2421 ser-

216 2466 330 2520 vitutem
343 2463 445 2534 loseph
459 2461 626 2533 redigerent,
643 2459 696 2513 soli
710 2459 870 2514 sacerdotes
884 2470 931 2509 sua
948 2470 1018 2510 ren-

216 2550 282 2606 dere
296 2565 351 2605 uon
365 2547 548 2620 cogebantur.
573 2544 637 2617 quia
655 2544 697 2601 eis
710 2543 819 2613 publica
842 2541 979 2613 stipendia
1003 2556 1018 2593 a

216 2639 291 2711 regis
312 2639 413 2693 horreo
437 2634 642 2706 praebebantur.
662 2632 758 2689 Sedet
775 2646 873 2687 omnes
897 2629 1019 2685 historiae

217 2728 359 2799 gentilium
381 2732 494 2780 narrant
511 2739 594 2796 reges
609 2722 762 2777 honorasse
785 2737 865 2775 suum
884 2719 1017 2775 sucerdo-

216 2818 282 2873 tium
297 2835 305 2880 ;
320 2816 357 2871 ita
372 2823 400 2869 ut
411 2813 522 2885 qaridam
532 2811 660 2867 consules
675 2810 718 2866 vel
727 2810 908 2878 imperatores
922 2807 1018 2881 legan-

215 2914 260 2961 tur
274 2904 348 2960 idem
363 2902 529 2972 explerisse.
559 2900 624 2957 ilaec
635 2900 692 2969 Jam
715 2896 851 2953 sufficiant
863 2896 899 2951 de
915 2894 1018 2953 veteri·

128 2996 133 3008 '
215 2992 279 3059 bus,
295 3008 369 3048 nnnc
382 2991 417 3047 de
432 2988 593 3049 Christianae
615 2986 760 3060 religionis
783 2984 951 3057 temporibus
972 2983 1017 3039 ri-

1076 1912 1125 1955 cos
1139 1898 1274 1955 Ecclesia
1288 1898 1464 1955 defensorem
1481 1916 1488 1953 ε
1509 1899 1553 1954 cui
1567 1898 1649 1955 ctiam
1664 1900 1801 1956 concessit
1814 1901 1881 1973 gla-

1074 1987 1149 2042 dium
1163 1986 1197 2043 ad
1212 1988 1363 2045 vindictam
1379 1986 1598 2055 malefactorum,
1613 2004 1743 2045 coronam
1767 2006 1881 2062 quoqne

1074 2076 1202 2147 imposuit
1219 2076 1297 2147 regni
1310 2076 1343 2133 nd
1360 2077 1469 2132 laudem
1484 2077 1630 2133 bonorum.

1109 2191 1216 2247 dultinc
1232 2206 1289 2247 mos
1304 2190 1387 2261 coepit
1402 2190 1533 2248 Ecclesiae
1545 2208 1625 2264 reges
1640 2192 1682 2248 vel
1693 2192 1804 2261 jndices
1815 2210 1878 2264 pro

1074 2288 1135 2349 pter
1150 2278 1294 2335 saecularia
1307 2279 1413 2351 judicia
1429 2279 1532 2335 hahere
1551 2297 1558 2334 ε
1579 2281 1626 2352 qui
1639 2296 1761 2352 paganos
1776 2280 1879 2338 Eccle-

1074 2366 1140 2422 siam
1157 2368 1326 2436 iniestantes,
1344 2366 1386 2425 rel
1410 2367 1480 2423 alios
1508 2369 1566 2436 eius
1589 2368 1683 2425 hostes
1704 2385 1765 2425 eam
1784 2370 1879 2441 impu-

1074 2466 1190 2527 gnantes
1204 2456 1302 2512 acriter
1315 2455 1506 2528 propulsarent
1522 2473 1529 2510 ε
1550 2456 1624 2513 intus
1638 2473 1703 2512 vero
1717 2457 1818 2513 diriois
1834 2458 1877 2513 lc-

1074 2544 1154 2616 gibus
1170 2544 1287 2599 rebelles
1303 2558 1447 2615 poenarum
1462 2551 1567 2601 terrore
1591 2543 1721 2601 Ecclesia
1740 2546 1877 2618 subjuga-

1073 2641 1144 2687 rent.
1162 2632 1203 2689 rtd
1219 2648 1300 2706 reges
1315 2648 1383 2703 ergo
1401 2632 1538 2704 pertinent
1560 2632 1617 2689 sola
1642 2632 1878 2703 saeculariajudi-

1073 2720 1127 2775 cia.
1147 2720 1225 2777 Unde
1239 2738 1300 2777 cum
1317 2721 1428 2793 quidam
1444 2722 1567 2795 episcopi
1579 2722 1759 2793 coepiscopos
1769 2738 1836 2779 suos
1849 2724 1878 2778 in

1073 2824 1184 2865 causam
1200 2824 1292 2865 coram
1308 2810 1484 2865 Constantino
1494 2810 1662 2881 imperatore
1670 2820 1814 2883 ponerent,
1827 2810 1877 2867 itlo

1072 2896 1165 2953 sciens
1180 2897 1214 2952 ad
1225 2898 1271 2968 jus
1286 2914 1363 2953 suum
1380 2914 1434 2955 non
1447 2898 1597 2970 pertinere,
1613 2898 1754 2970 respondit
1772 2914 1779 2954 :
1798 2901 1875 2967 «lte,

1072 2986 1135 3059 quia
1150 2986 1245 3043 christi
1259 2988 1335 3054 estis,
1351 2994 1378 3043 et
1392 2984 1445 3059 ipsi
1459 2985 1494 3044 dc
1505 2988 1557 3044 hac
1571 3004 1602 3044 re
1614 2988 1686 3044 inter
1700 3003 1749 3044 ros
1763 2988 1875 3059 ridete;

217 3082 346 3137 deamus.
1072 3091 1125 3148 ego
1139 3091 1194 3130 non
1207 3090 1255 3132 ero
1268 3074 1352 3145 judea
1369 3083 1468 3132 vester.
1489 3095 1499 3130 r

1032 3156 1057 3219 C

217 3232 287 3287 Car.
305 3230 351 3286 tt.
366 3230 446 3287 Sicut
460 3228 560 3285 animo
567 3226 679 3301 dignior
693 3224 1017 3297 “temporaliumque

287 3318 490 3385 secerdotium,
506 3334 525 3373 o
542 3333 595 3388 qao
608 3314 683 3371 illud
692 3315 759 3385 jare
781 3313 945 3371 ordinetur.

1107 3199 1193 3271 lgitur
1207 3198 1276 3256 sicut
1290 3200 1381 3256 anima
1395 3198 1506 3271 dignior
1526 3208 1568 3257 est
1582 3216 1709 3273 corpore,
1731 3217 1792 3274 qaae
1805 3200 1876 3257 illud

1071 3287 1201 3355 viviticat,
1222 3296 1248 3345 et
1270 3297 1401 3361 quantum
1424 3287 1534 3361 dignius
1561 3298 1602 3347 est
1622 3288 1767 3362 spirituale
1790 3307 1875 3362 quam

1073 3375 1216 3443 seculare,
1233 3376 1306 3449 qnod
1321 3376 1388 3433 ilhud
1403 3375 1530 3445 vivificat,
1558 3384 1664 3433 tanturn
1691 3378 1876 3435 sacerdotium

252 3469 389 3527 Dominus
402 3475 496 3525 noster
508 3468 574 3523 lesu
587 3466 722 3532 mustus,
746 3480 831 3521 ueras
853 3465 911 3522 ilex
926 3470 953 3519 et
967 3463 1019 3519 Sa·
1072 3463 1183 3537 dignius
1198 3474 1241 3521 est
1256 3481 1352 3539 regno,
1368 3464 1442 3537 quod
1464 3465 1531 3522 illud
1555 3466 1727 3523 constituens
1748 3466 1871 3523 ordinat.

219 3561 317 3615 cordos
344 3559 493 3614 secundnm
522 3554 647 3611 ordinem
671 3553 874 3610 Melchisedech
905 3552 1021 3624 Sponsae
1074 3554 1144 3612 ilinc
1159 3554 1316 3625 quaritura
1331 3554 1430 3627 quibus
1453 3554 1497 3611 hae
1514 3570 1642 3627 personas
1662 3554 1716 3611 sint
1738 3555 1876 3629 eligenda

220 3664 277 3705 suae
291 3632 481 3721 leges'etjura
495 3644 628 3715 instituit;
642 3651 670 3699 at
680 3643 716 3699 ad
728 3644 800 3699 bane
809 3640 1022 3714 gubernandam
1074 3642 1119 3699 rel
1133 3642 1358 3701 consumentes

219 3752 275 3794 ¹¹⁰⁰
301 3752 427 3811 minum·
448 3735 498 3790 ⁸⁰d
521 3732 700 3833 “oefdf'ufflf
728 3738 880 3833 ⁰⁰¹¹J¹J¹ffi
912 3730 944 3784 ¹¹¹
967 3742 1021 3801 ‘1¹¹⁰
1110 3757 1309 3829 Apostolicosa
1322 3756 1453 3815 llomanis
1465 3758 1648 3817 cardinalibus
1662 3764 1705 3814 est
1718 3757 1875 3832 eligendus,

220 3828 330 3884 fillum
344 3823 498 3896 είΡΜιιῐιι
513 3820 645 3895 lmfw‘r
657 3836 701 3878 ⁰¹¹¹
715 3826 742 3876 ⁸²
755 3818 824 3875 ‘¹¹¹¹‘
839 3836 847 3875 ²
869 3819 947 3875 ΤΗ*
959 3816 1021 3874 Pe*
1075 3860 1211 3903 consensu
1239 3848 1430 3918 episcoporum
1445 3854 1473 3902 et
1487 3847 1570 3902 totius
1593 3846 1681 3913 urhis,
1706 3846 1770 3903 cleri
1785 3855 1812 3903 et
1824 3862 1877 3918 po-

223 3923 296 3983 trus,
322 3919 352 3971 et
370 3929 455 3987 nuper
471 3910 554 4011 banc.
568 3914 682 3983 petram
701 3908 844 4011 edificabo
865 3908 1022 4010 Eodem
1075 3934 1143 4007 puli,
1158 3934 1354 3991 acclamatione
1368 3934 1395 3989 in
1409 3942 1492 4005 capnt
1507 3934 1641 3991 Ecclesia
1655 3936 1875 3992 constituendus.

220 3994 1021 4099 meam,⁰²⁰o¹¹⁸<l¹¹⁰⁸d¹dv⁸⁰¹¹⁸⁸ffl⁸³²n⁶⁰³¹¹⁸(¹‘⁸²fh·
1076 4022 1212 4093 inhujus
1235 4022 1437 4095 providentiam
1458 4022 1551 4079 divina
1574 4024 1735 4081 auctoritate
1756 4024 1877 4095 pertinet

221 4094 294 4166 xvi).
313 4094 391 4148 lianc
408 4096 570 4163 potestatem
590 4086 736 4144 sacerdotri
758 4086 859 4185 Petrus
872 4085 1022 4184 alliomtno
1076 4126 1143 4167 cum
1166 4110 1329 4167 universali,
1342 4111 1485 4179 Effinge,
1510 4112 1615 4169 sufficet
1635 4112 1717 4169 ,opus
1739 4112 1830 4185 populi
1850 4120 1877 4169 e,

223 4182 338 4253 accepit,
353 4182 424 4236 hanc
437 4175 640 4234 successoribus
654 4174 712 4231 suis
727 4172 846 4247 reliquit.
865 4174 941 4229 Sicut
954 4188 1023 4245 ergo
1076 4198 1155 4257 ,perp
1187 4200 1345 4271 Apostoli„
1374 4200 1533 4258 ,nomm
1563 4200 1719 4257 sollicitudo
1755 4200 1878 4257 mnium

223 4281 376 4341 αἱθῐῃῐκπθ
389 4266 476 4339 ”⁰5⁸5
489 4261 784 4339 ¹¹⁸⁴l¹¹⁸⁸ds³m¹¹⁰¹⁸¹¹¹
799 4262 1022 4326 ⁸⁸⁰⁰fd⁰²⁸⁸⁰⁰‘
1075 4288 1258 4345 Ecclesiarum
1271 4304 1278 4358 ;
1293 4288 1427 4361 imperiali
1443 4306 1508 4345 vero
1522 4289 1680 4347 audacitate
1695 4290 1810 4345 Romani
1831 4306 1878 4345 re·

223 4359 288 4430 ⁹⁰¹⁰
303 4357 353 4413 Dei
367 4355 543 4428 'mmmm’
557 4353 595 4408 Μ
608 4368 623 4406 ⁸
637 4360 762 4451 ῙΨΡΟΓΘ
776 4348 875 4451 misisti
888 4366 978 4423 ΜΗΘ
989 4350 1022 4405 ⁸⁶
1076 4377 1123 4449 gui
1137 4376 1233 4434 electio
1247 4383 1274 4432 et
1288 4378 1454 4435 constitutio.
1471 4378 1512 4433 rid
1532 4378 1612 4448 hujus
1627 4392 1736 4449 quoque
1745 4378 1792 4448 jus
1809 4394 1877 4449 per·

225 4446 394 4519 sylvestrum
408 4442 460 4499 ⁸⁰¹³
474 4441 632 4499 ⁵⁸⁰⁰¹⁶⁰¹⁸⁸
647 4440 697 4495 ⁰⁰¹
710 4438 862 4495 mmm
876 4446 1018 4494 mmm·
1076 4465 1145 4521 tinet
1164 4474 1323 4522 cunctorum
1345 4467 1560 4538 episcopatuum,
1579 4466 1814 4537 patriarchatuum
1828 4483 1876 4522 ca·

227 4536 298 4599 0¹¹ae
307 4533 400 4599 ΜΕ·
414 4530 524 4603 ⁰p¹imi⁸
536 4527 693 4629 m⁰fib¹f³⁹t
705 4526 814 4627 '‘fibssffl
827 4526 928 4627 ⁰⁹⁶¹&
938 4526 1020 4582 Μ’
1034 4513 1061 4575 D
1075 4554 1173 4610 uonica
1197 4554 1352 4626 dispositio,
1372 4554 1493 4611 universi
1506 4553 1573 4611 cleri
1588 4562 1615 4610 et
1627 4554 1719 4627 populi
1732 4554 1761 4610 in
1775 4555 1876 4611 diuinis

225 4625 362 4690 tuebatur,
376 4620 410 4676 ad
424 4627 554 4676 merum
568 4625 686 4689 patriam
699 4614 996 4690 egregreerndrebatnr
1012 4630 1019 4670 :
1074 4641 1183 4717 legibus
1193 4641 1342 4699 comesto·

227 4711 371 4785 aregibus
382 4724 449 4768 reno
463 4707 585 4780 undique
605 4704 827 4778 impugnabatur,
853 4704 901 4777 qni
926 4718 1022 4761 cam

226 4803 301 4859 cultu
314 4798 436 4859 verimis
449 4796 540 4855 modis
552 4794 680 4852 omnbus
693 4800 830 4859 avertere,
844 4802 871 4849 et
884 4792 921 4850 ad
930 4792 1023 4849 culta·
1111 4777 1264 4850 El²i⁸⁴³⁰llus
1278 4782 1369 4832 *luem
1397 4777 1528 4849 cujusque
1546 4778 1664 4835 ⁰¹V5¹²²l⁸
1681 4792 1699 4834 ⁸
1712 4776 1788 4837 ⁰13⁰
1801 4778 1875 4849 Οἰω-

226 4908 288 4947 „m
300 4890 456 4947 dmm
468 4892 637 4950 mmm,
647 4883 704 4938 imo
715 4882 884 4954 compenor„
897 4882 1022 4939 „gem
1076 4864 1140 4921 dem
1163 4864 1292 4931 cirritatis,
1319 4864 1360 4920 rel
1374 4865 1523 4936 prouinciae
1546 4866 1630 4925 debet
1642 4866 1718 4937 eligi,
1733 4883 1766 4925 ac
1779 4867 1873 4939 populi

226 4990 281 5037 tur.
300 4979 453 5049 Postquam
472 4982 564 5031 autem
584 4971 656 5045 lapis
669 4970 705 5027 de
717 4978 811 5027 monte
823 4971 884 5027 sine
896 4971 1021 5029 manibus
1074 4953 1269 5011 ⁸0⁰l⁸¹1¹⁸¹l⁰¹¹0
1291 4952 1320 5007 51¹
1334 4960 1472 5023 Ρῑὸῑθΐθῐῦ
1492 4952 1573 5010 0Vffi³
1592 4954 1696 5011 Christi
1721 4956 1871 5012 ⁰⁰⁰⁵lll¹¹i²

227 5067 379 5133 abscissos,
394 5066 431 5121 ab
444 5061 643 5121 edificantibus
666 5076 771 5116 murum
793 5059 943 5133 iniquitatis
957 5060 1022 5133 qui.
1075 5041 1110 5096 ab
1125 5040 1276 5113 apostolico
1291 5040 1392 5096 annulo
1404 5050 1431 5097 et
1445 5040 1520 5115 virga
1536 5042 1668 5110 investiri,
1684 5058 1701 5099 a
1715 5042 1871 5109 duodecim,

225 5160 289 5214 dem
311 5156 516 5226 reprobatum
534 5151 587 5208 deo
608 5158 699 5207 anum
724 5148 828 5205 electus
847 5158 876 5205 et
893 5149 921 5204 in
939 5157 1021 5223 capnt
1074 5128 1154 5185 siest
1167 5128 1400 5201 archiepiscopus,
1419 5130 1463 5186 rel
1477 5130 1512 5185 ad
1526 5132 1616 5187 minus
1634 5146 1653 5187 a
1668 5132 1753 5187 trihus
1774 5147 1872 5189 conse-

224 5244 318 5318 angnli
332 5242 447 5309 levatus,
463 5242 491 5296 in
504 5248 624 5297 montem
635 5253 765 5313 magnum
779 5237 910 5305 excrevit,
925 5239 1021 5295 etuni-
1074 5218 1145 5275 ilasi
1169 5218 1250 5275 ‘lehi‘
1269 5218 1415 5289 elimiti&
1445 5218 1487 5275 Ad
1510 5218 1729 5289 hui¹1⁵⁰ffi⁰5⁰¹¹¹
1756 5220 1873 5291 Wlissel

224 5348 332 5391 versam
347 5343 448 5388 terram
463 5345 512 5385 sua
525 5326 714 5401 magnitudine
727 5325 850 5398 implerit
865 5342 945 5382 :mox
955 5344 1018 5385 mu·
1074 5308 1224 5378 willemum
1245 5305 1349 5365 delum
1364 5308 1494 5364 canonice
1513 5308 1677 5381 dubelssfll'er
1692 5308 1821 5379 P⁰i³¹¹¹⁰m
1836 5310 1872 5365 ed

223 5424 289 5479 mi,
305 5431 427 5492 tempo„
442 5425 469 5475 91
485 5417 623 5473 mlum
636 5431 743 5487 regn„
758 5414 840 5485 goepg
854 5431 962 5488 quoque
976 5415 1019 5471 a1,
1070 5397 1132 5466 jura
1146 5396 1246 5452 divinae
1263 5394 1334 5467 legis
1357 5395 1483 5461 inritare,
1507 5397 1665 5454 resistentes
1679 5398 1872 5454 excommuni-

223 5512 310 5566 titudo
325 5509 402 5580 regni
417 5522 508 5565 coram
524 5506 632 5561 Christo
645 5504 762 5576 pedibus
775 5502 918 5564 incurvari,
933 5519 965 5560 ac
980 5504 1019 5561 ia·
1073 5500 1146 5555 ‘³¹02
1162 5484 1327 5556 poenitentes
1341 5484 1496 5541 ²bffllV0l0·

145 5621 153 5631 r
223 5600 333 5670 sepum
347 5596 455 5669 imperii
468 5595 496 5649 in
507 5601 643 5651 convento
656 5590 789 5650 Ecclesiae
800 5591 935 5647 inclinari.
954 5592 1019 5649 Per·
1107 5592 1256 5663 imperator
1268 5590 1407 5647 Romanus
1416 5591 1497 5648 debet
1509 5592 1543 5647 ab
1557 5592 1708 5665 apostolico
1722 5592 1789 5668 eligi
1804 5608 1875 5651 con·

222 5684 370 5739 secationis
391 5699 491 5753 nempe
513 5692 621 5754 tempas
635 5682 711 5737 Deus
723 5681 798 5753 pacis
811 5679 943 5736 sacerdos
956 5696 1018 5736 ma·
1072 5696 1156 5735 sensu
1176 5679 1330 5752 principum
1352 5688 1378 5735 et
1399 5680 1594 5738 acclamatione
1612 5680 1711 5754 plebis,
1735 5684 1763 5737 in
1787 5692 1873 5755 capnt

222 5784 295 5844 gnus
313 5778 436 5842 tempere
452 5770 528 5843 pacis
550 5768 712 5843 permutavit
728 5784 734 5823 :
763 5784 797 5827 ac
810 5767 914 5824 rebelle
928 5768 1016 5843 impe·
1071 5768 1165 5843 populi
1179 5768 1319 5838 constitui,
1336 5784 1436 5842 apapa
1450 5771 1606 5827 consecrari
1621 5778 1647 5827 et
1664 5769 1802 5827 coronari.
1827 5772 1872 5829 nd
