3942 6067
247 295 295 352 aar
586 291 735 349 uouoau
753 289 1005 350 aunusrcnmv.
1024 286 1104 343 oro.
1123 287 1211 346 oras
1224 291 1260 346 u.
1280 323 1316 334 -
1328 289 1557 347 nascamus.
1842 292 1896 348 raa

247 425 322 476 coetu
336 415 514 489 spiritualium
529 412 732 485 multiplicavit,
749 421 776 470 et
793 429 824 468 se
843 411 971 485 operibus
990 425 1041 466 eo·
1055 409 1084 470 Α
1097 422 1160 466 oum
1174 411 1256 468 melle
1270 426 1342 480 mco,
1355 412 1413 482 jam
1438 412 1494 468 bibi
1519 413 1612 470 vinum
1634 427 1727 468 mcum
1744 428 1808 468 curn
1826 412 1899 471 lacte

245 522 305 564 rnm
322 513 352 560 ut
365 503 443 561 suavi
458 503 519 560 cibo
541 501 650 560 reiecit.
668 503 749 558 Juxta
770 501 896 557 alborem
919 514 1043 566 sensum,
1098 513 1176 555 meo.
1195 499 1284 556 Favns
1298 507 1362 557 sunt
1383 500 1413 555 bi
1433 500 1479 573 qui
1501 500 1530 556 in
1552 498 1701 571 scripturis
1722 499 1900 557 dulcedinem

246 593 367 651 dilectus
381 591 452 649 borti
474 591 592 647 fructum
612 589 742 660 comedit,
757 605 820 646 cum
846 587 968 646 Christus
990 586 1046 644 ele·
1098 586 1248 659 spiritualis
1261 586 1448 662 intelligentiae
1460 596 1593 660 quaerunt,
1609 586 1710 644 etaliia
1731 586 1895 644 dilucidant.

247 689 306 740 clos
321 681 356 738 de
370 682 424 737 hoc
438 679 540 736 mundo
565 679 594 733 in
616 677 732 752 gloriam
751 693 828 734 suam
847 676 1040 748 assumpserit.
1098 674 1152 731 idel
1165 684 1230 731 suut
1243 674 1271 731 hi
1286 676 1333 749 qui
1347 676 1443 748 epulas
1457 676 1543 732 divini
1557 675 1633 733 verbi
1647 675 1700 731 sibi
1714 675 1854 748 appositas
1869 675 1902 731 li·

246 771 306 828 Rex
321 768 357 826 ad
370 766 524 826 convivium
534 767 638 840 regine
651 766 806 839 ingressus,
822 765 907 824 dicit:
1098 763 1196 820 beuter
1208 771 1329 836 gustant,
1340 772 1367 821 el
1380 764 1424 820 bis
1436 763 1628 821 insatiabiliter
1641 764 1715 820 vesci
1728 764 1900 821 desiderant.

1099 851 1198 908 Vinum
1210 860 1273 908 sunt
1285 853 1374 909 fortes
1385 851 1539 910 caelestium
1555 851 1696 919 doctores,
1706 852 1776 909 alios
1786 851 1900 924 sapien-

1098 934 1137 991 tia
1159 935 1337 992 inebriantes.
1358 937 1415 993 Lao
1438 943 1502 993 sunt
1522 934 1620 992 inlirmi
1643 935 1732 992 adbuc
1748 935 1899 1003 auditores,

288 1025 353 1082 l'ent'
366 1023 398 1079 in
413 1023 529 1082 bortum
540 1036 645 1088 mcum,
660 1034 738 1077 soror
747 1035 820 1090 mon,
832 1035 954 1093 apoaao;
971 1033 1046 1075 mes·
1101 1023 1148 1096 qui
1160 1023 1234 1082 lacte
1250 1024 1384 1082 doctrinae
1397 1024 1550 1081 nutriuntur
1562 1024 1597 1080 ad
1616 1025 1704 1082 bonos
1725 1025 1901 1081 morcellos

245 1112 293 1170 aaa·
305 1110 453 1186 myrrham
466 1126 559 1167 mcum
574 1125 639 1165 oum
649 1108 824 1166 aromatibus
835 1108 919 1164 mols·
936 1105 1048 1164 Comtds'
1101 1127 1198 1169 ornnes
1211 1120 1239 1168 ut
1250 1113 1358 1170 dulcem
1372 1111 1465 1169 ubam
1477 1112 1545 1168 mihi
1558 1110 1743 1185 incorporavi,
1762 1120 1789 1168 et
1803 1119 1831 1168 ut
1842 1127 1905 1168 sua·

245 1204 345 1274 fovum
359 1216 423 1256 cum
437 1199 522 1256 molle
533 1214 602 1265 mco,
614 1197 669 1254 iiii
682 1197 781 1254 ninum
790 1212 886 1252 mcum
895 1211 961 1252 cum
973 1195 1047 1252 loolc
1100 1217 1163 1258 vem
1175 1208 1269 1273 potum
1283 1201 1311 1257 in
1326 1217 1370 1258 me
1385 1200 1529 1270 transfudi,
1543 1201 1608 1275 quia
1629 1215 1726 1258 omnes
1740 1199 1768 1256 in
1782 1201 1901 1274 gloriam

245 1305 318 1347 meo.
333 1289 385 1344 Pel·
394 1286 533 1358 myrrham
543 1293 693 1358 mbrlyres;
710 1301 760 1357 per
770 1292 889 1341 aromata
904 1281 1047 1341 ooniesso·
1100 1289 1250 1361 assumpsi,
1277 1291 1356 1345 Nunc
1379 1288 1527 1362 alloquitur
1551 1305 1600 1345 rex
1622 1288 1741 1346 victores
1760 1288 1790 1344 in
1820 1288 1902 1346 horto

245 1393 292 1434 res
306 1375 486 1448 accipiuntur.
501 1375 592 1430 Favus
607 1380 650 1430 est
662 1373 718 1430 mel
732 1374 759 1431 ln
777 1387 851 1441 cera,
868 1380 895 1430 et
910 1369 1048 1446 significat
1102 1377 1251 1450 epulantes,
1263 1378 1317 1435 boc
1330 1385 1382 1447 est,
1396 1392 1493 1434 omnes
1504 1375 1666 1434 inEcclesia
1676 1377 1711 1434 de
1721 1375 1793 1435 vitiis
1802 1376 1902 1433 trium·

246 1463 354 1521 animas
365 1462 393 1520 in
407 1477 523 1535 corpore
538 1477 546 1518 :
561 1459 616 1520 mel
629 1469 718 1520 autern
733 1467 813 1518 extra
827 1475 916 1518 ceram
940 1459 1048 1516 animes
1100 1467 1216 1538 phanias
1232 1484 1239 1521 :

245 1558 325 1610 extra
339 1565 470 1624 corpora.
490 1550 548 1606 Per
563 1547 654 1606 iarum
676 1548 866 1622 exprimuntur
879 1548 908 1604 hi
922 1545 970 1620 qui
985 1563 1048 1606 cum

243 1641 361 1699 Domino
376 1638 553 1712 corporaliter
567 1647 756 1709 surrexerunt,
774 1647 800 1694 ct
814 1654 874 1696 cum
901 1653 933 1694 eo
946 1653 1045 1709 corpo

243 1729 337 1786 rnliler
350 1728 542 1785 ascenderunt.
560 1729 611 1783 Per
623 1725 677 1783 mel
697 1735 789 1784 autem
810 1741 910 1782 anrmae
935 1732 1045 1782 sancto·
1059 1763 1089 1824 B
1139 1721 1290 1794 Concdite,
1305 1722 1402 1794 amici,
1415 1723 1502 1782 bibite
1523 1727 1552 1782 et
1567 1721 1762 1792 inebriamini,
1784 1722 1900 1781 oboria-

246 1834 316 1886 rum,
333 1814 369 1873 de
383 1815 490 1872 inferno
504 1829 555 1887 per
569 1814 707 1872 Christum
720 1814 910 1871 liberatorum.
936 1814 987 1869 Per
1007 1813 1047 1870 vi·
1101 1809 1180 1869 rimi.
1192 1812 1272 1883 Quod
1285 1821 1327 1869 cst
1336 1813 1429 1871 dicere
1440 1830 1448 1869 τ
1459 1814 1515 1869 Vos
1526 1809 1659 1871 Ecclesiae
1671 1809 1828 1881 bellatores,
1843 1813 1901 1868 mei

245 1922 311 1961 num
327 1912 455 1962 notantur
468 1903 506 1972 lii,
522 1901 568 1975 qui
582 1903 609 1958 iu
624 1899 762 1976 primitiva
777 1903 899 1960 Ecclesia
913 1902 981 1957 alios
994 1901 1048 1958 dn·
1101 1899 1251 1974 amiciori
1266 1900 1354 1958 lacilis
1367 1919 1429 1975 quae
1439 1915 1493 1975 ego
1501 1902 1620 1974 praecepi
1630 1917 1693 1958 meo
1703 1900 1839 1973 exemplo,
1851 1916 1901 1958 co-

246 1992 340 2051 ctrinis
355 1991 574 2058 inebriaverunt;
597 2007 648 2063 per
663 1991 716 2059 lac,
732 1991 759 2046 hi
775 1991 820 2064 qui
834 1990 904 2048 lacte
918 1990 1048 2048 doctrinae
1102 1988 1204 2046 medile
1217 1988 1307 2046 lavura
1320 2006 1382 2047 cum
1406 1990 1498 2056 melle,
1524 1988 1552 2046 id
1570 1999 1613 2046 est
1635 1989 1704 2046 tales
1723 1990 1798 2047 viros
1820 1988 1902 2045 vobis

246 2079 340 2139 nutriti
354 2091 426 2138 suut.
442 2081 495 2136 Sex
509 2079 621 2138 ordines
642 2080 792 2137 electorum
811 2079 902 2151 posuit
917 2094 988 2151 quos
1012 2075 1048 2134 ad
1100 2076 1245 2145 assonare,
1256 2079 1303 2151 qui
1315 2078 1389 2136 dulci
1403 2077 1527 2136 doctrina
1537 2093 1588 2135 vos
1601 2077 1754 2135 esurientes
1762 2076 1901 2149 justitiam

242 2170 361 2244 gloriam
376 2169 558 2242 perlectorum
573 2167 717 2241 perduxit.
738 2166 868 2225 Seneriua
882 2167 983 2240 quippe
997 2182 1047 2223 nu-
1102 2163 1241 2232 relicitur,
1258 2174 1283 2222 et
1298 2182 1361 2224 meo
1374 2166 1502 2239 exemplo
1515 2166 1601 2222 bibite
1622 2165 1717 2222 vinum
1737 2173 1799 2222 cum
1817 2164 1898 2232 lacte,

243 2275 337 2314 merus
353 2259 400 2330 qui
417 2255 560 2328 perlectus
574 2264 626 2322 est,
642 2255 839 2328 perlectionem
854 2255 952 2324 innuit,
968 2251 1048 2328 quasi
1102 2254 1154 2311 boc
1167 2261 1220 2324 est,
1235 2254 1304 2312 tales
1318 2255 1444 2312 doctores
1458 2255 1537 2312 vobis
1553 2255 1715 2324 coadunate,
1731 2254 1778 2328 qui
1794 2269 1846 2310 ros
1857 2253 1900 2309 si-

243 2346 317 2403 dicat
333 2363 340 2401 :
356 2345 379 2402 0
395 2344 520 2402 Ecclesia
535 2359 617 2402 soror
630 2358 692 2400 mea
713 2344 741 2399 in
758 2343 929 2412 haereditate,
945 2357 1047 2415 sponsa
1101 2341 1200 2398 tientes
1216 2342 1350 2412 justitiam
1365 2342 1429 2400 vino
1450 2343 1590 2414 sapientiae
1611 2341 1756 2409 inebrient,
1780 2350 1808 2399 et
1828 2342 1901 2398 lactc

243 2451 306 2492 mea
317 2435 344 2490 in
355 2433 491 2506 spirituali
501 2431 690 2504 generatione;
702 2431 820 2506 egojam
830 2430 1046 2503 veniperincar-
1101 2430 1235 2488 doctrinae
1253 2431 1384 2486 calmunt.
1403 2430 1545 2486 dtulibus
1561 2430 1698 2502 sapientia
1710 2429 1898 2498 inebriamini,

242 2522 392 2592 nationem,
407 2523 434 2578 iu
448 2521 557 2577 bonum
572 2537 663 2577 meum
676 2519 807 2586 iudaeam,
824 2520 919 2590 etjam
943 2518 1046 2575 messui
1101 2525 1129 2573 ct
1142 2517 1240 2590 repleti
1254 2519 1389 2576 charitate
1403 2518 1479 2575 eritis
1499 2517 1566 2574 mibi
1591 2517 1755 2584 charissimi,
1772 2527 1800 2574 et
1821 2517 1901 2574 aritia

242 2613 383 2684 myrrham
393 2627 456 2668 cum
466 2609 631 2666 aromatibus
640 2609 700 2682 quia
712 2608 812 2682 collegi
821 2609 857 2664 ad
867 2623 911 2665 me
925 2623 1046 2664 messem
1101 2607 1167 2662 mihi
1180 2606 1260 2663 cibus
1274 2615 1301 2664 et
1323 2615 1404 2679 potus
1426 2614 1456 2663 ut
1474 2607 1537 2680 ipsi.
1559 2615 1586 2663 et
1608 2622 1658 2663 vos
1685 2605 1752 2662 mibi
1778 2613 1809 2662 ut
1835 2605 1900 2662 illos

242 2708 396 2772 martyrum
409 2699 436 2754 in
452 2698 554 2756 coelum
569 2696 1046 2767 cumconlessoribusfldeetopere
1101 2695 1294 2767 incorporabo,
1317 2703 1345 2751 ct
1371 2711 1480 2752 mecum
1502 2695 1530 2750 in
1550 2694 1642 2768 gloria
1662 2693 1818 2752 mllocabo.
1834 2695 1898 2750 ilo-

242 2788 312 2846 bcne
327 2787 477 2844 olentibus.
497 2785 609 2842 comedi
622 2784 786 2842 savumettm
797 2785 887 2854 melle,
901 2784 965 2857 quid
976 2799 1046 2856 qlllis
1100 2792 1205 2848 aliter,
1235 2791 1358 2864 Sponsus
1384 2793 1528 2864 myrrham
1554 2792 1584 2848 in
1608 2793 1686 2850 hor-20
1712 2791 1803 2859 metit,
1833 2807 1900 2849 cum

241 2875 421 2948 corporaliter
448 2873 588 2940 suscitavi,
603 2872 661 2945 jam
676 2872 703 2927 iu
727 2873 845 2946 gloriam
870 2872 973 2944 sumpsi
983 2887 1046 2928 cum
1101 2880 1226 2936 christus
1240 2881 1275 2936 de
1295 2887 1367 2937 ooetu
1390 2879 1569 2953 spiritualium
1591 2877 1787 2937 mortificantes
1807 2895 1899 2935 mem.

239 2963 383 3019 animabus
398 2961 513 3035 quasdc
528 2961 636 3018 inlerno
652 2959 780 3018 liberavi.
799 2960 858 3016 ilibi
875 2960 968 3017 vinum
982 2975 1046 3017 cum
1100 2968 1150 3024 hm
1178 2984 1241 3035 sua,
1271 2977 1298 3025 er
1327 2966 1517 3042 crucifigam
1545 2967 1617 3025 viriis
1639 2976 1667 3024 ep
1697 2967 1898 3040 wncupiseen.

239 3050 320 3119 1aote.
333 3051 396 3123 qua
410 3051 538 3106 doctores
555 3064 619 3106 eam
644 3047 813 3105 suavioribus
825 3049 881 3119 lom
900 3048 1047 3122 ingeram
1100 3055 1144 3112 rus
1158 3055 1229 3113 rarae
1244 3056 1338 3113 maara
1352 3056 1484 3129 precidit,
1499 3064 1526 3113 a
1546 3054 1575 3112 in
1593 3056 1704 3113 cervaru
1724 3055 1900 3112 mariamnis

238 3139 316 3198 0111118
326 3137 460 3195 associavi
470 3135 686 3195 dioenstovos
696 3137 886 3210 01151111οΜ101
896 3136 1042 3207 00111θά1111,
1058 3114 1230 3217 Cperducil,
1251 3147 1383 3201 Aromata
1397 3145 1481 3210 metit,
1505 3161 1568 3202 oum
1597 3143 1754 3201 redolentes
1780 3143 1808 3199 in
1838 3145 1899 3199 pir.

241 3239 268 3286 ot
280 3245 329 3286 voa
344 3225 514 3301 archangeli,
528 3227 701 3295 oboriasimi,
714 3227 798 3283 libito
808 3229 836 3282 el
848 3225 1042 3293 inebriamini,
1098 3233 1202 3289 turibus
1229 3233 1265 3289 ad
1289 3233 1371 3290 viram
1397 3232 1512 3305 colligit,
1542 3233 1644 3288 pavum
1669 3249 1731 3289 oum
1750 3231 1833 3288 meus
1847 3247 1900 3289 ω.

244 3316 319 3391 quod
334 3315 478 3398 est-dicero
495 3332 501 3370 :
519 3314 584 3372 illos
599 3330 668 3388 quos
681 3314 715 3370 de
730 3314 809 3370 terris
823 3331 883 3371 cum
906 3313 1044 3385 triumpho

243 3404 355 3472 adduxi,
367 3412 396 3460 ut
410 3419 522 3459 suavem
537 3403 628 3460 cibum
644 3402 723 3460 vobis
737 3402 900 3459 associando
914 3401 1044 3474 incorpo-

241 3501 309 3559 rate,
326 3500 352 3548 et
370 3500 399 3549 ut
414 3490 523 3549 dulcem
537 3499 630 3564 potum
656 3491 683 3547 in
707 3490 841 3564 gaudium
863 3498 984 3546 vestrum
1000 3489 1044 3544 in·

239 3579 383 3638 traducite.
399 3581 433 3636 Et
447 3579 517 3637 sicut
535 3579 679 3653 opulentes
694 3578 779 3635 variis
802 3579 914 3636 ferculis
927 3586 955 3635 st
970 3576 1045 3650 poti-

226 3663 294 3726 'bus
311 3668 432 3744 gaudent
447 3668 551 3735 satiari,
567 3666 604 3723 ita
628 3667 749 3742 gaudete
771 3666 841 3724 istos
864 3674 957 3724 vestro
979 3680 1047 3723 con-

244 3757 328 3815 sortio
350 3755 537 3814 annumerari.
557 3757 615 3812 lloc
639 3755 800 3813 totumideo
816 3755 942 3828 replicat,
969 3752 1051 3826 quasi

243 3847 375 3906 Ecclesiae
389 3845 512 3921 gentium
524 3845 593 3901 dicat
607 3861 613 3900 :
627 3844 702 3902 Sicut
713 3843 776 3901 illos
791 3845 825 3901 de
840 3843 980 3916 primitive
994 3843 1047 3898 Ec·

243 3935 330 3994 clasis
344 3951 405 3992 mea
419 3933 622 4002 incarnatione,
638 3933 780 4005 passione,
797 3932 1009 3997 resurrectione,
1021 3938 1048 3986 ct

245 4025 409 4083 ascensione
420 4023 476 4094 iam
492 4021 664 4097 glorificavi;
682 4021 719 4078 ita
733 4023 824 4079 adhuc
844 4019 1048 4079 convertendos

246 4113 281 4170 de
296 4113 401 4170 iudaeis
417 4111 589 4185 glorificabo.
609 4110 740 4167 Similiter
755 4111 830 4167 etde
846 4116 872 4166 le
886 4116 971 4178 ortos,
983 4106 1048 4164 etin

246 4201 301 4257 lide
313 4201 449 4273 perlectos
465 4198 572 4272 augelis
586 4197 614 4254 in
628 4197 717 4272 gloria
731 4197 886 4254 associabo.
899 4196 986 4252 Aliter
1000 4211 1008 4249 :
1023 4193 1047 4251 0

249 4297 369 4346 sororet
388 4301 499 4359 sponsa,
525 4293 553 4342 ιιι
572 4302 635 4343 oras
658 4292 687 4341 ut
708 4286 815 4342 veniam
838 4284 866 4340 iu
890 4291 917 4340 te
937 4284 1048 4340 hortum

248 4389 350 4440 meum,
366 4369 479 4428 lcrendo
493 4368 542 4426 tibi
564 4375 661 4427 contra
675 4369 769 4425 mundi
791 4375 958 4425 tentamenta
973 4365 1049 4422 auai-

1100 3321 1196 3389 medii,
1212 3337 1275 3379 cum
1289 3320 1386 3378 dulces
1399 3320 1427 3378 iu
1441 3319 1564 3378 moribus
1578 3328 1605 3377 cl
1623 3319 1754 3392 operibus
1766 3320 1896 3376 assumit.

1099 3410 1198 3465 Vinum
1225 3427 1287 3467 cum
1308 3410 1380 3467 lacte
1406 3410 1482 3478 bibit,
1512 3426 1574 3466 cum
1593 3408 1731 3482 sapientes
1752 3425 1815 3466 cunr
1832 3410 1902 3466 sirn-

1098 3496 1216 3570 plicibus
1237 3498 1272 3554 ad
1290 3497 1407 3572 gloriam
1425 3498 1513 3572 eligit.
1533 3496 1615 3554 Juxta
1639 3512 1794 3572 anagogem
1815 3498 1902 3556 Clari-

1100 3594 1159 3642 stus
1182 3587 1325 3658 myrrham
1348 3595 1376 3642 et
1402 3593 1525 3643 aromata
1551 3585 1587 3643 de
1613 3586 1695 3642 borlo
1723 3585 1807 3652 metit,
1837 3602 1904 3643 cum

1100 3675 1206 3732 clectos
1230 3675 1363 3748 quosdam
1387 3674 1415 3730 in
1439 3673 1568 3732 Ecclesia
1587 3673 1807 3731 tribulationibus
1827 3690 1906 3731 ama·

1099 3759 1210 3828 ricalcs,
1225 3759 1363 3831 quosdam
1377 3758 1526 3815 virtutibus
1541 3759 1612 3816 bene
1625 3758 1733 3816 olentes
1747 3758 1776 3814 in
1790 3760 1905 3815 bortum

1102 3846 1277 3904 beatitudinis
1288 3845 1403 3922 colligit.
1412 3847 1517 3904 Favum
1531 3862 1595 3904 cum
1605 3847 1689 3904 melle
1698 3845 1826 3913 comedit,
1838 3862 1906 3903 com

1101 3936 1228 3993 doctores
1241 3935 1396 3993 dulcedinis
1408 3935 1436 3991 in
1451 3936 1596 3993 dulcedine
1609 3942 1720 3993 aeleruae
1733 3934 1834 4008 quietis
1847 3935 1906 3992 col·

1100 4024 1214 4082 locabit.
1228 4024 1329 4080 Vinum
1342 4040 1406 4081 cum
1419 4024 1490 4081 lacte
1503 4023 1582 4092 bibit,
1592 4040 1655 4081 eum
1669 4023 1793 4080 subditos
1806 4031 1906 4095 potum

1101 4113 1234 4170 dcclvinae
1247 4113 1416 4180 haurientes,
1427 4113 1463 4168 dc
1476 4117 1598 4168 torrente
1612 4111 1759 4183 voluptatis
1773 4127 1831 4168 suae
1844 4111 1906 4168 ine·

1101 4200 1210 4269 briabit,
1222 4201 1317 4258 dicens
1326 4199 1448 4275 augelis:
1458 4200 1609 4268 Comedile,
1619 4199 1710 4267 amici,
1720 4198 1805 4257 bibite
1814 4207 1841 4256 el
1849 4199 1907 4258 ine·

1101 4288 1237 4354 briamini,
1247 4286 1411 4356 charissimi,
1422 4291 1474 4345 boc
1484 4297 1536 4360 est,
1544 4289 1581 4344 ila
1592 4289 1714 4362 gaudete
1723 4288 1758 4343 de
1768 4287 1905 4345 sodoims

1102 4379 1225 4445 istorum,
1242 4375 1311 4433 sicut
1329 4374 1471 4448 epulantes
1486 4377 1613 4434 laetantur
1629 4376 1666 4432 de
1686 4375 1790 4432 diversi
1809 4375 1863 4433 cibi
1878 4385 1907 4434 el

249 4461 333 4526 lium;
348 4475 402 4534 080
415 4465 506 4515 autem
520 4457 624 4515 10ῡὶἱο
638 4459 748 4514 hortum
765 4464 893 4530 tempore
913 4472 1047 4530 persecu·
1060 4466 1090 4528 D
1104 4463 1331 4537 potussatietate.
1340 4464 1415 4521 Solet
1424 4464 1508 4536 quaeri
1518 4481 1535 4521 a
1545 4464 1709 4537 quibusdam
1718 4470 1810 4520 utrum
1819 4464 1906 4521 borno

251 4549 342 4617 tionis,
357 4547 450 4606 lenens
464 4545 592 4603 auxilium
606 4546 775 4622 martyribus
789 4565 796 4602 ι
812 4561 882 4620 quos
893 4547 950 4616 jain
970 4559 1049 4602 coro·
1102 4557 1177 4606 essct
1190 4548 1327 4617 conditus,
1344 4548 1367 4604 si
1381 4548 1499 4622 angelus
1512 4563 1566 4605 nou
1582 4548 1677 4605 luisset
1690 4547 1905 4621 lapaua.l'utant

251 4638 315 4696 navi
337 4651 387 4710 pro
409 4634 582 4694 cmciatibus.
599 4635 667 4692 Veni
689 4635 769 4692 etism
791 4635 819 4690 in
833 4633 962 4692 aprilium
985 4648 1049 4690 cou-
1103 4636 1177 4694 enim
1190 4636 1299 4708 lapsuro
1327 4636 1489 4708 angelorum
1512 4652 1625 4692 caumrn
1648 4635 1734 4693 iciam
1756 4635 1907 4694 creationis

252 4721 415 4788 1080οή11118,
431 4726 527 4778 onnlrn
541 4720 685 4778 1181011008
707 4719 883 4789 deviabimus,
904 4734 974 4791 quos
990 4717 1048 4787 jam
1103 4725 1260 4790 hominum
1276 4725 1325 4780 sed
1338 4725 1365 4779 hi
1379 4724 1516 4780 falluntur,
1529 4723 1645 4781 Ratione
1659 4724 1760 4798 quippe
1773 4724 1905 4792 docente,

254 4809 405 4886 glorificavi
420 4808 450 4865 in
472 4809 650 4876 coelestibus;
673 4809 712 4866 ita
733 4817 760 4866 te
774 4816 871 4867 contra
884 4811 1051 4864 tentamenta
1104 4817 1132 4869 et
1146 4827 1226 4870 saon
1238 4811 1399 4870 auctoritate
1412 4812 1609 4881 consentiente,
1621 4812 1710 4868 droia
1719 4811 1906 4869 numerositas

253 4899 348 4956 muudi
361 4905 511 4956 certantem
532 4899 643 4969 iuvabo,
669 4906 697 4954 ct
719 4897 874 4956 vincentem
893 4893 1045 4953 coronabo.
1104 4902 1263 4976 angelorum
1273 4901 1301 4956 in
1316 4900 1385 4959 poeto
1400 4899 1572 4973 perstitisset,
1588 4908 1680 4957 riman
1693 4898 1837 4959 multitudo
1852 4901 1906 4959 bo-

253 4989 314 5045 lam
329 4988 356 5044 iu
371 4989 450 5045 burto
465 5003 527 5044 men
542 4987 646 5044 messui
669 4989 809 5060 myrrham
833 5001 933 5051 meam,
958 4981 1052 5038 idest
1104 4989 1250 5046 minumin
1265 4996 1541 5046 semiramem,
1557 4989 1908 5063 Ειιιωηῃμιηςῑηῃῃῑ.

253 5075 435 5150 martyres,in
453 5074 576 5132 Ecclesia
591 5089 685 5132 amara
698 5091 750 5148 pro
768 5092 813 5132 mc
826 5089 934 5147 passos,
952 5072 987 5128 ad
1007 5084 1052 5125 me
1105 5078 1236 5136 versitate
1249 5077 1332 5134 babet
1346 5093 1427 5134 suum
1440 5075 1541 5145 locum,
1557 5076 1595 5133 ita
1615 5078 1697 5134 borno
1717 5077 1747 5133 in
1768 5077 1906 5135 universi·

253 5167 280 5222 in
295 5165 412 5240 gloriam
426 5163 528 5237 collegi
551 5180 613 5221 cum
635 5163 805 5221 aromatibus
829 5163 910 5230 mois,
935 5162 989 5216 hoc
1010 5166 1053 5216 est
1106 5175 1159 5223 aare
1172 5165 1254 5223 hahet
1269 5181 1360 5222 suum.
1380 5165 1410 5222 si
1428 5164 1538 5239 quidem
1561 5172 1617 5222 tota
1639 5165 1783 5238 scriptura
1805 5165 1908 5223 clama

253 5269 316 5312 cum
330 5253 456 5311 omuibus
471 5252 517 5326 qui
540 5251 610 5308 lama
633 5252 768 5308 bonorum
791 5265 906 5324 opernm
927 5255 990 5304 sunt
1007 5245 1052 5301 in·
1105 5254 1179 5312 bunc
1199 5253 1334 5311 mundum
1356 5260 1468 5326 propter
1489 5253 1627 5310 bominem
1649 5253 1769 5322 ίιοιιιιιη
1792 5253 1867 5328 quod
1880 5253 1908 5309 ai

254 5343 357 5416 flisssseb
374 5349 403 5397 ¹1ss
417 5339 604 5398 wssfessorls·
623 5339 779 5396 N⁰l⁸¹¹dl¹m
794 5339 869 5412 quod
882 5337 948 5395 dicii
960 5335 1053 5402 mciii
1106 5343 1190 5400 homo
1203 5359 1259 5400 non
1271 5349 1348 5401 esset
1362 5349 1480 5410 creatus,
1495 5350 1698 5416 consequenter
1716 5349 1744 5398 et
1765 5340 1811 5399 bic
1828 5357 1907 5398 mun·

254 5431 318 5504 quia
332 5437 359 5486 et
373 5429 493 5486 haeretici
507 5429 609 5484 habeut
623 5443 688 5484 suos
701 5435 838 5500 martyres
853 5435 879 5484 et
902 5441 967 5484 suos
982 5439 1054 5482 oon-
1106 5432 1158 5488 dus
1171 5447 1225 5488 non
1246 5438 1319 5488 esset
1340 5431 1480 5488 conditus.
1499 5428 1579 5499 Quod
1599 5429 1825 5486 absurdissimum
1844 5437 1902 5485 est.

254 5517 387 5587 iussores;
404 5516 451 5590 qui
465 5531 519 5576 non
534 5517 646 5585 Christi,
661 5516 714 5573 sed
730 5517 843 5588 myrrha
858 5526 921 5574 sunt
939 5516 1051 5578 diaboli.
1107 5521 1196 5592 Quem
1208 5536 1333 5578 amorem
1350 5517 1471 5592 Spiritus
1489 5525 1602 5578 sanctus
1619 5517 1786 5591 previdens,
1803 5525 1831 5574 et
1854 5532 1907 5589 per

253 5607 293 5663 ‘lu
308 5606 406 5668 invitm
424 5621 469 5664 mc
492 5605 527 5663 ad
550 5604 716 5674 convivium,
741 5605 799 5675 jam
827 5606 933 5666 comedi
963 5607 1052 5667 larum
1108 5609 1276 5685 scripturam
1290 5624 1446 5684 praecavens
1461 5607 1535 5681 quod
1549 5616 1613 5666 ante
1627 5607 1795 5666 creationem
1810 5603 1904 5677 augeli
