3942 6067
206 229 257 285 ast
548 227 697 286 HONORll
717 225 975 284 AUGUSTODUN.
991 227 1069 283 OPP.
1086 227 1174 285 PARS
1188 224 1222 282 ll.
1240 257 1273 268 —·
1288 225 1507 282 exsuffles.
1799 223 1851 281 252

211 374 222 400 ι
244 365 355 424 semper
368 365 442 410 esse.
458 351 607 410 Generatio
620 351 714 434 igitur,
729 359 758 407 ut
771 350 807 407 ait
821 351 960 419 Boethius,
975 350 1004 407 in
1017 351 1111 425 quinto
1124 367 1207 426 super
1220 350 1382 426 categorias,
1399 357 1443 406 est
1456 349 1600 421 ingressus
1613 348 1642 405 in
1656 348 1850 420 substantiam,

211 444 223 470 ι
244 422 273 477 id
288 430 330 478 εει
342 422 505 496 principium
519 423 670 480 existentia
686 440 694 489 ;
713 437 808 479 carere
822 437 889 480 vero
903 423 1082 495 generatione
1103 431 1146 480 εει
1160 439 1254 480 carere
1274 421 1410 548 principio
1424 419 1586 478 existentia.
1602 419 1718 492 Semper
1732 436 1795 478 esse
1811 428 1854 476 εει

210 515 222 542 ι
244 492 303 550 sine
317 494 457 566 preterito
473 503 499 551 ει
515 493 604 550 futuro
618 493 751 564 existere;
767 509 822 550 non
837 509 947 565 semper
960 501 1075 550 esseest
1089 502 1314 567 portamporaes
1333 492 1524 549 successiones
1538 491 1666 548 transire.
1688 493 1770 548 Caret
1783 507 1853 564 ergo

211 588 222 613 ιι
243 565 421 636 generatione
435 573 462 622 ει
476 581 585 635 semper
597 571 647 630 εει,
665 564 736 636 quod
752 581 889 636 nunquam
908 564 1019 636 incoepit
1033 580 1094 621 esse
1108 581 1160 622 nec
1173 565 1275 636 aliquid
1291 564 1457 636 preteritum
1471 577 1523 619 nec
1538 560 1657 618 intumus
1685 562 1778 619 babet.
1794 563 1852 619 iloc

211 659 221 684 ι
244 637 371 692 convenit
384 635 482 692 diuinae
497 635 643 691 essentia:
660 649 693 690 ea
708 635 780 692 enim
794 650 845 691 nec
860 635 953 691 babuit
966 635 1132 708 principium
1157 637 1316 701 existentia,
1331 651 1384 691 nec
1399 635 1473 690 vices
1496 635 1639 705 temporis.
1658 633 1723 689 llaec
1737 640 1779 689 est
1792 631 1851 689 effi·

210 729 221 754 ι
243 706 319 763 ειεεε
334 722 416 763 causa
430 706 533 771 mundi,
550 706 610 776 ipso
624 705 697 762 enim
714 715 755 762 est
778 707 899 762 omnium
913 707 1044 763 creatrix.
1065 708 1121 762 lloc
1135 706 1207 763 idem
1223 706 1351 765 convenit
1365 705 1464 762 divinae
1478 705 1626 776 sapientie.
1644 703 1673 761 Si
1689 703 1760 761 enim
1777 705 1852 760 licus

210 801 221 825 ιι
242 785 314 834 caret
325 776 472 848 principio,
484 791 535 833 nec
550 777 635 858 potuit
648 777 707 832 sine
722 777 943 849 sapientiaesse;
960 777 1033 833 idem
1049 785 1091 833 εει
1105 777 1178 834 enim
1193 778 1231 834 illi
1247 786 1273 834 ει
1288 793 1360 845 εεεε,
1376 783 1403 833 ει
1416 776 1569 848 sapientem
1584 791 1656 832 esse.
1667 775 1743 847 Ergo
1754 783 1781 831 ει
1792 775 1851 844 eius

209 871 220 895 ι
242 847 374 919 sapientia
388 855 464 903 caret
476 847 622 920 principio.
647 847 762 919 Semper
776 863 842 904 vero
861 855 902 904 εει
944 848 990 904 uia
1003 848 1042 904 illi
1055 847 1122 904 nibil
1133 849 1312 931 preteritum,
1328 847 1396 902 nihil
1410 846 1529 902 futurum
1543 854 1596 916 est,
1612 847 1661 902 sed
1674 845 1765 902 omnia
1781 861 1852 919 prae·

209 941 220 966 ιι
242 917 344 974 εεειὶε.
365 919 429 974 Haeo
443 918 565 974 formalis
580 933 664 976 causa
677 934 692 973 a
707 917 847 975 creatione
861 865 955 975 munii
969 919 1077 986 dicitur,
1094 936 1157 992 quia
1173 921 1250 991 juxta
1273 935 1333 975 eam
1348 917 1479 973 mundum
1501 915 1642 974 formarit.
1663 917 1697 972 Ut
1711 915 1786 974 enim
1805 915 1849 971 la-

209 1013 219 1036 ι
242 988 370 1056 bricator,
385 989 484 1062 polens
498 989 599 1062 aliquid
623 988 768 1056 fabricare,
785 989 860 1062 prius
881 989 949 1046 illud
963 989 992 1045 in
1006 999 1098 1046 mente
1111 990 1240 1062 disponit,
1256 997 1353 1062 postca
1368 988 1482 1061 quaesita
1496 987 1620 1054 materia,
1635 988 1709 1056 juxta
1730 993 1851 1042 mentem

208 1083 219 1106 ιι
241 1073 319 1114 suam
334 1068 473 1129 operatur,
490 1061 530 1118 sic
544 1067 663 1127 creator,
675 1069 822 1132 antequam
832 1061 932 1133 aliquid
943 1060 1169 1130 crearet,illudin
1187 1069 1277 1118 mente
1287 1059 1499 1128 habuit,deinde
1513 1074 1598 1131 opere
1613 1057 1683 1115 illud
1690 1058 1851 1130 adimplevit

208 1151 219 1177 ι
240 1129 305 1186 llaec
320 1130 417 1186 eadem
431 1147 448 1187 a
463 1131 574 1187 l‘latone
598 1131 696 1186 dicitur
711 1132 820 1204 archety
841 1149 873 1186 us
895 1132 1011 1188 muudus
1027 1149 1034 1186 :
1058 1132 1186 1200 mundus,
1203 1134 1266 1205 quia
1281 1131 1372 1188 omnia
1395 1129 1515 1187 continet
1530 1145 1592 1202 que
1606 1129 1634 1185 in
1647 1129 1747 1185 mundo
1762 1136 1823 1185 sunt
1840 1146 1849 1195 ς

208 1221 218 1247 ιι
241 1203 420 1326 archetjipus,
430 1202 458 1256 id
468 1209 510 1258 εει
522 1201 683 1273 principalis
697 1201 795 1258 forma.
836 1203 915 1259 rabor
925 1202 989 1274 (sic)
999 1201 1072 1259 enim
1082 1210 1125 1260 εει
1135 1204 1274 1276 princeps,
1285 1208 1362 1276 typos
1372 1201 1434 1274 (sic)
1444 1199 1690 1274 iormaueliigara.
1702 1200 1851 1256 ldemcon-

207 1293 218 1318 ι
240 1271 315 1327 venit
347 1271 427 1327 irinas
442 1272 565 1338 bonitati,
583 1287 615 1327 ea
630 1273 704 1328 enim
718 1281 793 1330 caret
814 1273 948 1346 principio
963 1281 990 1328 ct
1004 1289 1115 1345 semper
1128 1282 1168 1341 εει
1182 1289 1317 1346 praesens.
1337 1273 1389 1329 llla
1403 1276 1447 1328 εει
1466 1269 1556 1325 iinalis
1569 1285 1652 1326 causa
1665 1269 1769 1336 mundi,
1786 1269 1852 1341 qnia

208 1365 218 1388 ιι
241 1341 300 1397 sola
314 1342 444 1402 bonitate,
460 1351 489 1398 ut
503 1343 531 1398 in
546 1342 716 1416 sequioribus
731 1343 881 1415 apparebit,
897 1343 990 1400 omnia
1004 1345 1119 1402 creavit.
1134 1347 1175 1400 lta
1186 1346 1240 1400 sub
1254 1346 1307 1400 hoc
1322 1344 1454 1408 membro,
1464 1340 1595 1407 efficiens,
1608 1340 1743 1408 lormalis,
1759 1339 1850 1396 finalis

207 1435 218 1460 ιι
240 1427 321 1469 causa
336 1413 430 1468 mundi
444 1415 618 1478 continetur;
633 1413 683 1469 sub
698 1413 751 1470 alio
768 1431 831 1471 vero
843 1414 992 1470 materialis
1007 1423 1034 1472 et
1044 1414 1166 1483 effectus,
1177 1423 1204 1471 et
1214 1415 1269 1471 duo
1279 1415 1433 1480 elementa;
1447 1419 1473 1468 ει
1482 1411 1615 1485 quidquid
1626 1429 1660 1469 eu
1670 1412 1712 1469 eis
1725 1416 1767 1467 εει
1775 1409 1851 1484 prin·

206 1505 217 1530 ιι
239 1483 350 1554 cipium,
366 1484 446 1540 habet
461 1485 586 1541 essentie
600 1492 626 1540 et
640 1501 690 1556 per
704 1485 895 1542 successiones
911 1486 1076 1557 temporales
1090 1487 1239 1552 variantur,
1258 1510 1268 1535 ι
1281 1493 1336 1542 ειε.

238 1553 315 1609 Νοεε
330 1570 365 1610 ne
387 1569 505 1626 croyons
525 1571 576 1627 pas
599 1554 757 1612 ne'oessaire
772 1557 806 1612 de
830 1571 948 1628 pousser
962 1556 1025 1628 plns
1037 1556 1094 1612 loin
1108 1572 1155 1614 ces
1172 1557 1290 1614 estraits.
1310 1557 1388 1612 Nous
1403 1570 1438 1610 ne
1461 1555 1620 1611 donnerons
1633 1553 1717 1625 qu'un
1731 1567 1813 1625 passa
1834 1568 1850 1608 e

223 1624 251 1679 ui
265 1627 392 1695 presente
411 1641 448 1681 un
466 1625 565 1682 iute'ret
588 1625 758 1698 particulier,
772 1626 904 1699 puisqu'il
928 1644 944 1698 y
964 1634 1007 1683 est
1027 1629 1153 1700 question
1179 1628 1229 1685 des
1252 1628 1341 1683 ideas.
1360 1625 1382 1680 ll
1410 1625 1493 1699 s'egit
1520 1624 1555 1681 da
1584 1632 1655 1681 cette
1683 1624 1785 1696 phrase
1833 1639 1849 1680 ε

203 1641 322 1751 iterun:
354 1719 365 1743 ιι
385 1697 523 1754 sensilem
544 1697 684 1754 mandam
706 1699 738 1753 iu
765 1713 817 1770 quo
838 1698 934 1753 omnio
948 1714 1052 1770 genero
1072 1707 1099 1753 et
1128 1699 1205 1771 quasi
1232 1698 1343 1770 quidam
1372 1696 1461 1752 iontes
1489 1696 1665 1753 continentur
1691 1693 1849 1750 animalium

207 1787 217 1812 ι
239 1764 461 1848 intelligibilium.
478 1789 489 1815 ι
505 1769 540 1823 llt
555 1767 600 1823 hic
615 1767 784 1838 periphrasis
799 1767 940 1839 archetypi
954 1768 1091 1837 mundi,id
1103 1778 1145 1825 εει
1159 1769 1258 1825 divina
1272 1766 1413 1838 sapientiae
1427 1767 1455 1822 in
1469 1783 1522 1838 εεε
1534 1764 1849 1836 continenturintelligi·

206 1858 217 1882 ι
239 1835 276 1891 lia
290 1837 427 1893 animalia.
447 1839 505 1894 llos
532 1837 581 1893 fuit
605 1839 724 1894 Platonis
744 1838 862 1896 divinam
878 1839 1065 1911 cognitionem
1079 1840 1114 1894 de
1133 1840 1226 1911 aliqua
1240 1855 1271 1894 re
1293 1845 1404 1894 nomine
1417 1836 1504 1909 ipsius
1518 1838 1560 1894 rei
1574 1851 1685 1902 vocare,
1700 1836 1753 1892 sed
1768 1835 1850 1890 etiam

207 1929 217 1954 ι
240 1905 422 1963 differentiam
437 1909 584 1982 adJungere
598 1909 811 1982 intelligibilem.
830 1909 908 1967 Unde
922 1909 1043 1965 divinam
1065 1911 1251 1983 coguitionem
1267 1909 1302 1964 de
1316 1908 1425 1964 homine
1438 1916 1518 1965 vocnt
1539 1905 1740 1978 intelligibilem
1755 1904 1848 1960 homi·

206 1999 217 2025 ι
239 1993 313 2044 uem,
330 1979 364 2034 de
379 1979 466 2050 lapide
483 1978 672 2105 intelligibilen
687 1989 766 2036 vocat
779 1979 908 2050 lapidem,
926 1996 987 2053 εεε
1002 1981 1100 2036 εειιειε
1115 1988 1191 2038 vocat
1206 1981 1292 2046 ideas,
1307 1979 1336 2034 id
1360 1987 1402 2034 εει
1418 1976 1531 2035 iormas.
1549 1979 1589 2032 lta
1609 1978 1683 2034 enim
1697 1983 1728 2057 ut
1740 1990 1847 2099 εοῗεο-

206 2049 278 2104 avit
299 2064 346 2105 res
362 2048 499 2106 formavit.
523 2053 554 2105 ln
589 2051 663 2105 ivina
686 2051 769 2123 igitur
782 2057 885 2116 mente,
902 2067 961 2123 εεεε
987 2054 1151 2123 archetypus
1174 2052 1302 2116 mundus,
1317 2064 1422 2123 genera
1445 2047 1663 2118 intelligibilium
1686 2046 1847 2102 animulam

206 2141 217 2165 ι
239 2119 423 2188 continentur,
440 2121 467 2176 id
483 2128 525 2177 est
539 2121 710 2194 cognitiones
722 2122 756 2177 de
766 2121 882 2177 diversis
892 2121 1041 2194 generibus
1050 2123 1218 2177 animalium.
1229 2124 1265 2178 lit
1279 2121 1362 2247 guasi
1380 2118 1497 2192 paidom
1513 2123 1618 2181 fontes.
1629 2119 1664 2174 Ut
1683 2117 1756 2172 enim
1773 2117 1850 2173 drus

206 2211 217 2236 ι
239 2197 281 2246 εει
294 2206 309 2245 a
324 2189 409 2261 fonte,
427 2191 467 2248 sio
486 2193 578 2248 omnia
594 2193 629 2248 ab
644 2191 684 2248 eis
698 2195 766 2247 suut
779 2207 840 2263 quse
856 2200 916 2247 suut
932 2193 959 2248 in
974 2191 1068 2250 divina
1083 2200 1183 2260 mente,
1194 2193 1217 2248 si
1231 2191 1278 2264 qui
1299 2207 1343 2247 em
1357 2205 1421 2246 vere
1436 2190 1463 2244 in
1479 2204 1512 2246 eo
1528 2189 1711 2247 continentur.
1729 2211 1740 2235 ι

239 2313 279 2369 Le
291 2311 486 2374 commentaire
500 2332 535 2372 ne
549 2316 654 2372 s’etend
669 2330 719 2388 pas
733 2316 803 2372 dans
817 2324 895 2372 notre
910 2314 1059 2371 manuscrit
1071 2329 1106 2370 au
1126 2316 1188 2371 dola
1201 2316 1238 2372 du
1254 2314 1357 2371 leuillet
1369 2315 1405 2368 60
1422 2328 1515 2381 verso,
1529 2313 1547 2368 d
1564 2313 1595 2367 la
1608 2312 1645 2366 tin
1659 2309 1761 2384 duqnel
1774 2308 1793 2365 il
1807 2316 1851 2366 εει

203 2392 261 2441 tout
275 2385 291 2439 b
306 2401 376 2457 coup
390 2386 571 2458 interrumpo.
585 2387 675 2454 Ainai,
689 2401 759 2442 nous
768 2402 803 2442 ue
813 2386 967 2457 posse'dous
981 2385 1164 2460 del’onvrage
1177 2387 1318 2442 d’llonore
1328 2385 1549 2456 d'Autun,qn'un
1562 2382 1702 2455 fragment
1715 2381 1760 2455 εει
1774 2395 1850 2437 com·

202 2455 291 2527 prend
305 2458 320 2511 d
333 2457 414 2528 peine
428 2457 454 2512 la
468 2458 560 2514 moitie
575 2458 609 2514 dc
623 2458 650 2513 la
663 2457 799 2530 premiere
813 2457 900 2530 partie
914 2458 951 2512 du
965 2455 1071 2514 Timee.
1087 2459 1129 2512 Eu
1144 2458 1215 2514 roici
1228 2459 1269 2513 les
1284 2456 1428 2512 dernidres
1441 2455 1531 2526 lignes
1547 2471 1555 2508 ε

241 2599 252 2625 ιι
274 2579 329 2636 Νεε
342 2595 406 2636 vero
420 2597 524 2637 munus
537 2583 659 2652 suerent
672 2583 699 2638 ci
713 2583 881 2637 necessarie
895 2597 958 2638 rom
974 2582 1062 2649 aiud,
1078 2587 1143 2647 etc,
1160 2596 1211 2637 nec
1228 2579 1323 2651 pedes,
1332 2577 1395 2648 quia
1409 2577 1455 2632 nul
1468 2593 1500 2632 us
1513 2583 1603 2633 motus
1617 2576 1652 2633 ad
1666 2589 1748 2647 quem
1762 2573 1849 2646 pedes

206 2671 216 2698 ι
239 2648 293 2704 εἰει
307 2653 458 2706 necessarii
473 2652 498 2707 ei
513 2651 649 2708 convenit.
665 2651 744 2720 Quod
758 2661 787 2706 ut
801 2652 836 2706 sit
848 2651 967 2716 facilius,
990 2651 1114 2707 dicamus
1127 2652 1200 2723 quod
1215 2660 1305 2707 motus
1321 2649 1392 2704 alius
1406 2648 1511 2712 localis,
1529 2647 1678 2702 aliusnon.
1694 2647 1730 2700 ιιι
1746 2654 1789 2701 est
1801 2646 1846 2701 lo-

206 2741 217 2766 ι
238 2719 307 2776 εειιε
322 2729 414 2776 motus
424 2737 486 2778 cum
499 2729 553 2779 tota
569 2739 614 2778 res
629 2724 710 2778 modo
725 2723 753 2776 in
767 2737 824 2777 uuo
838 2723 910 2788 loco,
923 2723 1006 2778 modo
1019 2723 1046 2777 in
1059 2722 1114 2778 atio
1128 2723 1278 2778 invenitur.
1297 2720 1351 2775 Sed
1373 2719 1467 2775 localis
1482 2726 1571 2774 motus
1585 2717 1692 2788 species
1706 2724 1770 2772 sunt
1783 2731 1847 2786 sep·

207 2812 218 2838 ι
239 2797 295 2846 tem
311 2808 318 2844 ε
334 2799 406 2859 εειε,
423 2801 509 2862 retro,
525 2809 648 2858 sursum,
664 2793 804 2860 deorsum,
819 2794 1002 2859 dextrorsum,
1017 2793 1212 2859 sinistrorsum,
1229 2791 1397 2848 incircuitu.
1417 2791 1458 2844 hd
1471 2791 1525 2844 boc
1538 2789 1625 2860 pedes
1639 2793 1702 2843 sunt
1715 2802 1846 2867 necessa-

205 2883 216 2908 ι
238 2861 282 2916 rii.
303 2861 358 2918 Sed
373 2863 463 2918 nullus
477 2863 591 2918 istorum
607 2871 697 2935 potest
711 2863 814 2919 mundo
829 2865 983 2932 convenire,
1002 2871 1078 2919 extra
1091 2880 1174 2934 quem
1195 2864 1287 2918 nullus
1303 2862 1377 2916 locus
1392 2868 1446 2915 est.
1470 2861 1558 2915 ιιοιεε
1571 2873 1627 2914 εεε
1640 2857 1744 2927 ιοεειιε,
1762 2874 1807 2928 εει
1818 2865 1847 2913 ει

206 2953 216 2978 ιι
239 2931 378 2988 rationalis
393 2933 501 3008 dicitur,
517 2934 586 2989 nlius
600 2933 840 3006 spiritualis,alius
850 2935 1004 3016 corporalis
1018 2942 1061 2989 est
1077 2952 1085 3000 3
1101 2935 1147 3006 εει
1162 2934 1305 2989 rationalis
1319 2938 1419 2997 motus,
1435 2929 1586 3001 corporalis
1601 2936 1692 3009 motus
1705 2928 1734 2983 in
1748 2928 1847 2984 eodem

207 3025 218 3049 ι
240 3003 299 3060 loco
314 3012 364 3068 est,
381 3003 409 3058 id
423 3005 582 3061 esthabere
596 3013 685 3076 partes
699 3004 789 3069 aliter,
806 3006 885 3062 simul
901 3022 928 3060 m
943 3021 976 3061 eo
991 3006 1052 3062 loco
1068 3005 1113 3077 qui
1136 3004 1309 3060 tirmamento
1322 3002 1459 3069 convenit,
1476 3001 1539 3072 quia
1552 3015 1605 3072 par
1617 3001 1691 3055 ilhus
1706 2999 1789 3055 modo
1803 3007 1846 3054 cst

208 3095 219 3120 ιι
241 3074 268 3129 ιε
283 3074 405 3140 Oriente,
421 3075 503 3132 modo
515 3075 542 3130 in
557 3076 708 3132 occidente.
724 3075 880 3146 Spirituatts
900 3091 964 3132 vero
979 3084 1068 3131 motus
1083 3075 1181 3131 animae
1194 3084 1235 3131 εει
1251 3094 1257 3132 :
1274 3080 1421 3129 moventur
1434 3072 1508 3128 enim
1523 3071 1559 3126 ad
1573 3070 1778 3142 inteligendum,
1785 3077 1844 3152 etc.

205 3166 216 3191 ιι
238 3147 279 3200 lta
294 3144 436 3202 rationalis
451 3155 539 3203 motus
554 3147 679 3203 convenit
702 3147 800 3202 animae
814 3156 841 3203 et
855 3147 1039 3213 firmamento,
1059 3145 1210 3216 spiritualia
1228 3145 1337 3210 animae,
1353 3151 1381 3199 et
1395 3144 1448 3199 boc
1471 3150 1514 3198 est
1529 3161 1537 3208 3
1562 3157 1614 3198 nec
1629 3141 1715 3212 pedes
1728 3141 1805 3196 duxit
1818 3155 1845 3195 ει

206 3237 216 3261 ι
238 3216 421 3282 εεεεεεειιοε,
437 3219 564 3290 εεοειεει
580 3218 682 3274 εεειιο
697 3217 779 3273 modo
792 3227 881 3276 motus
896 3218 990 3276 localis
1005 3218 1030 3274 ei
1045 3217 1216 3288 competebat
1231 3225 1259 3274 ut
1282 3214 1435 3289 expositum
1453 3220 1504 3282 εει,
1520 3214 1569 3270 red
1583 3213 1745 3280 rationalis,
1761 3211 1788 3267 id
1803 3220 1847 3267 εει

205 3307 216 3332 ι
239 3287 268 3342 in
283 3287 380 3344 eodem
391 3288 461 3356 loco,
478 3289 525 3362 qui
539 3289 638 3346 dicitur
651 3287 799 3345 rationalis.
