<?xml version="1.0" encoding="UTF-8"?>
<!DOCTYPE html PUBLIC "-//W3C//DTD XHTML 1.0 Transitional//EN"
    "http://www.w3.org/TR/xhtml1/DTD/xhtml1-transitional.dtd">
<html xmlns="http://www.w3.org/1999/xhtml" xml:lang="en" lang="en">
 <head>
  <title>
</title>
<meta http-equiv="Content-Type" content="text/html;charset=utf-8" />
  <meta name='ocr-system' content='tesseract 3.04.00' />
  <meta name='ocr-capabilities' content='ocr_page ocr_carea ocr_par ocr_line ocrx_word'/>
</head>
<body>
  <div class='ocr_page' id='page_1' title='image "./patrologiaecurs120unkngoog_0140.png"; bbox 0 0 3942 6067; ppageno 0'>
   <div class='ocr_carea' id='block_1_1' title="bbox 236 283 286 336">
    <p class='ocr_par' dir='ltr' id='par_1_1' title="bbox 236 283 286 336">
     <span class='ocr_line' id='line_1_1' title="bbox 236 283 286 336; baseline 0 0"><span class='ocrx_word' id='word_1_1' title='bbox 236 283 286 336; x_wconf 69' lang='lat' dir='ltr'><strong>Eli</strong></span> 
     </span>
    </p>
   </div>
   <div class='ocr_carea' id='block_1_2' title="bbox 576 259 1550 340">
    <p class='ocr_par' dir='ltr' id='par_1_2' title="bbox 576 259 1550 340">
     <span class='ocr_line' id='line_1_2' title="bbox 576 259 1550 340; baseline -0.004 -4"><span class='ocrx_word' id='word_1_2' title='bbox 576 281 725 340; x_wconf 83' lang='lat' dir='ltr'><strong>aoxoxu</strong></span> <span class='ocrx_word' id='word_1_3' title='bbox 745 267 996 336; x_wconf 80' lang='lat' dir='ltr'><strong>xueusrobun.</strong></span> <span class='ocrx_word' id='word_1_4' title='bbox 1017 267 1094 331; x_wconf 83' lang='lat' dir='ltr'><strong>err.</strong></span> <span class='ocrx_word' id='word_1_5' title='bbox 1115 259 1203 332; x_wconf 80' lang='lat' dir='ltr'><strong>exus</strong></span> <span class='ocrx_word' id='word_1_6' title='bbox 1222 265 1256 331; x_wconf 88' lang='lat' dir='ltr'><strong>ir.</strong></span> <span class='ocrx_word' id='word_1_7' title='bbox 1277 307 1312 318; x_wconf 88' lang='lat'>-</span> <span class='ocrx_word' id='word_1_8' title='bbox 1330 275 1550 334; x_wconf 85' lang='lat' dir='ltr'><strong>nxacnrrcx.</strong></span> 
     </span>
    </p>
   </div>
   <div class='ocr_carea' id='block_1_3' title="bbox 1839 280 1893 336">
    <p class='ocr_par' dir='ltr' id='par_1_3' title="bbox 1839 280 1893 336">
     <span class='ocr_line' id='line_1_3' title="bbox 1839 280 1893 336; baseline -0.037 0"><span class='ocrx_word' id='word_1_9' title='bbox 1839 280 1893 336; x_wconf 66' lang='lat'><strong>272</strong></span> 
     </span>
    </p>
   </div>
   <div class='ocr_carea' id='block_1_4' title="bbox 235 390 1894 470">
    <p class='ocr_par' dir='ltr' id='par_1_4' title="bbox 235 390 1894 470">
     <span class='ocr_line' id='line_1_4' title="bbox 235 390 1894 470; baseline -0.003 -15"><span class='ocrx_word' id='word_1_10' title='bbox 235 399 333 470; x_wconf 81' lang='lat' dir='ltr'>psalmi</span> <span class='ocrx_word' id='word_1_11' title='bbox 357 398 384 453; x_wconf 92' lang='lat' dir='ltr'><strong>in</strong></span> <span class='ocrx_word' id='word_1_12' title='bbox 408 398 523 454; x_wconf 81' lang='lat' dir='ltr'><strong>llebraea</strong></span> <span class='ocrx_word' id='word_1_13' title='bbox 544 397 637 468; x_wconf 77' lang='lat' dir='ltr'><strong>lingua</strong></span> <span class='ocrx_word' id='word_1_14' title='bbox 659 404 733 453; x_wconf 86' lang='lat' dir='ltr'><strong>certo</strong></span> <span class='ocrx_word' id='word_1_15' title='bbox 758 403 842 451; x_wconf 90' lang='lat' dir='ltr'><strong>metro</strong></span> <span class='ocrx_word' id='word_1_16' title='bbox 866 395 1032 450; x_wconf 88' lang='lat' dir='ltr'><strong>decurrunt:</strong></span> <span class='ocrx_word' id='word_1_17' title='bbox 1049 390 1079 453; x_wconf 83' lang='grc' dir='ltr'><strong>Α</strong></span> <span class='ocrx_word' id='word_1_18' title='bbox 1092 409 1171 448; x_wconf 89' lang='lat' dir='ltr'><strong>suurn</strong></span> <span class='ocrx_word' id='word_1_19' title='bbox 1183 393 1294 462; x_wconf 80' lang='lat' dir='ltr'><strong>jejuniis</strong></span> <span class='ocrx_word' id='word_1_20' title='bbox 1305 402 1333 448; x_wconf 91' lang='lat' dir='ltr'><strong>et</strong></span> <span class='ocrx_word' id='word_1_21' title='bbox 1346 393 1515 451; x_wconf 86' lang='lat' dir='ltr'><strong>orationibus</strong></span> <span class='ocrx_word' id='word_1_22' title='bbox 1529 393 1660 468; x_wconf 82' lang='lat' dir='ltr'><strong>affligere,</strong></span> <span class='ocrx_word' id='word_1_23' title='bbox 1673 403 1702 450; x_wconf 91' lang='lat' dir='ltr'><strong>ut</strong></span> <span class='ocrx_word' id='word_1_24' title='bbox 1711 395 1753 451; x_wconf 91' lang='lat' dir='ltr'><strong>sic</strong></span> <span class='ocrx_word' id='word_1_25' title='bbox 1764 395 1894 467; x_wconf 86' lang='lat' dir='ltr'><strong>superias</strong></span> 
     </span>
    </p>
   </div>
   <div class='ocr_carea' id='block_1_5' title="bbox 231 483 1042 3474">
    <p class='ocr_par' dir='ltr' id='par_1_5' title="bbox 233 483 1038 1094">
     <span class='ocr_line' id='line_1_5' title="bbox 236 483 1036 557; baseline -0.008 -14"><span class='ocrx_word' id='word_1_26' title='bbox 236 489 285 544; x_wconf 87' lang='lat' dir='ltr'><strong>sed</strong></span> <span class='ocrx_word' id='word_1_27' title='bbox 301 489 353 544; x_wconf 91' lang='lat' dir='ltr'><strong>boc</strong></span> <span class='ocrx_word' id='word_1_28' title='bbox 369 487 541 542; x_wconf 74' lang='lat' dir='ltr'><strong>translatores</strong></span> <span class='ocrx_word' id='word_1_29' title='bbox 564 494 677 557; x_wconf 91' lang='lat' dir='ltr'><strong>propter</strong></span> <span class='ocrx_word' id='word_1_30' title='bbox 695 485 835 556; x_wconf 83' lang='lat' dir='ltr'><strong>simplices</strong></span> <span class='ocrx_word' id='word_1_31' title='bbox 849 483 960 538; x_wconf 89' lang='lat' dir='ltr'><strong>minime</strong></span> <span class='ocrx_word' id='word_1_32' title='bbox 975 498 1036 539; x_wconf 89' lang='lat' dir='ltr'><strong>ser-</strong></span> 
     </span>
     <span class='ocr_line' id='line_1_6' title="bbox 235 572 1038 640; baseline -0.01 -6"><span class='ocrx_word' id='word_1_33' title='bbox 235 593 300 634; x_wconf 86' lang='lat' dir='ltr'><strong>rare</strong></span> <span class='ocrx_word' id='word_1_34' title='bbox 318 585 457 634; x_wconf 89' lang='lat' dir='ltr'><strong>curarunt.</strong></span> <span class='ocrx_word' id='word_1_35' title='bbox 482 574 584 630; x_wconf 77' lang='lat' dir='ltr'>Titulus</span> <span class='ocrx_word' id='word_1_36' title='bbox 603 583 694 629; x_wconf 85' lang='lat' dir='ltr'><strong>antem</strong></span> <span class='ocrx_word' id='word_1_37' title='bbox 716 573 816 630; x_wconf 90' lang='lat' dir='ltr'><strong>dicitur</strong></span> <span class='ocrx_word' id='word_1_38' title='bbox 837 589 853 628; x_wconf 91' lang='lat' dir='ltr'><strong>a</strong></span> <span class='ocrx_word' id='word_1_39' title='bbox 875 573 982 640; x_wconf 86' lang='lat' dir='ltr'><strong>Titane,</strong></span> <span class='ocrx_word' id='word_1_40' title='bbox 1010 572 1038 627; x_wconf 92' lang='lat' dir='ltr'><strong>id</strong></span> 
     </span>
     <span class='ocr_line' id='line_1_7' title="bbox 235 660 1037 736; baseline -0.01 -14"><span class='ocrx_word' id='word_1_41' title='bbox 235 675 278 722; x_wconf 87' lang='lat' dir='ltr'><strong>est</strong></span> <span class='ocrx_word' id='word_1_42' title='bbox 299 681 314 722; x_wconf 88' lang='lat' dir='ltr'><strong>a</strong></span> <span class='ocrx_word' id='word_1_43' title='bbox 336 665 393 721; x_wconf 92' lang='lat' dir='ltr'><strong>sole</strong></span> <span class='ocrx_word' id='word_1_44' title='bbox 412 684 418 720; x_wconf 93' lang='lat'>:</span> <span class='ocrx_word' id='word_1_45' title='bbox 434 663 495 736; x_wconf 87' lang='lat' dir='ltr'><strong>quia</strong></span> <span class='ocrx_word' id='word_1_46' title='bbox 515 662 584 718; x_wconf 89' lang='lat' dir='ltr'><strong>sicut</strong></span> <span class='ocrx_word' id='word_1_47' title='bbox 605 662 647 716; x_wconf 92' lang='lat' dir='ltr'><strong>sol</strong></span> <span class='ocrx_word' id='word_1_48' title='bbox 667 662 757 718; x_wconf 90' lang='lat' dir='ltr'><strong>oricus</strong></span> <span class='ocrx_word' id='word_1_49' title='bbox 783 661 915 717; x_wconf 88' lang='lat' dir='ltr'><strong>mundum</strong></span> <span class='ocrx_word' id='word_1_50' title='bbox 932 660 1037 716; x_wconf 91' lang='lat' dir='ltr'><strong>illumi-</strong></span> 
     </span>
     <span class='ocr_line' id='line_1_8' title="bbox 234 751 1038 824; baseline -0.007 -14"><span class='ocrx_word' id='word_1_51' title='bbox 234 765 290 822; x_wconf 89' lang='lat' dir='ltr'><strong>nat,</strong></span> <span class='ocrx_word' id='word_1_52' title='bbox 305 755 343 810; x_wconf 90' lang='lat' dir='ltr'><strong>ita</strong></span> <span class='ocrx_word' id='word_1_53' title='bbox 375 754 465 808; x_wconf 90' lang='lat' dir='ltr'><strong>titulus</strong></span> <span class='ocrx_word' id='word_1_54' title='bbox 485 769 602 824; x_wconf 89' lang='lat' dir='ltr'><strong>sequens</strong></span> <span class='ocrx_word' id='word_1_55' title='bbox 622 759 706 808; x_wconf 87' lang='lat' dir='ltr'><strong>totum</strong></span> <span class='ocrx_word' id='word_1_56' title='bbox 726 767 795 824; x_wconf 91' lang='lat' dir='ltr'><strong>opus</strong></span> <span class='ocrx_word' id='word_1_57' title='bbox 817 751 943 807; x_wconf 86' lang='lat' dir='ltr'><strong>illustrat.</strong></span> <span class='ocrx_word' id='word_1_58' title='bbox 967 751 1038 806; x_wconf 93' lang='lat' dir='ltr'><strong>luti-</strong></span> 
     </span>
     <span class='ocr_line' id='line_1_9' title="bbox 233 840 1038 913; baseline -0.01 -11"><span class='ocrx_word' id='word_1_59' title='bbox 233 845 332 902; x_wconf 88' lang='lat' dir='ltr'><strong>tulatur</strong></span> <span class='ocrx_word' id='word_1_60' title='bbox 346 843 426 900; x_wconf 78' lang='lat' dir='ltr'><strong>etima</strong></span> <span class='ocrx_word' id='word_1_61' title='bbox 451 841 520 898; x_wconf 89' lang='lat' dir='ltr'><strong>liber</strong></span> <span class='ocrx_word' id='word_1_62' title='bbox 537 841 750 913; x_wconf 69' lang='lat' dir='ltr'><strong>soliloquiorum</strong></span> <span class='ocrx_word' id='word_1_63' title='bbox 772 841 806 896; x_wconf 90' lang='lat' dir='ltr'><strong>de</strong></span> <span class='ocrx_word' id='word_1_64' title='bbox 834 840 951 905; x_wconf 90' lang='lat' dir='ltr'><strong>Christo,</strong></span> <span class='ocrx_word' id='word_1_65' title='bbox 973 840 1038 911; x_wconf 89' lang='lat' dir='ltr'><strong>quia</strong></span> 
     </span>
     <span class='ocr_line' id='line_1_10' title="bbox 233 928 1037 1005; baseline -0.006 -16"><span class='ocrx_word' id='word_1_66' title='bbox 233 935 338 1005; x_wconf 88' lang='lat' dir='ltr'><strong>absque</strong></span> <span class='ocrx_word' id='word_1_67' title='bbox 354 945 472 1002; x_wconf 89' lang='lat' dir='ltr'><strong>persona</strong></span> <span class='ocrx_word' id='word_1_68' title='bbox 487 929 607 1002; x_wconf 91' lang='lat' dir='ltr'><strong>loquitur</strong></span> <span class='ocrx_word' id='word_1_69' title='bbox 621 930 657 985; x_wconf 88' lang='lat' dir='ltr'><strong>de.</strong></span> <span class='ocrx_word' id='word_1_70' title='bbox 680 937 736 986; x_wconf 87' lang='lat' dir='ltr'><strong>toto</strong></span> <span class='ocrx_word' id='word_1_71' title='bbox 751 929 867 998; x_wconf 85' lang='lat' dir='ltr'><strong>Christo,</strong></span> <span class='ocrx_word' id='word_1_72' title='bbox 884 928 989 986; x_wconf 89' lang='lat' dir='ltr'><strong>scilicet</strong></span> <span class='ocrx_word' id='word_1_73' title='bbox 1003 929 1037 984; x_wconf 94' lang='lat' dir='ltr'><strong>de</strong></span> 
     </span>
     <span class='ocr_line' id='line_1_11' title="bbox 234 1023 508 1094; baseline -0.015 -16"><span class='ocrx_word' id='word_1_74' title='bbox 234 1023 322 1094; x_wconf 89' lang='lat' dir='ltr'><strong>capite</strong></span> <span class='ocrx_word' id='word_1_75' title='bbox 338 1029 364 1077; x_wconf 91' lang='grc' dir='ltr'><strong>ει</strong></span> <span class='ocrx_word' id='word_1_76' title='bbox 378 1035 508 1091; x_wconf 89' lang='lat' dir='ltr'><strong>corpore.</strong></span> 
     </span>
    </p>

    <p class='ocr_par' dir='ltr' id='par_1_6' title="bbox 231 1112 1039 1440">
     <span class='ocr_line' id='line_1_12' title="bbox 269 1112 1037 1186; baseline -0.003 -16"><span class='ocrx_word' id='word_1_77' title='bbox 269 1115 385 1172; x_wconf 76' lang='lat' dir='ltr'><strong>Intentio</strong></span> <span class='ocrx_word' id='word_1_78' title='bbox 401 1113 483 1169; x_wconf 89' lang='lat' dir='ltr'><strong>totius</strong></span> <span class='ocrx_word' id='word_1_79' title='bbox 501 1113 561 1168; x_wconf 89' lang='lat' dir='ltr'><strong>libri</strong></span> <span class='ocrx_word' id='word_1_80' title='bbox 578 1121 619 1168; x_wconf 97' lang='grc' dir='ltr'><strong>εει</strong></span> <span class='ocrx_word' id='word_1_81' title='bbox 642 1130 692 1170; x_wconf 84' lang='grc' dir='ltr'><strong>ηοε</strong></span> <span class='ocrx_word' id='word_1_82' title='bbox 712 1115 816 1170; x_wconf 87' lang='lat' dir='ltr'><strong>hortari</strong></span> <span class='ocrx_word' id='word_1_83' title='bbox 840 1131 890 1186; x_wconf 90' lang='lat' dir='ltr'><strong>per</strong></span> <span class='ocrx_word' id='word_1_84' title='bbox 909 1112 1037 1170; x_wconf 86' lang='lat' dir='ltr'><strong>imitatio·</strong></span> 
     </span>
     <span class='ocr_line' id='line_1_13' title="bbox 232 1201 1037 1275; baseline -0.006 -13"><span class='ocrx_word' id='word_1_85' title='bbox 232 1222 296 1262; x_wconf 88' lang='lat' dir='ltr'><strong>nem</strong></span> <span class='ocrx_word' id='word_1_86' title='bbox 319 1203 426 1260; x_wconf 91' lang='lat' dir='ltr'><strong>Christo</strong></span> <span class='ocrx_word' id='word_1_87' title='bbox 446 1201 613 1260; x_wconf 80' lang='lat' dir='ltr'><strong>conformari</strong></span> <span class='ocrx_word' id='word_1_88' title='bbox 630 1221 636 1258; x_wconf 90' lang='lat'>:</span> <span class='ocrx_word' id='word_1_89' title='bbox 654 1212 682 1258; x_wconf 91' lang='lat' dir='ltr'><strong>ut</strong></span> <span class='ocrx_word' id='word_1_90' title='bbox 705 1220 756 1275; x_wconf 93' lang='lat' dir='ltr'><strong>per</strong></span> <span class='ocrx_word' id='word_1_91' title='bbox 779 1203 869 1274; x_wconf 90' lang='lat' dir='ltr'><strong>ipsum</strong></span> <span class='ocrx_word' id='word_1_92' title='bbox 885 1204 1037 1260; x_wconf 85' lang='lat' dir='ltr'><strong>¹redeamus</strong></span> 
     </span>
     <span class='ocr_line' id='line_1_14' title="bbox 233 1291 1039 1366; baseline -0.006 -15"><span class='ocrx_word' id='word_1_93' title='bbox 233 1295 270 1351; x_wconf 87' lang='lat' dir='ltr'><strong>ad</strong></span> <span class='ocrx_word' id='word_1_94' title='bbox 284 1309 418 1351; x_wconf 88' lang='lat' dir='ltr'><strong>summam</strong></span> <span class='ocrx_word' id='word_1_95' title='bbox 432 1291 559 1366; x_wconf 81' lang='lat' dir='ltr'><strong>gloriam,</strong></span> <span class='ocrx_word' id='word_1_96' title='bbox 577 1307 630 1362; x_wconf 90' lang='lat' dir='ltr'><strong>qua</strong></span> <span class='ocrx_word' id='word_1_97' title='bbox 649 1309 698 1363; x_wconf 87' lang='lat' dir='ltr'><strong>per</strong></span> <span class='ocrx_word' id='word_1_98' title='bbox 722 1293 808 1347; x_wconf 81' lang='lat' dir='ltr'><strong>Adam</strong></span> <span class='ocrx_word' id='word_1_99' title='bbox 833 1291 938 1364; x_wconf 89' lang='lat' dir='ltr'><strong>perdita</strong></span> <span class='ocrx_word' id='word_1_100' title='bbox 960 1292 1039 1348; x_wconf 84' lang='lat' dir='ltr'><strong>reni·</strong></span> 
     </span>
     <span class='ocr_line' id='line_1_15' title="bbox 231 1380 652 1440; baseline -0.012 0"><span class='ocrx_word' id='word_1_101' title='bbox 231 1401 294 1440; x_wconf 92' lang='lat' dir='ltr'><strong>mus</strong></span> <span class='ocrx_word' id='word_1_102' title='bbox 308 1385 337 1439; x_wconf 90' lang='lat' dir='ltr'><strong>iu</strong></span> <span class='ocrx_word' id='word_1_103' title='bbox 351 1397 485 1438; x_wconf 88' lang='lat' dir='ltr'><strong>summam</strong></span> <span class='ocrx_word' id='word_1_104' title='bbox 499 1380 652 1436; x_wconf 86' lang='lat' dir='ltr'><strong>miseriam.</strong></span> 
     </span>
    </p>

    <p class='ocr_par' dir='ltr' id='par_1_7' title="bbox 234 1470 1038 1797">
     <span class='ocr_line' id='line_1_16' title="bbox 270 1470 1037 1537; baseline -0.005 -9"><span class='ocrx_word' id='word_1_105' title='bbox 270 1471 383 1528; x_wconf 78' lang='lat' dir='ltr'><strong>Materia</strong></span> <span class='ocrx_word' id='word_1_106' title='bbox 398 1479 441 1526; x_wconf 91' lang='lat' dir='ltr'><strong>est</strong></span> <span class='ocrx_word' id='word_1_107' title='bbox 456 1470 579 1524; x_wconf 89' lang='lat' dir='ltr'><strong>Christus</strong></span> <span class='ocrx_word' id='word_1_108' title='bbox 593 1481 621 1524; x_wconf 90' lang='lat' dir='ltr'><strong>et</strong></span> <span class='ocrx_word' id='word_1_109' title='bbox 636 1471 770 1534; x_wconf 86' lang='lat' dir='ltr'><strong>Ecclesia,</strong></span> <span class='ocrx_word' id='word_1_110' title='bbox 788 1471 930 1537; x_wconf 80' lang='lat' dir='ltr'><strong>theoriam,</strong></span> <span class='ocrx_word' id='word_1_111' title='bbox 948 1470 974 1526; x_wconf 92' lang='lat' dir='ltr'><strong>id</strong></span> <span class='ocrx_word' id='word_1_112' title='bbox 995 1479 1037 1526; x_wconf 90' lang='lat' dir='ltr'><strong>est</strong></span> 
     </span>
     <span class='ocr_line' id='line_1_17' title="bbox 234 1559 1038 1630; baseline -0.005 -12"><span class='ocrx_word' id='word_1_113' title='bbox 234 1563 334 1618; x_wconf 79' lang='lat' dir='ltr'><strong>divium</strong></span> <span class='ocrx_word' id='word_1_114' title='bbox 364 1560 484 1615; x_wconf 84' lang='lat' dir='ltr'><strong>scientim</strong></span> <span class='ocrx_word' id='word_1_115' title='bbox 509 1559 698 1630; x_wconf 71' lang='lat' dir='ltr'><strong>supponitur:</strong></span> <span class='ocrx_word' id='word_1_116' title='bbox 726 1561 840 1624; x_wconf 83' lang='lat' dir='ltr'><strong>utilitas,</strong></span> <span class='ocrx_word' id='word_1_117' title='bbox 871 1561 943 1616; x_wconf 89' lang='lat' dir='ltr'><strong>scire</strong></span> <span class='ocrx_word' id='word_1_118' title='bbox 973 1560 1038 1614; x_wconf 91' lang='lat' dir='ltr'><strong>ritia</strong></span> 
     </span>
     <span class='ocr_line' id='line_1_18' title="bbox 235 1646 1038 1720; baseline -0.004 -13"><span class='ocrx_word' id='word_1_119' title='bbox 235 1667 345 1712; x_wconf 76' lang='lat' dir='ltr'><strong>carcre,</strong></span> <span class='ocrx_word' id='word_1_120' title='bbox 371 1649 442 1704; x_wconf 88' lang='lat' dir='ltr'><strong>bona</strong></span> <span class='ocrx_word' id='word_1_121' title='bbox 468 1663 572 1720; x_wconf 86' lang='lat' dir='ltr'><strong>agere,·</strong></span> <span class='ocrx_word' id='word_1_122' title='bbox 600 1646 688 1703; x_wconf 82' lang='lat' dir='ltr'><strong>finalis</strong></span> <span class='ocrx_word' id='word_1_123' title='bbox 716 1664 811 1716; x_wconf 87' lang='lat' dir='ltr'><strong>causa,</strong></span> <span class='ocrx_word' id='word_1_124' title='bbox 840 1649 949 1720; x_wconf 88' lang='lat' dir='ltr'><strong>adeptio</strong></span> <span class='ocrx_word' id='word_1_125' title='bbox 976 1648 1038 1704; x_wconf 74' lang='lat' dir='ltr'><strong>sitm</strong></span> 
     </span>
     <span class='ocr_line' id='line_1_19' title="bbox 237 1750 355 1797; baseline -0.025 -1"><span class='ocrx_word' id='word_1_126' title='bbox 237 1750 355 1797; x_wconf 80' lang='lat' dir='ltr'><strong>aterum.</strong></span> 
     </span>
    </p>

    <p class='ocr_par' dir='ltr' id='par_1_8' title="bbox 235 1827 1042 2870">
     <span class='ocr_line' id='line_1_20' title="bbox 273 1827 1038 1898; baseline -0.003 -15"><span class='ocrx_word' id='word_1_127' title='bbox 273 1827 418 1883; x_wconf 88' lang='lat' dir='ltr'><strong>Daridrex</strong></span> <span class='ocrx_word' id='word_1_128' title='bbox 447 1837 475 1882; x_wconf 89' lang='lat' dir='ltr'><strong>ot</strong></span> <span class='ocrx_word' id='word_1_129' title='bbox 504 1827 634 1897; x_wconf 89' lang='lat' dir='ltr'><strong>propbeta</strong></span> <span class='ocrx_word' id='word_1_130' title='bbox 662 1843 760 1881; x_wconf 58' lang='lat' dir='ltr'><strong>omnrs</strong></span> <span class='ocrx_word' id='word_1_131' title='bbox 788 1827 908 1898; x_wconf 85' lang='lat' dir='ltr'><strong>psalmos</strong></span> <span class='ocrx_word' id='word_1_132' title='bbox 934 1827 1038 1898; x_wconf 86' lang='lat' dir='ltr'><strong>Spiritu</strong></span> 
     </span>
     <span class='ocr_line' id='line_1_21' title="bbox 237 1914 1040 1988; baseline -0.004 -16"><span class='ocrx_word' id='word_1_133' title='bbox 237 1927 331 1972; x_wconf 90' lang='lat' dir='ltr'><strong>sancto</strong></span> <span class='ocrx_word' id='word_1_134' title='bbox 346 1915 451 1970; x_wconf 87' lang='lat' dir='ltr'><strong>alllatas</strong></span> <span class='ocrx_word' id='word_1_135' title='bbox 465 1915 499 1970; x_wconf 93' lang='lat' dir='ltr'><strong>de</strong></span> <span class='ocrx_word' id='word_1_136' title='bbox 512 1914 621 1970; x_wconf 88' lang='lat' dir='ltr'><strong>Clrristo</strong></span> <span class='ocrx_word' id='word_1_137' title='bbox 643 1923 670 1970; x_wconf 91' lang='lat' dir='ltr'><strong>et</strong></span> <span class='ocrx_word' id='word_1_138' title='bbox 685 1914 809 1971; x_wconf 79' lang='lat' dir='ltr'><strong>Ecclesia</strong></span> <span class='ocrx_word' id='word_1_139' title='bbox 825 1917 989 1988; x_wconf 89' lang='lat' dir='ltr'><strong>composuit,</strong></span> <span class='ocrx_word' id='word_1_140' title='bbox 1006 1916 1040 1970; x_wconf 92' lang='lat' dir='ltr'><strong>ti-</strong></span> 
     </span>
     <span class='ocr_line' id='line_1_22' title="bbox 237 2003 1040 2078; baseline -0.005 -16"><span class='ocrx_word' id='word_1_141' title='bbox 237 2006 308 2062; x_wconf 89' lang='lat' dir='ltr'><strong>tulos</strong></span> <span class='ocrx_word' id='word_1_142' title='bbox 332 2003 410 2078; x_wconf 88' lang='lat' dir='ltr'><strong>quasi</strong></span> <span class='ocrx_word' id='word_1_143' title='bbox 440 2003 573 2076; x_wconf 88' lang='lat' dir='ltr'><strong>quasdam</strong></span> <span class='ocrx_word' id='word_1_144' title='bbox 596 2003 688 2059; x_wconf 86' lang='lat' dir='ltr'><strong>clares</strong></span> <span class='ocrx_word' id='word_1_145' title='bbox 712 2005 839 2075; x_wconf 88' lang='lat' dir='ltr'><strong>apposuit</strong></span> <span class='ocrx_word' id='word_1_146' title='bbox 857 2023 863 2058; x_wconf 91' lang='lat'><strong>:</strong></span> <span class='ocrx_word' id='word_1_147' title='bbox 884 2005 946 2078; x_wconf 86' lang='lat' dir='ltr'><strong>qaia</strong></span> <span class='ocrx_word' id='word_1_148' title='bbox 969 2005 1040 2060; x_wconf 92' lang='lat' dir='ltr'><strong>sicut</strong></span> 
     </span>
     <span class='ocr_line' id='line_1_23' title="bbox 235 2091 1040 2164; baseline -0.001 -14"><span class='ocrx_word' id='word_1_149' title='bbox 235 2097 317 2164; x_wconf 74' lang='lat' dir='ltr'><strong>ianus</strong></span> <span class='ocrx_word' id='word_1_150' title='bbox 340 2094 416 2150; x_wconf 75' lang='lat' dir='ltr'><strong>clrrre</strong></span> <span class='ocrx_word' id='word_1_151' title='bbox 445 2091 572 2163; x_wconf 89' lang='lat' dir='ltr'><strong>aperitur,</strong></span> <span class='ocrx_word' id='word_1_152' title='bbox 589 2091 626 2146; x_wconf 88' lang='lat' dir='ltr'><strong>ita</strong></span> <span class='ocrx_word' id='word_1_153' title='bbox 654 2093 731 2147; x_wconf 89' lang='lat' dir='ltr'><strong>titulo</strong></span> <span class='ocrx_word' id='word_1_154' title='bbox 758 2093 910 2150; x_wconf 87' lang='lat' dir='ltr'><strong>intellectus</strong></span> <span class='ocrx_word' id='word_1_155' title='bbox 938 2093 1040 2164; x_wconf 82' lang='lat' dir='ltr'><strong>psalmi</strong></span> 
     </span>
     <span class='ocr_line' id='line_1_24' title="bbox 238 2180 1039 2254; baseline -0.001 -15"><span class='ocrx_word' id='word_1_156' title='bbox 238 2192 384 2240; x_wconf 88' lang='lat' dir='ltr'><strong>reseratur.</strong></span> <span class='ocrx_word' id='word_1_157' title='bbox 404 2180 483 2252; x_wconf 88' lang='lat' dir='ltr'><strong>Quod</strong></span> <span class='ocrx_word' id='word_1_158' title='bbox 498 2181 608 2252; x_wconf 76' lang='lat' dir='ltr'><strong>(paridam</strong></span> <span class='ocrx_word' id='word_1_159' title='bbox 623 2181 721 2252; x_wconf 81' lang='lat' dir='ltr'><strong>psalmi</strong></span> <span class='ocrx_word' id='word_1_160' title='bbox 741 2183 790 2236; x_wconf 92' lang='lat' dir='ltr'><strong>sulr</strong></span> <span class='ocrx_word' id='word_1_161' title='bbox 811 2183 919 2238; x_wconf 90' lang='lat' dir='ltr'><strong>nomine</strong></span> <span class='ocrx_word' id='word_1_162' title='bbox 935 2184 1039 2254; x_wconf 74' lang='lat' dir='ltr'><strong>Araph,</strong></span> 
     </span>
     <span class='ocr_line' id='line_1_25' title="bbox 238 2269 1040 2339; baseline -0.002 -10"><span class='ocrx_word' id='word_1_163' title='bbox 238 2273 364 2339; x_wconf 86' lang='lat' dir='ltr'><strong>lelithern,</strong></span> <span class='ocrx_word' id='word_1_164' title='bbox 382 2272 476 2328; x_wconf 86' lang='lat' dir='ltr'><strong>Ethrrrr</strong></span> <span class='ocrx_word' id='word_1_165' title='bbox 501 2270 544 2326; x_wconf 89' lang='lat' dir='ltr'><strong>rel</strong></span> <span class='ocrx_word' id='word_1_166' title='bbox 568 2269 681 2325; x_wconf 90' lang='lat' dir='ltr'><strong>oliorum</strong></span> <span class='ocrx_word' id='word_1_167' title='bbox 705 2271 883 2338; x_wconf 88' lang='lat' dir='ltr'><strong>intitulentur,</strong></span> <span class='ocrx_word' id='word_1_168' title='bbox 900 2288 953 2326; x_wconf 92' lang='lat' dir='ltr'><strong>non</strong></span> <span class='ocrx_word' id='word_1_169' title='bbox 978 2272 1040 2327; x_wconf 88' lang='lat' dir='ltr'><strong>idco</strong></span> 
     </span>
     <span class='ocr_line' id='line_1_26' title="bbox 239 2358 1040 2434; baseline -0.001 -17"><span class='ocrx_word' id='word_1_170' title='bbox 239 2363 277 2424; x_wconf 81' lang='lat' dir='ltr'><strong>lit,</strong></span> <span class='ocrx_word' id='word_1_171' title='bbox 294 2362 358 2434; x_wconf 91' lang='lat' dir='ltr'><strong>quia</strong></span> <span class='ocrx_word' id='word_1_172' title='bbox 387 2359 438 2431; x_wconf 92' lang='lat' dir='ltr'><strong>ipsi</strong></span> <span class='ocrx_word' id='word_1_173' title='bbox 468 2374 518 2414; x_wconf 88' lang='lat' dir='ltr'><strong>cos</strong></span> <span class='ocrx_word' id='word_1_174' title='bbox 544 2358 701 2424; x_wconf 89' lang='lat' dir='ltr'><strong>ediderunt,</strong></span> <span class='ocrx_word' id='word_1_175' title='bbox 718 2360 767 2414; x_wconf 93' lang='lat' dir='ltr'><strong>sed</strong></span> <span class='ocrx_word' id='word_1_176' title='bbox 797 2368 824 2415; x_wconf 95' lang='lat' dir='ltr'><strong>ut</strong></span> <span class='ocrx_word' id='word_1_177' title='bbox 853 2361 1040 2432; x_wconf 79' lang='lat' dir='ltr'><strong>interpretatio</strong></span> 
     </span>
     <span class='ocr_line' id='line_1_27' title="bbox 238 2447 1040 2521; baseline -0.002 -15"><span class='ocrx_word' id='word_1_178' title='bbox 238 2452 378 2508; x_wconf 91' lang='lat' dir='ltr'><strong>nominum</strong></span> <span class='ocrx_word' id='word_1_179' title='bbox 403 2449 512 2503; x_wconf 89' lang='lat' dir='ltr'><strong>illorum</strong></span> <span class='ocrx_word' id='word_1_180' title='bbox 536 2449 691 2503; x_wconf 89' lang='lat' dir='ltr'><strong>denotetur.</strong></span> <span class='ocrx_word' id='word_1_181' title='bbox 710 2447 790 2518; x_wconf 85' lang='lat' dir='ltr'><strong>Quod</strong></span> <span class='ocrx_word' id='word_1_182' title='bbox 814 2458 904 2504; x_wconf 87' lang='lat' dir='ltr'><strong>autem</strong></span> <span class='ocrx_word' id='word_1_183' title='bbox 927 2450 1040 2521; x_wconf 90' lang='lat' dir='ltr'><strong>quidam</strong></span> 
     </span>
     <span class='ocr_line' id='line_1_28' title="bbox 237 2533 1041 2605; baseline -0.005 -13"><span class='ocrx_word' id='word_1_184' title='bbox 237 2535 498 2604; x_wconf 80' lang='lat' dir='ltr'><strong>rroruinibusrlpperi</strong></span> <span class='ocrx_word' id='word_1_185' title='bbox 527 2540 553 2586; x_wconf 90' lang='lat' dir='ltr'><strong>et</strong></span> <span class='ocrx_word' id='word_1_186' title='bbox 581 2533 726 2588; x_wconf 76' lang='lat' dir='ltr'><strong>Zachariae</strong></span> <span class='ocrx_word' id='word_1_187' title='bbox 754 2533 878 2604; x_wconf 90' lang='lat' dir='ltr'><strong>inscripti</strong></span> <span class='ocrx_word' id='word_1_188' title='bbox 907 2536 1041 2605; x_wconf 82' lang='lat' dir='ltr'><strong>sunt,qui</strong></span> 
     </span>
     <span class='ocr_line' id='line_1_29' title="bbox 238 2614 1040 2692; baseline -0.002 -16"><span class='ocrx_word' id='word_1_189' title='bbox 238 2623 319 2692; x_wconf 62' lang='lat' dir='ltr'><strong>longe</strong></span> <span class='ocrx_word' id='word_1_190' title='bbox 343 2626 405 2690; x_wconf 89' lang='lat' dir='ltr'><strong>post</strong></span> <span class='ocrx_word' id='word_1_191' title='bbox 432 2617 519 2672; x_wconf 86' lang='lat' dir='ltr'><strong>David</strong></span> <span class='ocrx_word' id='word_1_192' title='bbox 550 2614 677 2686; x_wconf 75' lang='lat' dir='ltr'><strong>luerunt,</strong></span> <span class='ocrx_word' id='word_1_193' title='bbox 708 2616 848 2673; x_wconf 89' lang='lat' dir='ltr'><strong>declarant</strong></span> <span class='ocrx_word' id='word_1_194' title='bbox 875 2618 1040 2674; x_wconf 88' lang='lat' dir='ltr'><strong>minil&#39;estam</strong></span> 
     </span>
     <span class='ocr_line' id='line_1_30' title="bbox 238 2703 1042 2778; baseline -0.004 -14"><span class='ocrx_word' id='word_1_195' title='bbox 238 2709 323 2765; x_wconf 87' lang='lat' dir='ltr'><strong>sarroti</strong></span> <span class='ocrx_word' id='word_1_196' title='bbox 338 2706 458 2778; x_wconf 87' lang='lat' dir='ltr'><strong>Spiritus</strong></span> <span class='ocrx_word' id='word_1_197' title='bbox 471 2703 685 2776; x_wconf 89' lang='lat' dir='ltr'><strong>inspirationem,</strong></span> <span class='ocrx_word' id='word_1_198' title='bbox 710 2707 753 2760; x_wconf 91' lang='lat' dir='ltr'><strong>cui</strong></span> <span class='ocrx_word' id='word_1_199' title='bbox 769 2706 858 2763; x_wconf 87' lang='lat' dir='ltr'><strong>omnia</strong></span> <span class='ocrx_word' id='word_1_200' title='bbox 878 2707 964 2762; x_wconf 89' lang='lat' dir='ltr'><strong>lutura</strong></span> <span class='ocrx_word' id='word_1_201' title='bbox 979 2716 1042 2763; x_wconf 90' lang='lat' dir='ltr'><strong>sunt</strong></span> 
     </span>
     <span class='ocr_line' id='line_1_31' title="bbox 239 2797 400 2870; baseline -0.019 -18"><span class='ocrx_word' id='word_1_202' title='bbox 239 2797 400 2870; x_wconf 67' lang='lat' dir='ltr'><strong>praesentia.</strong></span> 
     </span>
    </p>

    <p class='ocr_par' dir='ltr' id='par_1_9' title="bbox 237 2882 1042 3474">
     <span class='ocr_line' id='line_1_32' title="bbox 273 2882 1042 2956; baseline 0 -16"><span class='ocrx_word' id='word_1_203' title='bbox 273 2884 327 2954; x_wconf 85' lang='lat' dir='ltr'><strong>Qui</strong></span> <span class='ocrx_word' id='word_1_204' title='bbox 341 2893 366 2940; x_wconf 92' lang='lat' dir='ltr'><strong>et</strong></span> <span class='ocrx_word' id='word_1_205' title='bbox 381 2899 478 2939; x_wconf 90' lang='lat' dir='ltr'><strong>nomen</strong></span> <span class='ocrx_word' id='word_1_206' title='bbox 493 2882 576 2938; x_wconf 78' lang='lat' dir='ltr'><strong>toste</strong></span> <span class='ocrx_word' id='word_1_207' title='bbox 593 2883 665 2956; x_wconf 83' lang='lat' dir='ltr'><strong>regis</strong></span> <span class='ocrx_word' id='word_1_208' title='bbox 682 2882 763 2956; x_wconf 76' lang='lat' dir='ltr'><strong>longe</strong></span> <span class='ocrx_word' id='word_1_209' title='bbox 786 2892 849 2939; x_wconf 91' lang='lat' dir='ltr'><strong>ante</strong></span> <span class='ocrx_word' id='word_1_210' title='bbox 864 2885 999 2956; x_wconf 85' lang='lat' dir='ltr'><strong>praedixit,</strong></span> <span class='ocrx_word' id='word_1_211' title='bbox 1016 2895 1042 2940; x_wconf 86' lang='lat' dir='ltr'><strong>et</strong></span> 
     </span>
     <span class='ocr_line' id='line_1_33' title="bbox 239 2971 1041 3046; baseline -0.004 -15"><span class='ocrx_word' id='word_1_212' title='bbox 239 2977 327 3031; x_wconf 88' lang='lat' dir='ltr'><strong>lutura</strong></span> <span class='ocrx_word' id='word_1_213' title='bbox 353 2973 451 3029; x_wconf 88' lang='lat' dir='ltr'><strong>Christi</strong></span> <span class='ocrx_word' id='word_1_214' title='bbox 475 2971 618 3042; x_wconf 68' lang='lat' dir='ltr'><strong>mysterio,</strong></span> <span class='ocrx_word' id='word_1_215' title='bbox 642 2981 668 3026; x_wconf 88' lang='lat' dir='ltr'><strong>nt</strong></span> <span class='ocrx_word' id='word_1_216' title='bbox 691 2980 787 3042; x_wconf 86' lang='lat' dir='ltr'><strong>postea</strong></span> <span class='ocrx_word' id='word_1_217' title='bbox 807 2973 991 3046; x_wconf 78' lang='lat' dir='ltr'><strong>contigerunt,</strong></span> <span class='ocrx_word' id='word_1_218' title='bbox 1014 2975 1041 3028; x_wconf 95' lang='lat' dir='ltr'><strong>in</strong></span> 
     </span>
     <span class='ocr_line' id='line_1_34' title="bbox 237 3059 1040 3135; baseline -0.004 -16"><span class='ocrx_word' id='word_1_219' title='bbox 237 3064 352 3135; x_wconf 91' lang='lat' dir='ltr'><strong>psalmis</strong></span> <span class='ocrx_word' id='word_1_220' title='bbox 367 3059 526 3131; x_wconf 87' lang='lat' dir='ltr'><strong>descripsit.</strong></span> <span class='ocrx_word' id='word_1_221' title='bbox 549 3060 633 3114; x_wconf 80' lang='lat' dir='ltr'><strong>l’crro</strong></span> <span class='ocrx_word' id='word_1_222' title='bbox 649 3060 760 3116; x_wconf 86' lang='lat' dir='ltr'><strong>trecenti</strong></span> <span class='ocrx_word' id='word_1_223' title='bbox 780 3061 828 3117; x_wconf 89' lang='lat' dir='ltr'><strong>viri</strong></span> <span class='ocrx_word' id='word_1_224' title='bbox 846 3061 953 3118; x_wconf 84' lang='lat' dir='ltr'><strong>luerunt</strong></span> <span class='ocrx_word' id='word_1_225' title='bbox 968 3064 1040 3118; x_wconf 87' lang='lat' dir='ltr'><strong>ordi-</strong></span> 
     </span>
     <span class='ocr_line' id='line_1_35' title="bbox 238 3149 1036 3221; baseline -0.003 -13"><span class='ocrx_word' id='word_1_226' title='bbox 238 3153 293 3208; x_wconf 90' lang='lat' dir='ltr'><strong>nati</strong></span> <span class='ocrx_word' id='word_1_227' title='bbox 309 3152 348 3207; x_wconf 78' lang='lat' dir='ltr'><strong>ad&#39;</strong></span> <span class='ocrx_word' id='word_1_228' title='bbox 359 3149 552 3206; x_wconf 88' lang='lat' dir='ltr'><strong>modulandum</strong></span> <span class='ocrx_word' id='word_1_229' title='bbox 570 3149 621 3204; x_wconf 91' lang='lat' dir='ltr'><strong>boc</strong></span> <span class='ocrx_word' id='word_1_230' title='bbox 636 3165 706 3220; x_wconf 92' lang='lat' dir='ltr'><strong>opus</strong></span> <span class='ocrx_word' id='word_1_231' title='bbox 720 3158 781 3205; x_wconf 88' lang='lat' dir='ltr'><strong>ante</strong></span> <span class='ocrx_word' id='word_1_232' title='bbox 803 3166 896 3206; x_wconf 87' lang='lat' dir='ltr'><strong>arcam</strong></span> <span class='ocrx_word' id='word_1_233' title='bbox 917 3153 1036 3221; x_wconf 87' lang='lat' dir='ltr'><strong>Domini,</strong></span> 
     </span>
     <span class='ocr_line' id='line_1_36' title="bbox 239 3242 1039 3313; baseline 0.001 -18"><span class='ocrx_word' id='word_1_234' title='bbox 239 3242 338 3313; x_wconf 89' lang='lat' dir='ltr'><strong>quibus</strong></span> <span class='ocrx_word' id='word_1_235' title='bbox 352 3249 468 3312; x_wconf 87' lang='lat' dir='ltr'><strong>quatuor</strong></span> <span class='ocrx_word' id='word_1_236' title='bbox 488 3245 672 3307; x_wconf 73' lang='lat' dir='ltr'><strong>praecentores</strong></span> <span class='ocrx_word' id='word_1_237' title='bbox 693 3247 837 3309; x_wconf 82' lang='lat' dir='ltr'><strong>praeerant,</strong></span> <span class='ocrx_word' id='word_1_238' title='bbox 855 3242 957 3312; x_wconf 81' lang='lat' dir='ltr'><strong>Asaplr,</strong></span> <span class='ocrx_word' id='word_1_239' title='bbox 984 3242 1039 3296; x_wconf 93' lang='lat' dir='ltr'><strong>ldi-</strong></span> 
     </span>
     <span class='ocr_line' id='line_1_37' title="bbox 240 3327 1040 3400; baseline -0.001 -15"><span class='ocrx_word' id='word_1_240' title='bbox 240 3332 315 3393; x_wconf 87' lang='lat' dir='ltr'><strong>tlrun,</strong></span> <span class='ocrx_word' id='word_1_241' title='bbox 334 3330 420 3384; x_wconf 88' lang='lat' dir='ltr'><strong>Etlran</strong></span> <span class='ocrx_word' id='word_1_242' title='bbox 435 3335 461 3383; x_wconf 89' lang='lat' dir='ltr'><strong>et</strong></span> <span class='ocrx_word' id='word_1_243' title='bbox 479 3327 600 3388; x_wconf 89' lang='lat' dir='ltr'><strong>lleman;</strong></span> <span class='ocrx_word' id='word_1_244' title='bbox 625 3327 696 3382; x_wconf 91' lang='lat' dir='ltr'><strong>unde</strong></span> <span class='ocrx_word' id='word_1_245' title='bbox 715 3337 740 3383; x_wconf 91' lang='lat' dir='ltr'><strong>et</strong></span> <span class='ocrx_word' id='word_1_246' title='bbox 760 3327 870 3400; x_wconf 88' lang='lat' dir='ltr'><strong>qnidam</strong></span> <span class='ocrx_word' id='word_1_247' title='bbox 887 3330 984 3400; x_wconf 88' lang='lat' dir='ltr'><strong>psalmi</strong></span> <span class='ocrx_word' id='word_1_248' title='bbox 1001 3332 1040 3385; x_wconf 90' lang='lat' dir='ltr'><strong>eis</strong></span> 
     </span>
     <span class='ocr_line' id='line_1_38' title="bbox 238 3418 420 3474; baseline -0.022 0"><span class='ocrx_word' id='word_1_249' title='bbox 238 3418 420 3474; x_wconf 84' lang='lat' dir='ltr'><strong>attitulantur.</strong></span> 
     </span>
    </p>
   </div>
   <div class='ocr_carea' id='block_1_6' title="bbox 421 3541 857 3615">
    <p class='ocr_par' dir='ltr' id='par_1_10' title="bbox 421 3541 857 3615">
     <span class='ocr_line' id='line_1_39' title="bbox 421 3541 857 3615; baseline -0.005 -15"><span class='ocrx_word' id='word_1_250' title='bbox 421 3547 460 3600; x_wconf 89' lang='lat' dir='ltr'><strong>Dc</strong></span> <span class='ocrx_word' id='word_1_251' title='bbox 476 3541 656 3601; x_wconf 84' lang='lat' dir='ltr'><strong>ordinatione</strong></span> <span class='ocrx_word' id='word_1_252' title='bbox 669 3545 857 3615; x_wconf 82' lang='lat' dir='ltr'><strong>prutenorum.</strong></span> 
     </span>
    </p>
   </div>
   <div class='ocr_carea' id='block_1_7' title="bbox 237 3674 1042 4551">
    <p class='ocr_par' dir='ltr' id='par_1_11' title="bbox 237 3674 1042 4551">
     <span class='ocr_line' id='line_1_40' title="bbox 276 3674 1039 3748; baseline 0 -14"><span class='ocrx_word' id='word_1_253' title='bbox 276 3675 375 3734; x_wconf 84' lang='lat' dir='ltr'><strong>l&#39;salmi</strong></span> <span class='ocrx_word' id='word_1_254' title='bbox 389 3691 444 3732; x_wconf 91' lang='lat' dir='ltr'><strong>non</strong></span> <span class='ocrx_word' id='word_1_255' title='bbox 458 3674 615 3742; x_wconf 83' lang='lat' dir='ltr'><strong>ordinatim,</strong></span> <span class='ocrx_word' id='word_1_256' title='bbox 632 3675 680 3731; x_wconf 89' lang='lat' dir='ltr'><strong>sed</strong></span> <span class='ocrx_word' id='word_1_257' title='bbox 695 3676 816 3748; x_wconf 82' lang='lat' dir='ltr'><strong>sparsim</strong></span> <span class='ocrx_word' id='word_1_258' title='bbox 833 3683 895 3733; x_wconf 88' lang='lat' dir='ltr'><strong>sunt</strong></span> <span class='ocrx_word' id='word_1_259' title='bbox 919 3693 934 3732; x_wconf 87' lang='lat' dir='ltr'><strong>a</strong></span> <span class='ocrx_word' id='word_1_260' title='bbox 952 3679 1039 3735; x_wconf 78' lang='lat' dir='ltr'><strong>Dauid</strong></span> 
     </span>
     <span class='ocr_line' id='line_1_41' title="bbox 239 3765 1040 3842; baseline -0.004 -17"><span class='ocrx_word' id='word_1_261' title='bbox 239 3767 399 3839; x_wconf 89' lang='lat' dir='ltr'><strong>conscripti.</strong></span> <span class='ocrx_word' id='word_1_262' title='bbox 420 3767 482 3821; x_wconf 87' lang='lat' dir='ltr'><strong>Post</strong></span> <span class='ocrx_word' id='word_1_263' title='bbox 498 3765 637 3821; x_wconf 86' lang='lat' dir='ltr'><strong>incensam</strong></span> <span class='ocrx_word' id='word_1_264' title='bbox 653 3771 741 3820; x_wconf 90' lang='lat' dir='ltr'><strong>nutem</strong></span> <span class='ocrx_word' id='word_1_265' title='bbox 757 3781 773 3820; x_wconf 89' lang='lat' dir='ltr'><strong>a</strong></span> <span class='ocrx_word' id='word_1_266' title='bbox 798 3767 935 3823; x_wconf 79' lang='lat' dir='ltr'><strong>Chaldaeis</strong></span> <span class='ocrx_word' id='word_1_267' title='bbox 951 3769 1040 3842; x_wconf 84' lang='lat' dir='ltr'><strong>legem</strong></span> 
     </span>
     <span class='ocr_line' id='line_1_42' title="bbox 238 3854 1040 3929; baseline -0.001 -15"><span class='ocrx_word' id='word_1_268' title='bbox 238 3858 342 3914; x_wconf 87' lang='lat' dir='ltr'><strong>Esdras</strong></span> <span class='ocrx_word' id='word_1_269' title='bbox 358 3855 492 3928; x_wconf 87' lang='lat' dir='ltr'><strong>propbeta</strong></span> <span class='ocrx_word' id='word_1_270' title='bbox 506 3869 592 3910; x_wconf 67' lang='lat' dir='ltr'><strong>notras</strong></span> <span class='ocrx_word' id='word_1_271' title='bbox 614 3854 717 3909; x_wconf 85' lang='lat' dir='ltr'><strong>litteras</strong></span> <span class='ocrx_word' id='word_1_272' title='bbox 738 3854 851 3923; x_wconf 86' lang='lat' dir='ltr'><strong>invenit,</strong></span> <span class='ocrx_word' id='word_1_273' title='bbox 880 3857 969 3929; x_wconf 74' lang='lat' dir='ltr'><strong>legem</strong></span> <span class='ocrx_word' id='word_1_274' title='bbox 994 3875 1040 3913; x_wconf 90' lang='lat' dir='ltr'><strong>re-</strong></span> 
     </span>
     <span class='ocr_line' id='line_1_43' title="bbox 237 3941 1039 4019; baseline -0.001 -17"><span class='ocrx_word' id='word_1_275' title='bbox 237 3946 356 4012; x_wconf 84' lang='lat' dir='ltr'><strong>novarit,</strong></span> <span class='ocrx_word' id='word_1_276' title='bbox 374 3945 494 4016; x_wconf 88' lang='lat' dir='ltr'><strong>psalmos</strong></span> <span class='ocrx_word' id='word_1_277' title='bbox 509 3943 536 3998; x_wconf 90' lang='lat' dir='ltr'><strong>iu</strong></span> <span class='ocrx_word' id='word_1_278' title='bbox 560 3959 643 3997; x_wconf 91' lang='lat' dir='ltr'><strong>unum</strong></span> <span class='ocrx_word' id='word_1_279' title='bbox 668 3941 796 4000; x_wconf 84' lang='lat' dir='ltr'><strong>volumen</strong></span> <span class='ocrx_word' id='word_1_280' title='bbox 818 3945 936 4019; x_wconf 83' lang='lat' dir='ltr'><strong>redegit,</strong></span> <span class='ocrx_word' id='word_1_281' title='bbox 963 3947 1039 4002; x_wconf 89' lang='lat' dir='ltr'><strong>ordi·</strong></span> 
     </span>
     <span class='ocr_line' id='line_1_44' title="bbox 237 4031 1040 4105; baseline 0.001 -15"><span class='ocrx_word' id='word_1_282' title='bbox 237 4051 300 4091; x_wconf 91' lang='lat' dir='ltr'><strong>uem</strong></span> <span class='ocrx_word' id='word_1_283' title='bbox 316 4035 351 4090; x_wconf 93' lang='lat' dir='ltr'><strong>ob</strong></span> <span class='ocrx_word' id='word_1_284' title='bbox 366 4041 457 4090; x_wconf 89' lang='lat' dir='ltr'><strong>certas</strong></span> <span class='ocrx_word' id='word_1_285' title='bbox 470 4048 567 4088; x_wconf 90' lang='lat' dir='ltr'><strong>causas</strong></span> <span class='ocrx_word' id='word_1_286' title='bbox 582 4031 666 4098; x_wconf 85' lang='lat' dir='ltr'><strong>dedit,</strong></span> <span class='ocrx_word' id='word_1_287' title='bbox 690 4031 784 4087; x_wconf 91' lang='lat' dir='ltr'><strong>titulos</strong></span> <span class='ocrx_word' id='word_1_288' title='bbox 800 4033 876 4105; x_wconf 89' lang='lat' dir='ltr'><strong>quasi</strong></span> <span class='ocrx_word' id='word_1_289' title='bbox 896 4035 990 4090; x_wconf 87' lang='lat' dir='ltr'><strong>clares</strong></span> <span class='ocrx_word' id='word_1_290' title='bbox 1004 4037 1040 4091; x_wconf 85' lang='lat' dir='ltr'><strong>ad</strong></span> 
     </span>
     <span class='ocr_line' id='line_1_45' title="bbox 238 4119 1039 4196; baseline -0.001 -16"><span class='ocrx_word' id='word_1_291' title='bbox 238 4123 385 4180; x_wconf 88' lang='lat' dir='ltr'><strong>reseranda</strong></span> <span class='ocrx_word' id='word_1_292' title='bbox 399 4120 506 4177; x_wconf 90' lang='lat' dir='ltr'><strong>occulta</strong></span> <span class='ocrx_word' id='word_1_293' title='bbox 520 4120 649 4192; x_wconf 82' lang='lat' dir='ltr'><strong>mysteria</strong></span> <span class='ocrx_word' id='word_1_294' title='bbox 664 4119 757 4176; x_wconf 84' lang='lat' dir='ltr'><strong>affixit.</strong></span> <span class='ocrx_word' id='word_1_295' title='bbox 773 4123 900 4177; x_wconf 87' lang='lat' dir='ltr'><strong>Traditur</strong></span> <span class='ocrx_word' id='word_1_296' title='bbox 910 4139 1039 4196; x_wconf 88' lang='lat' dir='ltr'><strong>namque,</strong></span> 
     </span>
     <span class='ocr_line' id='line_1_46' title="bbox 239 4207 1041 4284; baseline 0.004 -17"><span class='ocrx_word' id='word_1_297' title='bbox 239 4213 313 4284; x_wconf 92' lang='lat' dir='ltr'><strong>quod</strong></span> <span class='ocrx_word' id='word_1_298' title='bbox 337 4211 422 4266; x_wconf 87' lang='lat' dir='ltr'><strong>Darid</strong></span> <span class='ocrx_word' id='word_1_299' title='bbox 446 4209 588 4280; x_wconf 88' lang='lat' dir='ltr'><strong>inprimis</strong></span> <span class='ocrx_word' id='word_1_300' title='bbox 610 4207 778 4266; x_wconf 81' lang='lat' dir='ltr'><strong>Benedictus</strong></span> <span class='ocrx_word' id='word_1_301' title='bbox 800 4213 938 4268; x_wconf 82' lang='lat' dir='ltr'><strong>Donrinus</strong></span> <span class='ocrx_word' id='word_1_302' title='bbox 968 4213 1041 4269; x_wconf 85' lang='lat' dir='ltr'><strong>Deus</strong></span> 
     </span>
     <span class='ocr_line' id='line_1_47' title="bbox 238 4296 1042 4370; baseline 0.006 -16"><span class='ocrx_word' id='word_1_303' title='bbox 238 4317 317 4356; x_wconf 81' lang='lat' dir='ltr'><strong>eurus</strong></span> <span class='ocrx_word' id='word_1_304' title='bbox 333 4299 465 4362; x_wconf 91' lang='lat' dir='ltr'><strong>ediderit;</strong></span> <span class='ocrx_word' id='word_1_305' title='bbox 481 4297 530 4352; x_wconf 90' lang='lat' dir='ltr'><strong>sed</strong></span> <span class='ocrx_word' id='word_1_306' title='bbox 546 4296 651 4352; x_wconf 88' lang='lat' dir='ltr'><strong>Esdras</strong></span> <span class='ocrx_word' id='word_1_307' title='bbox 667 4306 778 4368; x_wconf 90' lang='lat' dir='ltr'><strong>propter</strong></span> <span class='ocrx_word' id='word_1_308' title='bbox 792 4301 951 4370; x_wconf 81' lang='lat' dir='ltr'><strong>mysterium</strong></span> <span class='ocrx_word' id='word_1_309' title='bbox 973 4304 1042 4358; x_wconf 84' lang='lat' dir='ltr'><strong>Bra·</strong></span> 
     </span>
     <span class='ocr_line' id='line_1_48' title="bbox 239 4385 1042 4462; baseline 0 -16"><span class='ocrx_word' id='word_1_310' title='bbox 239 4396 285 4446; x_wconf 81' lang='lat' dir='ltr'><strong>trra</strong></span> <span class='ocrx_word' id='word_1_311' title='bbox 300 4389 343 4444; x_wconf 86' lang='lat' dir='ltr'><strong>rrir</strong></span> <span class='ocrx_word' id='word_1_312' title='bbox 356 4387 473 4459; x_wconf 90' lang='lat' dir='ltr'><strong>primum</strong></span> <span class='ocrx_word' id='word_1_313' title='bbox 488 4385 587 4441; x_wconf 80' lang='lat' dir='ltr'><strong>deinde</strong></span> <span class='ocrx_word' id='word_1_314' title='bbox 603 4392 716 4441; x_wconf 74' lang='lat' dir='ltr'><strong>caeteros</strong></span> <span class='ocrx_word' id='word_1_315' title='bbox 732 4386 758 4440; x_wconf 92' lang='lat' dir='ltr'><strong>in</strong></span> <span class='ocrx_word' id='word_1_316' title='bbox 781 4389 879 4446; x_wconf 88' lang='lat' dir='ltr'><strong>ordinc</strong></span> <span class='ocrx_word' id='word_1_317' title='bbox 893 4401 1042 4462; x_wconf 90' lang='lat' dir='ltr'><strong>sequentes</strong></span> 
     </span>
     <span class='ocr_line' id='line_1_49' title="bbox 240 4477 370 4551; baseline -0.023 -17"><span class='ocrx_word' id='word_1_318' title='bbox 240 4477 370 4551; x_wconf 87' lang='lat' dir='ltr'><strong>posuerit.</strong></span> 
     </span>
    </p>
   </div>
   <div class='ocr_carea' id='block_1_8' title="bbox 399 4605 876 4682">
    <p class='ocr_par' dir='ltr' id='par_1_12' title="bbox 399 4605 876 4682">
     <span class='ocr_line' id='line_1_50' title="bbox 399 4605 876 4682; baseline 0.01 -23"><span class='ocrx_word' id='word_1_319' title='bbox 399 4605 437 4661; x_wconf 85' lang='lat' dir='ltr'><strong>Dc</strong></span> <span class='ocrx_word' id='word_1_320' title='bbox 451 4607 544 4675; x_wconf 82' lang='lat' dir='ltr'><strong>[crura</strong></span> <span class='ocrx_word' id='word_1_321' title='bbox 558 4608 615 4664; x_wconf 82' lang='lat' dir='ltr'><strong>siro</strong></span> <span class='ocrx_word' id='word_1_322' title='bbox 628 4608 721 4680; x_wconf 83' lang='lat' dir='ltr'><strong>fipura</strong></span> <span class='ocrx_word' id='word_1_323' title='bbox 736 4609 876 4682; x_wconf 79' lang='lat' dir='ltr'><strong>psalterii.</strong></span> 
     </span>
    </p>
   </div>
   <div class='ocr_carea' id='block_1_9' title="bbox 278 4748 1041 4820">
    <p class='ocr_par' dir='ltr' id='par_1_13' title="bbox 278 4748 1041 4820">
     <span class='ocr_line' id='line_1_51' title="bbox 278 4748 1041 4820; baseline 0 -16"><span class='ocrx_word' id='word_1_324' title='bbox 278 4748 449 4814; x_wconf 85' lang='lat' dir='ltr'><strong>Psalterium,</strong></span> <span class='ocrx_word' id='word_1_325' title='bbox 467 4749 540 4820; x_wconf 91' lang='lat' dir='ltr'><strong>qaod</strong></span> <span class='ocrx_word' id='word_1_326' title='bbox 555 4750 691 4806; x_wconf 89' lang='lat' dir='ltr'><strong>Christum</strong></span> <span class='ocrx_word' id='word_1_327' title='bbox 707 4760 733 4807; x_wconf 91' lang='lat' dir='ltr'><strong>et</strong></span> <span class='ocrx_word' id='word_1_328' title='bbox 749 4751 901 4808; x_wconf 84' lang='lat' dir='ltr'><strong>Ecclesiam</strong></span> <span class='ocrx_word' id='word_1_329' title='bbox 913 4751 1041 4815; x_wconf 91' lang='lat' dir='ltr'><strong>concinit,</strong></span> 
     </span>
    </p>
   </div>
   <div class='ocr_carea' id='block_1_10' title="bbox 242 4839 1044 4996">
    <p class='ocr_par' dir='ltr' id='par_1_14' title="bbox 242 4839 1044 4996">
     <span class='ocr_line' id='line_1_52' title="bbox 242 4839 1044 4912; baseline 0 -18"><span class='ocrx_word' id='word_1_330' title='bbox 242 4839 329 4894; x_wconf 89' lang='lat' dir='ltr'><strong>sonna</strong></span> <span class='ocrx_word' id='word_1_331' title='bbox 343 4853 392 4893; x_wconf 89' lang='lat' dir='ltr'><strong>sua</strong></span> <span class='ocrx_word' id='word_1_332' title='bbox 407 4854 508 4909; x_wconf 88' lang='lat' dir='ltr'><strong>corpus</strong></span> <span class='ocrx_word' id='word_1_333' title='bbox 522 4839 623 4894; x_wconf 88' lang='lat' dir='ltr'><strong>Christi</strong></span> <span class='ocrx_word' id='word_1_334' title='bbox 638 4841 774 4912; x_wconf 82' lang='lat' dir='ltr'><strong>exprimit.</strong></span> <span class='ocrx_word' id='word_1_335' title='bbox 796 4841 866 4896; x_wconf 91' lang='lat' dir='ltr'><strong>Dum</strong></span> <span class='ocrx_word' id='word_1_336' title='bbox 886 4841 956 4896; x_wconf 90' lang='lat' dir='ltr'><strong>enirn</strong></span> <span class='ocrx_word' id='word_1_337' title='bbox 977 4839 1044 4894; x_wconf 91' lang='lat' dir='ltr'><strong>inle-</strong></span> 
     </span>
     <span class='ocr_line' id='line_1_53' title="bbox 242 4922 1044 4996; baseline -0.002 -17"><span class='ocrx_word' id='word_1_338' title='bbox 242 4924 300 4979; x_wconf 91' lang='lat' dir='ltr'><strong>rius</strong></span> <span class='ocrx_word' id='word_1_339' title='bbox 315 4922 473 4994; x_wconf 88' lang='lat' dir='ltr'><strong>percutitur,</strong></span> <span class='ocrx_word' id='word_1_340' title='bbox 492 4924 618 4994; x_wconf 90' lang='lat' dir='ltr'><strong>superius</strong></span> <span class='ocrx_word' id='word_1_341' title='bbox 638 4934 745 4980; x_wconf 92' lang='lat' dir='ltr'><strong>resonat</strong></span> <span class='ocrx_word' id='word_1_342' title='bbox 761 4943 769 4980; x_wconf 88' lang='lat'>:</span> <span class='ocrx_word' id='word_1_343' title='bbox 785 4933 812 4981; x_wconf 91' lang='lat' dir='ltr'><strong>et</strong></span> <span class='ocrx_word' id='word_1_344' title='bbox 828 4941 928 4996; x_wconf 91' lang='lat' dir='ltr'><strong>corpus</strong></span> <span class='ocrx_word' id='word_1_345' title='bbox 944 4925 1044 4981; x_wconf 89' lang='lat' dir='ltr'><strong>Christi</strong></span> 
     </span>
    </p>
   </div>
   <div class='ocr_carea' id='block_1_11' title="bbox 241 5011 1047 5796">
    <p class='ocr_par' dir='ltr' id='par_1_15' title="bbox 241 5011 1045 5512">
     <span class='ocr_line' id='line_1_54' title="bbox 241 5011 1045 5085; baseline 0.001 -17"><span class='ocrx_word' id='word_1_346' title='bbox 241 5013 306 5068; x_wconf 91' lang='lat' dir='ltr'><strong>dum</strong></span> <span class='ocrx_word' id='word_1_347' title='bbox 321 5011 397 5083; x_wconf 83' lang='lat' dir='ltr'><strong>ligno</strong></span> <span class='ocrx_word' id='word_1_348' title='bbox 412 5012 500 5068; x_wconf 89' lang='lat' dir='ltr'><strong>crucis</strong></span> <span class='ocrx_word' id='word_1_349' title='bbox 515 5013 698 5083; x_wconf 78' lang='lat' dir='ltr'><strong>suspenditur,</strong></span> <span class='ocrx_word' id='word_1_350' title='bbox 712 5013 837 5069; x_wconf 84' lang='lat' dir='ltr'><strong>divinitas</strong></span> <span class='ocrx_word' id='word_1_351' title='bbox 852 5029 904 5085; x_wconf 88' lang='lat' dir='ltr'><strong>per</strong></span> <span class='ocrx_word' id='word_1_352' title='bbox 914 5013 1045 5069; x_wconf 89' lang='lat' dir='ltr'><strong>miracula</strong></span> 
     </span>
     <span class='ocr_line' id='line_1_55' title="bbox 243 5101 1041 5171; baseline -0.005 -12"><span class='ocrx_word' id='word_1_353' title='bbox 243 5109 364 5159; x_wconf 90' lang='lat' dir='ltr'><strong>resonat.</strong></span> <span class='ocrx_word' id='word_1_354' title='bbox 394 5101 480 5166; x_wconf 82' lang='lat' dir='ltr'><strong>Delta,</strong></span> <span class='ocrx_word' id='word_1_355' title='bbox 510 5101 545 5156; x_wconf 88' lang='lat' dir='ltr'><strong>ad</strong></span> <span class='ocrx_word' id='word_1_356' title='bbox 573 5102 650 5171; x_wconf 90' lang='lat' dir='ltr'><strong>cujus</strong></span> <span class='ocrx_word' id='word_1_357' title='bbox 677 5101 793 5157; x_wconf 86' lang='lat' dir='ltr'><strong>larnram</strong></span> <span class='ocrx_word' id='word_1_358' title='bbox 820 5101 982 5158; x_wconf 87' lang='lat' dir='ltr'><strong>Psalterinm</strong></span> <span class='ocrx_word' id='word_1_359' title='bbox 1003 5101 1041 5167; x_wconf 88' lang='lat' dir='ltr'><strong>tit,</strong></span> 
     </span>
     <span class='ocr_line' id='line_1_56' title="bbox 243 5189 1044 5263; baseline -0.004 -16"><span class='ocrx_word' id='word_1_360' title='bbox 243 5200 340 5263; x_wconf 73' lang='lat' dir='ltr'><strong>‹puarta</strong></span> <span class='ocrx_word' id='word_1_361' title='bbox 353 5190 441 5245; x_wconf 89' lang='lat' dir='ltr'><strong>littera</strong></span> <span class='ocrx_word' id='word_1_362' title='bbox 462 5190 488 5243; x_wconf 92' lang='lat' dir='ltr'><strong>in</strong></span> <span class='ocrx_word' id='word_1_363' title='bbox 507 5190 603 5245; x_wconf 89' lang='lat' dir='ltr'><strong>ordine</strong></span> <span class='ocrx_word' id='word_1_364' title='bbox 618 5189 754 5260; x_wconf 85' lang='lat' dir='ltr'><strong>alphabeti</strong></span> <span class='ocrx_word' id='word_1_365' title='bbox 769 5198 886 5258; x_wconf 87' lang='lat' dir='ltr'><strong>notatur,</strong></span> <span class='ocrx_word' id='word_1_366' title='bbox 908 5198 934 5245; x_wconf 91' lang='lat' dir='ltr'><strong>et</strong></span> <span class='ocrx_word' id='word_1_367' title='bbox 945 5206 1044 5260; x_wconf 90' lang='lat' dir='ltr'><strong>corpus</strong></span> 
     </span>
     <span class='ocr_line' id='line_1_57' title="bbox 250 5276 1043 5351; baseline -0.001 -16"><span class='ocrx_word' id='word_1_368' title='bbox 250 5278 342 5335; x_wconf 66' lang='lat' dir='ltr'><strong>ilrristi</strong></span> <span class='ocrx_word' id='word_1_369' title='bbox 362 5288 479 5351; x_wconf 80' lang='lat' dir='ltr'><strong>‹quatuor</strong></span> <span class='ocrx_word' id='word_1_370' title='bbox 500 5276 645 5333; x_wconf 86' lang='lat' dir='ltr'><strong>elementis</strong></span> <span class='ocrx_word' id='word_1_371' title='bbox 665 5278 893 5350; x_wconf 83' lang='lat' dir='ltr'><strong>compaginatur:</strong></span> <span class='ocrx_word' id='word_1_372' title='bbox 915 5277 972 5334; x_wconf 88' lang='lat' dir='ltr'><strong>sire</strong></span> <span class='ocrx_word' id='word_1_373' title='bbox 989 5280 1043 5334; x_wconf 84' lang='lat' dir='ltr'><strong>Ec-</strong></span> 
     </span>
     <span class='ocr_line' id='line_1_58' title="bbox 244 5366 1044 5440; baseline -0.001 -18"><span class='ocrx_word' id='word_1_374' title='bbox 244 5368 337 5432; x_wconf 87' lang='lat' dir='ltr'><strong>clesia,</strong></span> <span class='ocrx_word' id='word_1_375' title='bbox 354 5383 414 5438; x_wconf 80' lang='lat' dir='ltr'><strong>quae</strong></span> <span class='ocrx_word' id='word_1_376' title='bbox 429 5374 470 5423; x_wconf 88' lang='lat' dir='ltr'><strong>est</strong></span> <span class='ocrx_word' id='word_1_377' title='bbox 481 5382 581 5437; x_wconf 87' lang='lat' dir='ltr'><strong>corpus</strong></span> <span class='ocrx_word' id='word_1_378' title='bbox 592 5367 660 5435; x_wconf 85' lang='lat' dir='ltr'><strong>ejus,</strong></span> <span class='ocrx_word' id='word_1_379' title='bbox 674 5375 790 5438; x_wconf 88' lang='lat' dir='ltr'><strong>quatuor</strong></span> <span class='ocrx_word' id='word_1_380' title='bbox 802 5366 961 5440; x_wconf 76' lang='lat' dir='ltr'><strong>evangeliis</strong></span> <span class='ocrx_word' id='word_1_381' title='bbox 977 5367 1044 5422; x_wconf 83' lang='lat' dir='ltr'><strong>redi-</strong></span> 
     </span>
     <span class='ocr_line' id='line_1_59' title="bbox 244 5455 353 5512; baseline 0.009 -4"><span class='ocrx_word' id='word_1_382' title='bbox 244 5455 353 5512; x_wconf 84' lang='lat' dir='ltr'><strong>licetur.</strong></span> 
     </span>
    </p>

    <p class='ocr_par' dir='ltr' id='par_1_16' title="bbox 244 5543 1047 5796">
     <span class='ocr_line' id='line_1_60' title="bbox 283 5543 1046 5618; baseline 0.003 -20"><span class='ocrx_word' id='word_1_383' title='bbox 283 5543 415 5615; x_wconf 77' lang='lat' dir='ltr'><strong>Exprimit</strong></span> <span class='ocrx_word' id='word_1_384' title='bbox 437 5544 519 5600; x_wconf 86' lang='lat' dir='ltr'><strong>etiam</strong></span> <span class='ocrx_word' id='word_1_385' title='bbox 541 5543 702 5600; x_wconf 87' lang='lat' dir='ltr'><strong>Psalterium</strong></span> <span class='ocrx_word' id='word_1_386' title='bbox 722 5543 835 5600; x_wconf 89' lang='lat' dir='ltr'><strong>lormam</strong></span> <span class='ocrx_word' id='word_1_387' title='bbox 855 5545 982 5612; x_wconf 92' lang='lat' dir='ltr'><strong>bominis,</strong></span> <span class='ocrx_word' id='word_1_388' title='bbox 999 5545 1046 5618; x_wconf 90' lang='lat' dir='ltr'><strong>qui</strong></span> 
     </span>
     <span class='ocr_line' id='line_1_61' title="bbox 245 5633 1047 5708; baseline 0 -19"><span class='ocrx_word' id='word_1_389' title='bbox 245 5640 351 5689; x_wconf 89' lang='lat' dir='ltr'><strong>constat</strong></span> <span class='ocrx_word' id='word_1_390' title='bbox 370 5648 401 5688; x_wconf 89' lang='lat' dir='ltr'><strong>ex</strong></span> <span class='ocrx_word' id='word_1_391' title='bbox 417 5633 547 5704; x_wconf 88' lang='lat' dir='ltr'><strong>superiori</strong></span> <span class='ocrx_word' id='word_1_392' title='bbox 561 5641 587 5688; x_wconf 91' lang='grc' dir='ltr'><strong>ει</strong></span> <span class='ocrx_word' id='word_1_393' title='bbox 603 5633 734 5700; x_wconf 87' lang='lat' dir='ltr'><strong>interiori,</strong></span> <span class='ocrx_word' id='word_1_394' title='bbox 751 5651 865 5708; x_wconf 90' lang='lat' dir='ltr'><strong>corpore</strong></span> <span class='ocrx_word' id='word_1_395' title='bbox 880 5635 1007 5692; x_wconf 77' lang='lat' dir='ltr'><strong>videlicet</strong></span> <span class='ocrx_word' id='word_1_396' title='bbox 1020 5642 1047 5690; x_wconf 88' lang='lat' dir='ltr'><strong>et</strong></span> 
     </span>
     <span class='ocr_line' id='line_1_62' title="bbox 244 5719 1046 5796; baseline 0.002 -20"><span class='ocrx_word' id='word_1_397' title='bbox 244 5721 334 5776; x_wconf 87' lang='lat' dir='ltr'><strong>aninra</strong></span> <span class='ocrx_word' id='word_1_398' title='bbox 351 5737 358 5775; x_wconf 79' lang='lat' dir='ltr'><strong>r</strong></span> <span class='ocrx_word' id='word_1_399' title='bbox 375 5719 421 5792; x_wconf 93' lang='lat' dir='ltr'><strong>qui</strong></span> <span class='ocrx_word' id='word_1_400' title='bbox 435 5721 516 5776; x_wconf 91' lang='lat' dir='ltr'><strong>debet</strong></span> <span class='ocrx_word' id='word_1_401' title='bbox 530 5721 644 5778; x_wconf 86' lang='lat' dir='ltr'><strong>interius</strong></span> <span class='ocrx_word' id='word_1_402' title='bbox 658 5734 813 5796; x_wconf 86' lang='lat' dir='ltr'><strong>percutere,</strong></span> <span class='ocrx_word' id='word_1_403' title='bbox 833 5723 859 5780; x_wconf 93' lang='lat' dir='ltr'><strong>id</strong></span> <span class='ocrx_word' id='word_1_404' title='bbox 881 5734 922 5782; x_wconf 89' lang='lat' dir='ltr'><strong>cst</strong></span> <span class='ocrx_word' id='word_1_405' title='bbox 941 5739 1046 5796; x_wconf 90' lang='lat' dir='ltr'><strong>corpus</strong></span> 
     </span>
    </p>
   </div>
   <div class='ocr_carea' id='block_1_12' title="bbox 1090 479 1893 1712">
    <p class='ocr_par' dir='ltr' id='par_1_17' title="bbox 1090 479 1893 1266">
     <span class='ocr_line' id='line_1_63' title="bbox 1090 479 1892 554; baseline 0.006 -19"><span class='ocrx_word' id='word_1_406' title='bbox 1090 479 1178 553; x_wconf 89' lang='lat' dir='ltr'><strong>possit</strong></span> <span class='ocrx_word' id='word_1_407' title='bbox 1186 483 1264 538; x_wconf 90' lang='lat' dir='ltr'><strong>dulce</strong></span> <span class='ocrx_word' id='word_1_408' title='bbox 1276 483 1365 538; x_wconf 89' lang='lat' dir='ltr'><strong>melos</strong></span> <span class='ocrx_word' id='word_1_409' title='bbox 1375 484 1433 539; x_wconf 90' lang='lat' dir='ltr'><strong>Deo</strong></span> <span class='ocrx_word' id='word_1_410' title='bbox 1448 484 1563 539; x_wconf 84' lang='lat' dir='ltr'><strong>reddere</strong></span> <span class='ocrx_word' id='word_1_411' title='bbox 1575 502 1581 549; x_wconf 93' lang='lat'>;</span> <span class='ocrx_word' id='word_1_412' title='bbox 1597 485 1669 554; x_wconf 76' lang='lat' dir='ltr'><strong>iusta</strong></span> <span class='ocrx_word' id='word_1_413' title='bbox 1683 483 1750 540; x_wconf 91' lang='lat' dir='ltr'><strong>illud</strong></span> <span class='ocrx_word' id='word_1_414' title='bbox 1762 503 1768 541; x_wconf 89' lang='lat'><strong>:</strong></span> <span class='ocrx_word' id='word_1_415' title='bbox 1778 487 1892 540; x_wconf 87' lang='lat' dir='ltr'><strong>Carnem</strong></span> 
     </span>
     <span class='ocr_line' id='line_1_64' title="bbox 1090 571 1893 645; baseline 0.005 -20"><span class='ocrx_word' id='word_1_416' title='bbox 1090 580 1237 637; x_wconf 87' lang='lat' dir='ltr'><strong>macerant,</strong></span> <span class='ocrx_word' id='word_1_417' title='bbox 1254 571 1387 642; x_wconf 89' lang='lat' dir='ltr'><strong>Spiritum</strong></span> <span class='ocrx_word' id='word_1_418' title='bbox 1402 573 1543 629; x_wconf 87' lang='lat' dir='ltr'><strong>roborant.</strong></span> <span class='ocrx_word' id='word_1_419' title='bbox 1561 572 1640 641; x_wconf 85' lang='lat' dir='ltr'><strong>Quod</strong></span> <span class='ocrx_word' id='word_1_420' title='bbox 1663 573 1690 628; x_wconf 89' lang='lat' dir='ltr'><strong>lit</strong></span> <span class='ocrx_word' id='word_1_421' title='bbox 1705 575 1733 628; x_wconf 91' lang='lat' dir='ltr'><strong>in</strong></span> <span class='ocrx_word' id='word_1_422' title='bbox 1755 574 1893 645; x_wconf 74' lang='lat' dir='ltr'><strong>triangulo</strong></span> 
     </span>
     <span class='ocr_line' id='line_1_65' title="bbox 1092 659 1890 728; baseline 0.004 -14"><span class='ocrx_word' id='word_1_423' title='bbox 1092 659 1240 725; x_wconf 86' lang='lat' dir='ltr'><strong>Psalterio,</strong></span> <span class='ocrx_word' id='word_1_424' title='bbox 1256 662 1309 716; x_wconf 89' lang='lat' dir='ltr'><strong>lroe</strong></span> <span class='ocrx_word' id='word_1_425' title='bbox 1323 669 1373 728; x_wconf 87' lang='lat' dir='ltr'><strong>est,</strong></span> <span class='ocrx_word' id='word_1_426' title='bbox 1398 660 1426 715; x_wconf 92' lang='lat' dir='ltr'><strong>in</strong></span> <span class='ocrx_word' id='word_1_427' title='bbox 1445 660 1621 717; x_wconf 83' lang='lat' dir='ltr'><strong>consessione</strong></span> <span class='ocrx_word' id='word_1_428' title='bbox 1641 661 1803 717; x_wconf 85' lang='lat' dir='ltr'><strong>Trinitatis:</strong></span> <span class='ocrx_word' id='word_1_429' title='bbox 1821 672 1848 718; x_wconf 92' lang='lat' dir='ltr'><strong>et</strong></span> <span class='ocrx_word' id='word_1_430' title='bbox 1864 662 1890 717; x_wconf 91' lang='lat' dir='ltr'><strong>in</strong></span> 
     </span>
     <span class='ocr_line' id='line_1_66' title="bbox 1090 748 1887 822; baseline 0.001 -18"><span class='ocrx_word' id='word_1_431' title='bbox 1090 749 1189 805; x_wconf 89' lang='lat' dir='ltr'><strong>decem</strong></span> <span class='ocrx_word' id='word_1_432' title='bbox 1205 748 1327 816; x_wconf 86' lang='lat' dir='ltr'><strong>chordis,</strong></span> <span class='ocrx_word' id='word_1_433' title='bbox 1342 749 1370 806; x_wconf 90' lang='lat' dir='ltr'><strong>id</strong></span> <span class='ocrx_word' id='word_1_434' title='bbox 1395 750 1490 806; x_wconf 85' lang='lat' dir='ltr'><strong>est&#39;in</strong></span> <span class='ocrx_word' id='word_1_435' title='bbox 1513 751 1611 806; x_wconf 90' lang='lat' dir='ltr'><strong>decern</strong></span> <span class='ocrx_word' id='word_1_436' title='bbox 1635 751 1780 822; x_wconf 75' lang='lat' dir='ltr'><strong>praeceptis</strong></span> <span class='ocrx_word' id='word_1_437' title='bbox 1804 751 1887 822; x_wconf 81' lang='lat' dir='ltr'><strong>legis.</strong></span> 
     </span>
     <span class='ocr_line' id='line_1_67' title="bbox 1091 838 1893 911; baseline 0 -18"><span class='ocrx_word' id='word_1_438' title='bbox 1091 838 1200 894; x_wconf 90' lang='lat' dir='ltr'><strong>Cborda</strong></span> <span class='ocrx_word' id='word_1_439' title='bbox 1215 838 1380 905; x_wconf 83' lang='lat' dir='ltr'><strong>exsiccatur,</strong></span> <span class='ocrx_word' id='word_1_440' title='bbox 1396 847 1550 911; x_wconf 86' lang='lat' dir='ltr'><strong>torquetur,</strong></span> <span class='ocrx_word' id='word_1_441' title='bbox 1564 839 1739 896; x_wconf 83' lang='lat' dir='ltr'><strong>extenditur:</strong></span> <span class='ocrx_word' id='word_1_442' title='bbox 1757 840 1794 895; x_wconf 89' lang='lat' dir='ltr'><strong>ita</strong></span> <span class='ocrx_word' id='word_1_443' title='bbox 1810 840 1893 896; x_wconf 85' lang='lat' dir='ltr'><strong>debet</strong></span> 
     </span>
     <span class='ocr_line' id='line_1_68' title="bbox 1091 927 1892 998; baseline 0.002 -17"><span class='ocrx_word' id='word_1_444' title='bbox 1091 927 1173 982; x_wconf 92' lang='lat' dir='ltr'><strong>bomo</strong></span> <span class='ocrx_word' id='word_1_445' title='bbox 1189 942 1206 982; x_wconf 90' lang='lat' dir='ltr'><strong>a</strong></span> <span class='ocrx_word' id='word_1_446' title='bbox 1220 927 1378 982; x_wconf 86' lang='lat' dir='ltr'><strong>carnalibus</strong></span> <span class='ocrx_word' id='word_1_447' title='bbox 1389 928 1616 998; x_wconf 88' lang='lat' dir='ltr'><strong>concupiscentiis</strong></span> <span class='ocrx_word' id='word_1_448' title='bbox 1624 928 1768 993; x_wconf 90' lang='lat' dir='ltr'><strong>exsiccari,</strong></span> <span class='ocrx_word' id='word_1_449' title='bbox 1783 930 1892 983; x_wconf 83' lang='lat' dir='ltr'><strong>virtuti-</strong></span> 
     </span>
     <span class='ocr_line' id='line_1_69' title="bbox 1090 1015 1892 1089; baseline 0.001 -19"><span class='ocrx_word' id='word_1_450' title='bbox 1090 1016 1143 1072; x_wconf 85' lang='lat' dir='ltr'><strong>bus</strong></span> <span class='ocrx_word' id='word_1_451' title='bbox 1157 1015 1286 1088; x_wconf 88' lang='lat' dir='ltr'><strong>torqueri,</strong></span> <span class='ocrx_word' id='word_1_452' title='bbox 1311 1015 1444 1074; x_wconf 87' lang='lat' dir='ltr'><strong>charitate</strong></span> <span class='ocrx_word' id='word_1_453' title='bbox 1459 1018 1579 1081; x_wconf 86' lang='lat' dir='ltr'><strong>extendi,</strong></span> <span class='ocrx_word' id='word_1_454' title='bbox 1595 1019 1660 1088; x_wconf 87' lang='lat' dir='ltr'><strong>quia</strong></span> <span class='ocrx_word' id='word_1_455' title='bbox 1674 1017 1749 1073; x_wconf 86' lang='lat' dir='ltr'><strong>nulla</strong></span> <span class='ocrx_word' id='word_1_456' title='bbox 1769 1019 1892 1089; x_wconf 87' lang='lat' dir='ltr'><strong>operatio</strong></span> 
     </span>
     <span class='ocr_line' id='line_1_70' title="bbox 1092 1105 1891 1174; baseline 0.004 -15"><span class='ocrx_word' id='word_1_457' title='bbox 1092 1105 1165 1161; x_wconf 90' lang='lat' dir='ltr'><strong>ralet</strong></span> <span class='ocrx_word' id='word_1_458' title='bbox 1178 1105 1237 1161; x_wconf 91' lang='lat' dir='ltr'><strong>sine</strong></span> <span class='ocrx_word' id='word_1_459' title='bbox 1253 1105 1403 1174; x_wconf 81' lang='lat' dir='ltr'><strong>clraritate3</strong></span> <span class='ocrx_word' id='word_1_460' title='bbox 1420 1114 1450 1160; x_wconf 92' lang='lat' dir='ltr'><strong>nt</strong></span> <span class='ocrx_word' id='word_1_461' title='bbox 1464 1106 1531 1162; x_wconf 87' lang='lat' dir='ltr'><strong>illud</strong></span> <span class='ocrx_word' id='word_1_462' title='bbox 1545 1105 1596 1162; x_wconf 87' lang='lat' dir='ltr'><strong>:Si</strong></span> <span class='ocrx_word' id='word_1_463' title='bbox 1610 1107 1779 1163; x_wconf 84' lang='lat' dir='ltr'><strong>distribuero</strong></span> <span class='ocrx_word' id='word_1_464' title='bbox 1794 1124 1891 1163; x_wconf 77' lang='lat' dir='ltr'><strong>ornares</strong></span> 
     </span>
     <span class='ocr_line' id='line_1_71' title="bbox 1091 1195 1423 1266; baseline -0.003 -16"><span class='ocrx_word' id='word_1_465' title='bbox 1091 1195 1249 1266; x_wconf 76' lang='lat' dir='ltr'><strong>facultates</strong></span> <span class='ocrx_word' id='word_1_466' title='bbox 1266 1211 1354 1262; x_wconf 82' lang='lat' dir='ltr'><strong>eneas,</strong></span> <span class='ocrx_word' id='word_1_467' title='bbox 1371 1204 1423 1250; x_wconf 88' lang='lat' dir='ltr'><strong>ete.</strong></span> 
     </span>
    </p>

    <p class='ocr_par' dir='ltr' id='par_1_18' title="bbox 1092 1284 1892 1712">
     <span class='ocr_line' id='line_1_72' title="bbox 1126 1284 1891 1356; baseline 0.001 -18"><span class='ocrx_word' id='word_1_468' title='bbox 1126 1284 1231 1340; x_wconf 88' lang='lat' dir='ltr'><strong>Decem</strong></span> <span class='ocrx_word' id='word_1_469' title='bbox 1246 1284 1364 1351; x_wconf 80' lang='lat' dir='ltr'><strong>charde,</strong></span> <span class='ocrx_word' id='word_1_470' title='bbox 1393 1301 1455 1356; x_wconf 84' lang='lat' dir='ltr'><strong>quae</strong></span> <span class='ocrx_word' id='word_1_471' title='bbox 1484 1284 1511 1339; x_wconf 93' lang='lat' dir='ltr'><strong>iu</strong></span> <span class='ocrx_word' id='word_1_472' title='bbox 1536 1284 1668 1341; x_wconf 84' lang='lat' dir='ltr'><strong>Psalterio</strong></span> <span class='ocrx_word' id='word_1_473' title='bbox 1697 1286 1891 1352; x_wconf 84' lang='lat' dir='ltr'><strong>extenduntur,</strong></span> 
     </span>
     <span class='ocr_line' id='line_1_73' title="bbox 1092 1373 1891 1446; baseline 0.001 -17"><span class='ocrx_word' id='word_1_474' title='bbox 1092 1381 1154 1429; x_wconf 89' lang='lat' dir='ltr'><strong>sant</strong></span> <span class='ocrx_word' id='word_1_475' title='bbox 1167 1374 1265 1430; x_wconf 86' lang='lat' dir='ltr'><strong>decem</strong></span> <span class='ocrx_word' id='word_1_476' title='bbox 1279 1381 1416 1445; x_wconf 80' lang='lat' dir='ltr'><strong>praecepta</strong></span> <span class='ocrx_word' id='word_1_477' title='bbox 1435 1373 1517 1446; x_wconf 81' lang='lat' dir='ltr'><strong>tegis,</strong></span> <span class='ocrx_word' id='word_1_478' title='bbox 1533 1391 1594 1446; x_wconf 78' lang='lat' dir='ltr'><strong>que</strong></span> <span class='ocrx_word' id='word_1_479' title='bbox 1610 1390 1660 1445; x_wconf 86' lang='lat' dir='ltr'><strong>per</strong></span> <span class='ocrx_word' id='word_1_480' title='bbox 1683 1374 1820 1431; x_wconf 85' lang='lat' dir='ltr'><strong>Christum</strong></span> <span class='ocrx_word' id='word_1_481' title='bbox 1834 1383 1891 1430; x_wconf 87' lang='lat' dir='ltr'><strong>tra-</strong></span> 
     </span>
     <span class='ocr_line' id='line_1_74' title="bbox 1092 1461 1892 1535; baseline -0.001 -18"><span class='ocrx_word' id='word_1_482' title='bbox 1092 1464 1205 1518; x_wconf 90' lang='lat' dir='ltr'><strong>duntur.</strong></span> <span class='ocrx_word' id='word_1_483' title='bbox 1225 1463 1326 1519; x_wconf 89' lang='lat' dir='ltr'><strong>Decem</strong></span> <span class='ocrx_word' id='word_1_484' title='bbox 1341 1461 1369 1517; x_wconf 91' lang='lat' dir='ltr'><strong>in</strong></span> <span class='ocrx_word' id='word_1_485' title='bbox 1386 1462 1506 1534; x_wconf 89' lang='lat' dir='ltr'><strong>quinque</strong></span> <span class='ocrx_word' id='word_1_486' title='bbox 1521 1471 1549 1518; x_wconf 91' lang='lat' dir='ltr'><strong>et</strong></span> <span class='ocrx_word' id='word_1_487' title='bbox 1571 1462 1692 1535; x_wconf 91' lang='lat' dir='ltr'><strong>quinque</strong></span> <span class='ocrx_word' id='word_1_488' title='bbox 1716 1463 1892 1519; x_wconf 79' lang='lat' dir='ltr'><strong>resoluuntur</strong></span> 
     </span>
     <span class='ocr_line' id='line_1_75' title="bbox 1093 1551 1890 1624; baseline 0 -18"><span class='ocrx_word' id='word_1_489' title='bbox 1093 1559 1119 1606; x_wconf 91' lang='lat' dir='ltr'><strong>et</strong></span> <span class='ocrx_word' id='word_1_490' title='bbox 1131 1551 1251 1624; x_wconf 78' lang='lat' dir='ltr'><strong>quinque</strong></span> <span class='ocrx_word' id='word_1_491' title='bbox 1266 1569 1365 1606; x_wconf 86' lang='lat' dir='ltr'><strong>seusus</strong></span> <span class='ocrx_word' id='word_1_492' title='bbox 1380 1551 1406 1605; x_wconf 93' lang='lat' dir='ltr'><strong>iu</strong></span> <span class='ocrx_word' id='word_1_493' title='bbox 1421 1568 1536 1622; x_wconf 90' lang='lat' dir='ltr'><strong>corpore</strong></span> <span class='ocrx_word' id='word_1_494' title='bbox 1551 1552 1649 1606; x_wconf 86' lang='lat' dir='ltr'><strong>Christi</strong></span> <span class='ocrx_word' id='word_1_495' title='bbox 1664 1553 1796 1624; x_wconf 83' lang='lat' dir='ltr'><strong>geminati</strong></span> <span class='ocrx_word' id='word_1_496' title='bbox 1810 1571 1890 1622; x_wconf 87' lang='lat' dir='ltr'><strong>repe-</strong></span> 
     </span>
     <span class='ocr_line' id='line_1_76' title="bbox 1092 1640 1892 1712; baseline 0.001 -18"><span class='ocrx_word' id='word_1_497' title='bbox 1092 1640 1285 1712; x_wconf 86' lang='lat' dir='ltr'><strong>riuntur·:per</strong></span> <span class='ocrx_word' id='word_1_498' title='bbox 1309 1657 1379 1712; x_wconf 89' lang='lat' dir='ltr'><strong>quos</strong></span> <span class='ocrx_word' id='word_1_499' title='bbox 1408 1641 1503 1696; x_wconf 84' lang='lat' dir='ltr'><strong>decent</strong></span> <span class='ocrx_word' id='word_1_500' title='bbox 1532 1641 1641 1696; x_wconf 77' lang='lat' dir='ltr'><strong>chordae</strong></span> <span class='ocrx_word' id='word_1_501' title='bbox 1669 1641 1786 1697; x_wconf 89' lang='lat' dir='ltr'><strong>dulciter</strong></span> <span class='ocrx_word' id='word_1_502' title='bbox 1813 1658 1892 1695; x_wconf 92' lang='lat' dir='ltr'><strong>reso-</strong></span> 
     </span>
    </p>
   </div>
   <div class='ocr_carea' id='block_1_13' title="bbox 1051 1729 1891 1812">
    <p class='ocr_par' dir='ltr' id='par_1_19' title="bbox 1051 1729 1891 1812">
     <span class='ocr_line' id='line_1_77' title="bbox 1051 1729 1891 1812; baseline 0 -28"><span class='ocrx_word' id='word_1_503' title='bbox 1051 1737 1166 1812; x_wconf 77' lang='lat' dir='ltr'><strong>Bnant,</strong></span> <span class='ocrx_word' id='word_1_504' title='bbox 1192 1730 1256 1784; x_wconf 83' lang='lat' dir='ltr'><strong>darn</strong></span> <span class='ocrx_word' id='word_1_505' title='bbox 1285 1729 1382 1785; x_wconf 86' lang='lat' dir='ltr'><strong>decem</strong></span> <span class='ocrx_word' id='word_1_506' title='bbox 1409 1736 1547 1798; x_wconf 73' lang='lat' dir='ltr'><strong>praecepta</strong></span> <span class='ocrx_word' id='word_1_507' title='bbox 1575 1729 1706 1799; x_wconf 89' lang='lat' dir='ltr'><strong>operibus</strong></span> <span class='ocrx_word' id='word_1_508' title='bbox 1735 1746 1891 1800; x_wconf 70' lang='lat' dir='ltr'><strong>repraesen-</strong></span> 
     </span>
    </p>
   </div>
   <div class='ocr_carea' id='block_1_14' title="bbox 1092 1817 1893 2425">
    <p class='ocr_par' dir='ltr' id='par_1_20' title="bbox 1092 1817 1893 2335">
     <span class='ocr_line' id='line_1_78' title="bbox 1093 1817 1890 1887; baseline -0.003 -14"><span class='ocrx_word' id='word_1_509' title='bbox 1093 1827 1163 1874; x_wconf 87' lang='lat' dir='ltr'><strong>tant.</strong></span> <span class='ocrx_word' id='word_1_510' title='bbox 1182 1819 1260 1875; x_wconf 89' lang='lat' dir='ltr'><strong>Unde</strong></span> <span class='ocrx_word' id='word_1_511' title='bbox 1274 1817 1338 1874; x_wconf 92' lang='lat' dir='ltr'><strong>licet</strong></span> <span class='ocrx_word' id='word_1_512' title='bbox 1354 1817 1518 1872; x_wconf 77' lang='lat' dir='ltr'><strong>Psalterium</strong></span> <span class='ocrx_word' id='word_1_513' title='bbox 1534 1835 1584 1887; x_wconf 92' lang='lat' dir='ltr'><strong>pro</strong></span> <span class='ocrx_word' id='word_1_514' title='bbox 1595 1835 1649 1873; x_wconf 92' lang='lat' dir='ltr'><strong>uno</strong></span> <span class='ocrx_word' id='word_1_515' title='bbox 1664 1817 1802 1874; x_wconf 79' lang='lat' dir='ltr'><strong>volumine</strong></span> <span class='ocrx_word' id='word_1_516' title='bbox 1814 1834 1890 1874; x_wconf 91' lang='lat' dir='ltr'><strong>com·</strong></span> 
     </span>
     <span class='ocr_line' id='line_1_79' title="bbox 1092 1905 1881 1979; baseline -0.001 -18"><span class='ocrx_word' id='word_1_517' title='bbox 1092 1915 1211 1979; x_wconf 88' lang='lat' dir='ltr'><strong>putetur,</strong></span> <span class='ocrx_word' id='word_1_518' title='bbox 1227 1916 1317 1962; x_wconf 90' lang='lat' dir='ltr'><strong>tamen</strong></span> <span class='ocrx_word' id='word_1_519' title='bbox 1333 1906 1360 1960; x_wconf 94' lang='lat' dir='ltr'><strong>in</strong></span> <span class='ocrx_word' id='word_1_520' title='bbox 1376 1905 1496 1978; x_wconf 85' lang='lat' dir='ltr'><strong>quinque.</strong></span> <span class='ocrx_word' id='word_1_521' title='bbox 1509 1905 1690 1961; x_wconf 90' lang='lat' dir='ltr'><strong>incisionibus</strong></span> <span class='ocrx_word' id='word_1_522' title='bbox 1706 1906 1786 1978; x_wconf 87' lang='lat' dir='ltr'><strong>quasi</strong></span> <span class='ocrx_word' id='word_1_523' title='bbox 1807 1907 1881 1979; x_wconf 86' lang='lat' dir='ltr'><strong>quin-</strong></span> 
     </span>
     <span class='ocr_line' id='line_1_80' title="bbox 1094 1994 1892 2068; baseline 0.001 -18"><span class='ocrx_word' id='word_1_524' title='bbox 1094 2013 1148 2066; x_wconf 92' lang='lat' dir='ltr'><strong>que</strong></span> <span class='ocrx_word' id='word_1_525' title='bbox 1171 1996 1250 2051; x_wconf 90' lang='lat' dir='ltr'><strong>libris</strong></span> <span class='ocrx_word' id='word_1_526' title='bbox 1274 1995 1470 2068; x_wconf 80' lang='lat' dir='ltr'><strong>distinguetur.</strong></span> <span class='ocrx_word' id='word_1_527' title='bbox 1486 1994 1538 2064; x_wconf 86' lang='lat' dir='ltr'><strong>Qui</strong></span> <span class='ocrx_word' id='word_1_528' title='bbox 1562 1996 1743 2068; x_wconf 84' lang='lat' dir='ltr'><strong>geminantur,</strong></span> <span class='ocrx_word' id='word_1_529' title='bbox 1772 2011 1833 2051; x_wconf 91' lang='lat' dir='ltr'><strong>cunr</strong></span> <span class='ocrx_word' id='word_1_530' title='bbox 1858 1997 1892 2051; x_wconf 89' lang='lat' dir='ltr'><strong>de</strong></span> 
     </span>
     <span class='ocr_line' id='line_1_81' title="bbox 1095 2084 1893 2150; baseline -0.001 -10"><span class='ocrx_word' id='word_1_531' title='bbox 1095 2086 1196 2140; x_wconf 86' lang='lat' dir='ltr'><strong>Christi</strong></span> <span class='ocrx_word' id='word_1_532' title='bbox 1210 2085 1349 2141; x_wconf 84' lang='lat' dir='ltr'><strong>divinitate</strong></span> <span class='ocrx_word' id='word_1_533' title='bbox 1365 2092 1391 2140; x_wconf 91' lang='lat' dir='ltr'><strong>et</strong></span> <span class='ocrx_word' id='word_1_534' title='bbox 1411 2085 1588 2150; x_wconf 89' lang='lat' dir='ltr'><strong>humanitate,</strong></span> <span class='ocrx_word' id='word_1_535' title='bbox 1607 2085 1651 2140; x_wconf 81' lang='lat' dir='ltr'><strong>rel</strong></span> <span class='ocrx_word' id='word_1_536' title='bbox 1673 2085 1709 2141; x_wconf 85' lang='lat' dir='ltr'><strong>de</strong></span> <span class='ocrx_word' id='word_1_537' title='bbox 1734 2084 1844 2140; x_wconf 86' lang='lat' dir='ltr'><strong>Christo</strong></span> <span class='ocrx_word' id='word_1_538' title='bbox 1867 2095 1893 2139; x_wconf 92' lang='grc' dir='ltr'><strong>ει</strong></span> 
     </span>
     <span class='ocr_line' id='line_1_82' title="bbox 1094 2173 1892 2246; baseline -0.003 -17"><span class='ocrx_word' id='word_1_539' title='bbox 1094 2174 1229 2241; x_wconf 88' lang='lat' dir='ltr'><strong>Ecclesia,</strong></span> <span class='ocrx_word' id='word_1_540' title='bbox 1255 2175 1298 2230; x_wconf 84' lang='lat' dir='ltr'><strong>rel</strong></span> <span class='ocrx_word' id='word_1_541' title='bbox 1322 2173 1357 2230; x_wconf 90' lang='lat' dir='ltr'><strong>de</strong></span> <span class='ocrx_word' id='word_1_542' title='bbox 1380 2173 1475 2229; x_wconf 79' lang='lat' dir='ltr'><strong>activis</strong></span> <span class='ocrx_word' id='word_1_543' title='bbox 1500 2183 1527 2229; x_wconf 91' lang='lat' dir='ltr'><strong>et</strong></span> <span class='ocrx_word' id='word_1_544' title='bbox 1548 2173 1764 2246; x_wconf 78' lang='lat' dir='ltr'><strong>contemplativis</strong></span> <span class='ocrx_word' id='word_1_545' title='bbox 1788 2173 1892 2230; x_wconf 89' lang='lat' dir='ltr'><strong>intelli-</strong></span> 
     </span>
     <span class='ocr_line' id='line_1_83' title="bbox 1095 2272 1203 2335; baseline 0.009 -18"><span class='ocrx_word' id='word_1_546' title='bbox 1095 2272 1203 2335; x_wconf 82' lang='lat' dir='ltr'><strong>gantur.</strong></span> 
     </span>
    </p>

    <p class='ocr_par' dir='ltr' id='par_1_21' title="bbox 1308 2353 1680 2425">
     <span class='ocr_line' id='line_1_84' title="bbox 1308 2353 1680 2425; baseline 0 -19"><span class='ocrx_word' id='word_1_547' title='bbox 1308 2353 1346 2408; x_wconf 86' lang='lat' dir='ltr'><strong>De</strong></span> <span class='ocrx_word' id='word_1_548' title='bbox 1360 2367 1479 2408; x_wconf 85' lang='lat' dir='ltr'><strong>numero</strong></span> <span class='ocrx_word' id='word_1_549' title='bbox 1491 2353 1680 2425; x_wconf 74' lang='lat' dir='ltr'><strong>psaltriarum.</strong></span> 
     </span>
    </p>
   </div>
   <div class='ocr_carea' id='block_1_15' title="bbox 1096 2477 1894 3084">
    <p class='ocr_par' dir='ltr' id='par_1_22' title="bbox 1096 2477 1894 3084">
     <span class='ocr_line' id='line_1_85' title="bbox 1131 2477 1894 2550; baseline -0.001 -16"><span class='ocrx_word' id='word_1_550' title='bbox 1131 2481 1162 2534; x_wconf 89' lang='lat' dir='ltr'><strong>tn</strong></span> <span class='ocrx_word' id='word_1_551' title='bbox 1176 2477 1313 2534; x_wconf 71' lang='lat' dir='ltr'><strong>l’satterio</strong></span> <span class='ocrx_word' id='word_1_552' title='bbox 1328 2487 1436 2533; x_wconf 90' lang='lat' dir='ltr'><strong>centurn</strong></span> <span class='ocrx_word' id='word_1_553' title='bbox 1452 2487 1479 2533; x_wconf 90' lang='lat' dir='ltr'><strong>et</strong></span> <span class='ocrx_word' id='word_1_554' title='bbox 1491 2477 1687 2550; x_wconf 77' lang='lat' dir='ltr'><strong>quinquaginta</strong></span> <span class='ocrx_word' id='word_1_555' title='bbox 1701 2478 1800 2549; x_wconf 90' lang='lat' dir='ltr'><strong>psalmi</strong></span> <span class='ocrx_word' id='word_1_556' title='bbox 1822 2478 1894 2534; x_wconf 90' lang='lat' dir='ltr'><strong>seri-</strong></span> 
     </span>
     <span class='ocr_line' id='line_1_86' title="bbox 1096 2567 1893 2640; baseline -0.003 -16"><span class='ocrx_word' id='word_1_557' title='bbox 1096 2569 1219 2624; x_wconf 89' lang='lat' dir='ltr'><strong>buntur:</strong></span> <span class='ocrx_word' id='word_1_558' title='bbox 1236 2567 1383 2640; x_wconf 86' lang='lat' dir='ltr'><strong>quiesicul</strong></span> <span class='ocrx_word' id='word_1_559' title='bbox 1406 2567 1472 2622; x_wconf 91' lang='lat' dir='ltr'><strong>olim</strong></span> <span class='ocrx_word' id='word_1_560' title='bbox 1502 2567 1603 2623; x_wconf 91' lang='lat' dir='ltr'><strong>dilurio</strong></span> <span class='ocrx_word' id='word_1_561' title='bbox 1625 2575 1734 2623; x_wconf 86' lang='lat' dir='ltr'><strong>centtrm</strong></span> <span class='ocrx_word' id='word_1_562' title='bbox 1757 2568 1893 2640; x_wconf 83' lang='lat' dir='ltr'><strong>quiuqua-</strong></span> 
     </span>
     <span class='ocr_line' id='line_1_87' title="bbox 1096 2655 1891 2728; baseline 0 -16"><span class='ocrx_word' id='word_1_563' title='bbox 1096 2658 1173 2728; x_wconf 76' lang='lat' dir='ltr'><strong>giuta</strong></span> <span class='ocrx_word' id='word_1_564' title='bbox 1187 2658 1284 2713; x_wconf 89' lang='lat' dir='ltr'><strong>diebus</strong></span> <span class='ocrx_word' id='word_1_565' title='bbox 1299 2656 1392 2711; x_wconf 92' lang='lat' dir='ltr'><strong>mundi</strong></span> <span class='ocrx_word' id='word_1_566' title='bbox 1407 2656 1498 2712; x_wconf 90' lang='lat' dir='ltr'><strong>scelus</strong></span> <span class='ocrx_word' id='word_1_567' title='bbox 1512 2655 1631 2721; x_wconf 89' lang='lat' dir='ltr'><strong>diluitur,</strong></span> <span class='ocrx_word' id='word_1_568' title='bbox 1648 2656 1689 2712; x_wconf 92' lang='lat' dir='ltr'><strong>sic</strong></span> <span class='ocrx_word' id='word_1_569' title='bbox 1712 2656 1821 2714; x_wconf 88' lang='lat' dir='ltr'><strong>crimen</strong></span> <span class='ocrx_word' id='word_1_570' title='bbox 1834 2674 1891 2727; x_wconf 77' lang='lat' dir='ltr'><strong>pm-</strong></span> 
     </span>
     <span class='ocr_line' id='line_1_88' title="bbox 1096 2745 1892 2816; baseline -0.003 -14"><span class='ocrx_word' id='word_1_571' title='bbox 1096 2746 1207 2803; x_wconf 88' lang='lat' dir='ltr'><strong>nitentis</strong></span> <span class='ocrx_word' id='word_1_572' title='bbox 1222 2746 1355 2802; x_wconf 70' lang='lat' dir='ltr'><strong>Ecclesiae</strong></span> <span class='ocrx_word' id='word_1_573' title='bbox 1369 2754 1478 2800; x_wconf 89' lang='lat' dir='ltr'><strong>centnm</strong></span> <span class='ocrx_word' id='word_1_574' title='bbox 1493 2745 1692 2816; x_wconf 80' lang='lat' dir='ltr'><strong>qninquaginta</strong></span> <span class='ocrx_word' id='word_1_575' title='bbox 1711 2745 1828 2816; x_wconf 89' lang='lat' dir='ltr'><strong>psalmis</strong></span> <span class='ocrx_word' id='word_1_576' title='bbox 1841 2763 1892 2800; x_wconf 92' lang='lat' dir='ltr'><strong>nn-</strong></span> 
     </span>
     <span class='ocr_line' id='line_1_89' title="bbox 1096 2833 1893 2906; baseline -0.005 -14"><span class='ocrx_word' id='word_1_577' title='bbox 1096 2837 1139 2892; x_wconf 92' lang='lat' dir='ltr'><strong>dis</strong></span> <span class='ocrx_word' id='word_1_578' title='bbox 1172 2835 1355 2906; x_wconf 72' lang='lat' dir='ltr'><strong>lacrymarum</strong></span> <span class='ocrx_word' id='word_1_579' title='bbox 1383 2833 1516 2888; x_wconf 89' lang='lat' dir='ltr'><strong>abluitur.</strong></span> <span class='ocrx_word' id='word_1_580' title='bbox 1545 2835 1623 2890; x_wconf 84' lang='lat' dir='ltr'><strong>Unde</strong></span> <span class='ocrx_word' id='word_1_581' title='bbox 1651 2834 1893 2906; x_wconf 80' lang='lat' dir='ltr'><strong>quinquagesimus</strong></span> 
     </span>
     <span class='ocr_line' id='line_1_90' title="bbox 1096 2922 1891 2996; baseline -0.001 -16"><span class='ocrx_word' id='word_1_582' title='bbox 1096 2925 1219 2996; x_wconf 89' lang='lat' dir='ltr'><strong>psalmus</strong></span> <span class='ocrx_word' id='word_1_583' title='bbox 1237 2939 1287 2995; x_wconf 92' lang='lat' dir='ltr'><strong>pro</strong></span> <span class='ocrx_word' id='word_1_584' title='bbox 1316 2923 1482 2994; x_wconf 84' lang='lat' dir='ltr'><strong>pmnitentia,</strong></span> <span class='ocrx_word' id='word_1_585' title='bbox 1511 2922 1677 2978; x_wconf 85' lang='lat' dir='ltr'><strong>centesimus</strong></span> <span class='ocrx_word' id='word_1_586' title='bbox 1703 2939 1753 2993; x_wconf 92' lang='lat' dir='ltr'><strong>pro</strong></span> <span class='ocrx_word' id='word_1_587' title='bbox 1778 2923 1891 2991; x_wconf 78' lang='lat' dir='ltr'><strong>judicio,</strong></span> 
     </span>
     <span class='ocr_line' id='line_1_91' title="bbox 1097 3011 1892 3084; baseline -0.006 -13"><span class='ocrx_word' id='word_1_588' title='bbox 1097 3014 1264 3071; x_wconf 84' lang='lat' dir='ltr'><strong>centesimus</strong></span> <span class='ocrx_word' id='word_1_589' title='bbox 1290 3011 1534 3084; x_wconf 80' lang='lat' dir='ltr'><strong>quinquagesimus</strong></span> <span class='ocrx_word' id='word_1_590' title='bbox 1562 3028 1613 3082; x_wconf 92' lang='lat' dir='ltr'><strong>pro</strong></span> <span class='ocrx_word' id='word_1_591' title='bbox 1641 3011 1722 3067; x_wconf 87' lang='lat' dir='ltr'><strong>laude</strong></span> <span class='ocrx_word' id='word_1_592' title='bbox 1751 3012 1862 3083; x_wconf 89' lang='lat' dir='ltr'><strong>ponitur</strong></span> <span class='ocrx_word' id='word_1_593' title='bbox 1885 3031 1892 3066; x_wconf 73' lang='grc' dir='ltr'><strong>ι</strong></span> 
     </span>
    </p>
   </div>
   <div class='ocr_carea' id='block_1_16' title="bbox 1054 3100 1895 3176">
    <p class='ocr_par' dir='ltr' id='par_1_23' title="bbox 1054 3100 1895 3176">
     <span class='ocr_line' id='line_1_92' title="bbox 1054 3100 1895 3176; baseline -0.004 -17"><span class='ocrx_word' id='word_1_594' title='bbox 1054 3105 1158 3176; x_wconf 83' lang='lat' dir='ltr'><strong>ania</strong></span> <span class='ocrx_word' id='word_1_595' title='bbox 1173 3102 1301 3157; x_wconf 91' lang='lat' dir='ltr'><strong>nimirum</strong></span> <span class='ocrx_word' id='word_1_596' title='bbox 1317 3101 1362 3172; x_wconf 91' lang='lat' dir='ltr'><strong>qui</strong></span> <span class='ocrx_word' id='word_1_597' title='bbox 1387 3101 1432 3157; x_wconf 92' lang='lat' dir='ltr'><strong>lric</strong></span> <span class='ocrx_word' id='word_1_598' title='bbox 1446 3101 1568 3172; x_wconf 72' lang='lat' dir='ltr'><strong>paenitet,</strong></span> <span class='ocrx_word' id='word_1_599' title='bbox 1582 3100 1715 3169; x_wconf 88' lang='lat' dir='ltr'><strong>judicium</strong></span> <span class='ocrx_word' id='word_1_600' title='bbox 1739 3101 1849 3166; x_wconf 80' lang='lat' dir='ltr'><strong>eradat,</strong></span> <span class='ocrx_word' id='word_1_601' title='bbox 1868 3111 1895 3157; x_wconf 90' lang='lat' dir='ltr'><strong>et</strong></span> 
     </span>
    </p>
   </div>
   <div class='ocr_carea' id='block_1_17' title="bbox 1094 3190 1797 3263">
    <p class='ocr_par' dir='ltr' id='par_1_24' title="bbox 1094 3190 1797 3263">
     <span class='ocr_line' id='line_1_93' title="bbox 1094 3190 1797 3263; baseline -0.006 -15"><span class='ocrx_word' id='word_1_602' title='bbox 1094 3195 1128 3248; x_wconf 90' lang='lat' dir='ltr'><strong>ad</strong></span> <span class='ocrx_word' id='word_1_603' title='bbox 1144 3207 1293 3263; x_wconf 88' lang='lat' dir='ltr'><strong>perennem</strong></span> <span class='ocrx_word' id='word_1_604' title='bbox 1309 3190 1418 3245; x_wconf 92' lang='lat' dir='ltr'><strong>laudem</strong></span> <span class='ocrx_word' id='word_1_605' title='bbox 1431 3206 1481 3260; x_wconf 88' lang='lat' dir='ltr'><strong>per</strong></span> <span class='ocrx_word' id='word_1_606' title='bbox 1497 3190 1634 3244; x_wconf 85' lang='lat' dir='ltr'><strong>Christum</strong></span> <span class='ocrx_word' id='word_1_607' title='bbox 1647 3192 1797 3261; x_wconf 81' lang='lat' dir='ltr'><strong>perveniet.</strong></span> 
     </span>
    </p>
   </div>
   <div class='ocr_carea' id='block_1_18' title="bbox 1295 3339 1681 3410">
    <p class='ocr_par' dir='ltr' id='par_1_25' title="bbox 1295 3339 1681 3410">
     <span class='ocr_line' id='line_1_94' title="bbox 1295 3339 1681 3410; baseline -0.005 -18"><span class='ocrx_word' id='word_1_608' title='bbox 1295 3339 1333 3393; x_wconf 90' lang='lat' dir='ltr'><strong>De</strong></span> <span class='ocrx_word' id='word_1_609' title='bbox 1350 3340 1481 3410; x_wconf 73' lang='lat' dir='ltr'><strong>eupaterio</strong></span> <span class='ocrx_word' id='word_1_610' title='bbox 1493 3339 1681 3409; x_wconf 83' lang='lat' dir='ltr'><strong>psabrrorarrrr.</strong></span> 
     </span>
    </p>
   </div>
   <div class='ocr_carea' id='block_1_19' title="bbox 1094 3470 1898 4420">
    <p class='ocr_par' dir='ltr' id='par_1_26' title="bbox 1094 3470 1898 4420">
     <span class='ocr_line' id='line_1_95' title="bbox 1131 3470 1896 3544; baseline -0.003 -15"><span class='ocrx_word' id='word_1_611' title='bbox 1131 3474 1180 3530; x_wconf 90' lang='lat' dir='ltr'><strong>llic</strong></span> <span class='ocrx_word' id='word_1_612' title='bbox 1194 3473 1264 3528; x_wconf 90' lang='lat' dir='ltr'><strong>liber</strong></span> <span class='ocrx_word' id='word_1_613' title='bbox 1279 3471 1375 3528; x_wconf 87' lang='lat' dir='ltr'><strong>scribit</strong></span> <span class='ocrx_word' id='word_1_614' title='bbox 1389 3471 1424 3526; x_wconf 87' lang='lat' dir='ltr'><strong>de</strong></span> <span class='ocrx_word' id='word_1_615' title='bbox 1439 3470 1528 3542; x_wconf 86' lang='lat' dir='ltr'><strong>capite</strong></span> <span class='ocrx_word' id='word_1_616' title='bbox 1542 3481 1570 3526; x_wconf 90' lang='lat' dir='ltr'><strong>et</strong></span> <span class='ocrx_word' id='word_1_617' title='bbox 1589 3487 1707 3542; x_wconf 89' lang='lat' dir='ltr'><strong>corpore</strong></span> <span class='ocrx_word' id='word_1_618' title='bbox 1727 3479 1754 3526; x_wconf 91' lang='lat' dir='ltr'><strong>et</strong></span> <span class='ocrx_word' id='word_1_619' title='bbox 1775 3471 1896 3544; x_wconf 80' lang='lat' dir='ltr'><strong>singulis</strong></span> 
     </span>
     <span class='ocr_line' id='line_1_96' title="bbox 1094 3559 1897 3632; baseline -0.005 -14"><span class='ocrx_word' id='word_1_620' title='bbox 1094 3562 1235 3626; x_wconf 90' lang='lat' dir='ltr'><strong>membris,</strong></span> <span class='ocrx_word' id='word_1_621' title='bbox 1251 3560 1279 3616; x_wconf 92' lang='lat' dir='ltr'><strong>id</strong></span> <span class='ocrx_word' id='word_1_622' title='bbox 1294 3569 1337 3616; x_wconf 90' lang='lat' dir='ltr'><strong>est</strong></span> <span class='ocrx_word' id='word_1_623' title='bbox 1351 3561 1385 3615; x_wconf 92' lang='lat' dir='ltr'><strong>de</strong></span> <span class='ocrx_word' id='word_1_624' title='bbox 1400 3559 1518 3624; x_wconf 87' lang='lat' dir='ltr'><strong>Christo,</strong></span> <span class='ocrx_word' id='word_1_625' title='bbox 1535 3568 1562 3614; x_wconf 92' lang='lat' dir='ltr'><strong>et</strong></span> <span class='ocrx_word' id='word_1_626' title='bbox 1575 3559 1711 3627; x_wconf 86' lang='lat' dir='ltr'><strong>Ecclesia,</strong></span> <span class='ocrx_word' id='word_1_627' title='bbox 1727 3569 1755 3616; x_wconf 88' lang='lat' dir='ltr'><strong>et</strong></span> <span class='ocrx_word' id='word_1_628' title='bbox 1779 3560 1897 3632; x_wconf 78' lang='lat' dir='ltr'><strong>singulis</strong></span> 
     </span>
     <span class='ocr_line' id='line_1_97' title="bbox 1095 3649 1896 3721; baseline -0.006 -13"><span class='ocrx_word' id='word_1_629' title='bbox 1095 3650 1200 3708; x_wconf 85' lang='lat' dir='ltr'><strong>electis.</strong></span> <span class='ocrx_word' id='word_1_630' title='bbox 1218 3650 1296 3707; x_wconf 89' lang='lat' dir='ltr'><strong>Unde</strong></span> <span class='ocrx_word' id='word_1_631' title='bbox 1310 3649 1460 3721; x_wconf 88' lang='lat' dir='ltr'><strong>aliquando</strong></span> <span class='ocrx_word' id='word_1_632' title='bbox 1476 3657 1557 3718; x_wconf 87' lang='lat' dir='ltr'><strong>caput</strong></span> <span class='ocrx_word' id='word_1_633' title='bbox 1580 3649 1690 3714; x_wconf 86' lang='lat' dir='ltr'><strong>Christi,</strong></span> <span class='ocrx_word' id='word_1_634' title='bbox 1708 3649 1737 3703; x_wconf 93' lang='lat' dir='ltr'><strong>id</strong></span> <span class='ocrx_word' id='word_1_635' title='bbox 1758 3658 1799 3704; x_wconf 89' lang='lat' dir='ltr'><strong>est</strong></span> <span class='ocrx_word' id='word_1_636' title='bbox 1821 3649 1896 3704; x_wconf 86' lang='lat' dir='ltr'><strong>diri-</strong></span> 
     </span>
     <span class='ocr_line' id='line_1_98' title="bbox 1095 3737 1895 3811; baseline -0.006 -15"><span class='ocrx_word' id='word_1_637' title='bbox 1095 3742 1182 3808; x_wconf 79' lang='lat' dir='ltr'><strong>nitas3</strong></span> <span class='ocrx_word' id='word_1_638' title='bbox 1198 3738 1346 3811; x_wconf 87' lang='lat' dir='ltr'><strong>aliquando</strong></span> <span class='ocrx_word' id='word_1_639' title='bbox 1362 3746 1444 3808; x_wconf 93' lang='lat' dir='ltr'><strong>caput</strong></span> <span class='ocrx_word' id='word_1_640' title='bbox 1458 3737 1600 3807; x_wconf 75' lang='lat' dir='ltr'><strong>Ecclesiae,</strong></span> <span class='ocrx_word' id='word_1_641' title='bbox 1623 3737 1650 3791; x_wconf 94' lang='lat' dir='ltr'><strong>id</strong></span> <span class='ocrx_word' id='word_1_642' title='bbox 1664 3746 1706 3792; x_wconf 89' lang='lat' dir='ltr'><strong>est</strong></span> <span class='ocrx_word' id='word_1_643' title='bbox 1720 3739 1895 3804; x_wconf 72' lang='lat' dir='ltr'><strong>hnmanitas,</strong></span> 
     </span>
     <span class='ocr_line' id='line_1_99' title="bbox 1095 3825 1897 3903; baseline -0.007 -18"><span class='ocrx_word' id='word_1_644' title='bbox 1095 3829 1241 3903; x_wconf 83' lang='lat' dir='ltr'><strong>aliquando</strong></span> <span class='ocrx_word' id='word_1_645' title='bbox 1256 3844 1358 3898; x_wconf 88' lang='lat' dir='ltr'><strong>corpus</strong></span> <span class='ocrx_word' id='word_1_646' title='bbox 1373 3827 1484 3894; x_wconf 88' lang='lat' dir='ltr'><strong>Christi,</strong></span> <span class='ocrx_word' id='word_1_647' title='bbox 1500 3826 1527 3881; x_wconf 90' lang='lat' dir='ltr'><strong>id</strong></span> <span class='ocrx_word' id='word_1_648' title='bbox 1544 3834 1584 3881; x_wconf 90' lang='lat' dir='ltr'><strong>est</strong></span> <span class='ocrx_word' id='word_1_649' title='bbox 1608 3834 1662 3882; x_wconf 90' lang='lat' dir='ltr'><strong>tota</strong></span> <span class='ocrx_word' id='word_1_650' title='bbox 1677 3825 1819 3896; x_wconf 81' lang='lat' dir='ltr'><strong>Ecclesia3</strong></span> <span class='ocrx_word' id='word_1_651' title='bbox 1842 3827 1897 3880; x_wconf 86' lang='lat' dir='ltr'><strong>ati-</strong></span> 
     </span>
     <span class='ocr_line' id='line_1_100' title="bbox 1096 3914 1896 3992; baseline -0.008 -18"><span class='ocrx_word' id='word_1_652' title='bbox 1096 3918 1206 3992; x_wconf 90' lang='lat' dir='ltr'><strong>quaudo</strong></span> <span class='ocrx_word' id='word_1_653' title='bbox 1230 3916 1351 3973; x_wconf 87' lang='lat' dir='ltr'><strong>Ecclesia</strong></span> <span class='ocrx_word' id='word_1_654' title='bbox 1374 3915 1418 3971; x_wconf 90' lang='lat' dir='ltr'><strong>lric</strong></span> <span class='ocrx_word' id='word_1_655' title='bbox 1443 3915 1470 3969; x_wconf 94' lang='lat' dir='ltr'><strong>in</strong></span> <span class='ocrx_word' id='word_1_656' title='bbox 1496 3915 1576 3970; x_wconf 90' lang='lat' dir='ltr'><strong>terris</strong></span> <span class='ocrx_word' id='word_1_657' title='bbox 1611 3916 1809 3988; x_wconf 79' lang='lat' dir='ltr'><strong>peregrinans3</strong></span> <span class='ocrx_word' id='word_1_658' title='bbox 1841 3914 1896 3969; x_wconf 86' lang='lat' dir='ltr'><strong>ali-</strong></span> 
     </span>
     <span class='ocr_line' id='line_1_101' title="bbox 1096 4003 1895 4082; baseline -0.006 -18"><span class='ocrx_word' id='word_1_659' title='bbox 1096 4007 1206 4082; x_wconf 89' lang='lat' dir='ltr'><strong>quando</strong></span> <span class='ocrx_word' id='word_1_660' title='bbox 1221 4006 1345 4062; x_wconf 86' lang='lat' dir='ltr'><strong>Ecclesia</strong></span> <span class='ocrx_word' id='word_1_661' title='bbox 1359 4020 1423 4061; x_wconf 92' lang='lat' dir='ltr'><strong>cum</strong></span> <span class='ocrx_word' id='word_1_662' title='bbox 1453 4004 1561 4060; x_wconf 85' lang='lat' dir='ltr'><strong>Christo</strong></span> <span class='ocrx_word' id='word_1_663' title='bbox 1589 4003 1617 4059; x_wconf 92' lang='lat' dir='ltr'><strong>in</strong></span> <span class='ocrx_word' id='word_1_664' title='bbox 1646 4005 1723 4061; x_wconf 87' lang='lat' dir='ltr'><strong>omlis</strong></span> <span class='ocrx_word' id='word_1_665' title='bbox 1751 4020 1895 4077; x_wconf 82' lang='lat' dir='ltr'><strong>regnans;</strong></span> 
     </span>
     <span class='ocr_line' id='line_1_102' title="bbox 1096 4093 1895 4169; baseline -0.008 -16"><span class='ocrx_word' id='word_1_666' title='bbox 1096 4096 1245 4169; x_wconf 86' lang='lat' dir='ltr'><strong>aliquando</strong></span> <span class='ocrx_word' id='word_1_667' title='bbox 1269 4110 1365 4149; x_wconf 87' lang='lat' dir='ltr'><strong>sanum</strong></span> <span class='ocrx_word' id='word_1_668' title='bbox 1392 4093 1556 4158; x_wconf 89' lang='lat' dir='ltr'><strong>membrum,</strong></span> <span class='ocrx_word' id='word_1_669' title='bbox 1583 4093 1610 4148; x_wconf 90' lang='lat' dir='ltr'><strong>id</strong></span> <span class='ocrx_word' id='word_1_670' title='bbox 1637 4101 1679 4148; x_wconf 88' lang='lat' dir='ltr'><strong>est</strong></span> <span class='ocrx_word' id='word_1_671' title='bbox 1701 4094 1809 4163; x_wconf 76' lang='lat' dir='ltr'><strong>justus:</strong></span> <span class='ocrx_word' id='word_1_672' title='bbox 1839 4093 1895 4148; x_wconf 81' lang='lat' dir='ltr'><strong>ali-</strong></span> 
     </span>
     <span class='ocr_line' id='line_1_103' title="bbox 1097 4181 1896 4259; baseline -0.003 -19"><span class='ocrx_word' id='word_1_673' title='bbox 1097 4186 1204 4259; x_wconf 90' lang='lat' dir='ltr'><strong>quando</strong></span> <span class='ocrx_word' id='word_1_674' title='bbox 1220 4184 1372 4239; x_wconf 88' lang='lat' dir='ltr'><strong>membrum</strong></span> <span class='ocrx_word' id='word_1_675' title='bbox 1396 4189 1544 4254; x_wconf 83' lang='lat' dir='ltr'><strong>aegrotans,</strong></span> <span class='ocrx_word' id='word_1_676' title='bbox 1567 4181 1594 4236; x_wconf 91' lang='lat' dir='ltr'><strong>id</strong></span> <span class='ocrx_word' id='word_1_677' title='bbox 1624 4189 1666 4236; x_wconf 89' lang='lat' dir='ltr'><strong>est</strong></span> <span class='ocrx_word' id='word_1_678' title='bbox 1693 4191 1822 4252; x_wconf 84' lang='lat' dir='ltr'><strong>peccator</strong></span> <span class='ocrx_word' id='word_1_679' title='bbox 1851 4182 1896 4238; x_wconf 92' lang='lat' dir='ltr'><strong>lo·</strong></span> 
     </span>
     <span class='ocr_line' id='line_1_104' title="bbox 1096 4270 1898 4348; baseline -0.002 -19"><span class='ocrx_word' id='word_1_680' title='bbox 1096 4275 1187 4348; x_wconf 90' lang='lat' dir='ltr'><strong>quitur</strong></span> <span class='ocrx_word' id='word_1_681' title='bbox 1204 4292 1210 4328; x_wconf 94' lang='lat'>:</span> <span class='ocrx_word' id='word_1_682' title='bbox 1226 4273 1331 4329; x_wconf 87' lang='lat' dir='ltr'><strong>atinde</strong></span> <span class='ocrx_word' id='word_1_683' title='bbox 1347 4279 1397 4338; x_wconf 83' lang='lat' dir='ltr'><strong>cst,</strong></span> <span class='ocrx_word' id='word_1_684' title='bbox 1422 4270 1497 4343; x_wconf 92' lang='lat' dir='ltr'><strong>quod</strong></span> <span class='ocrx_word' id='word_1_685' title='bbox 1520 4286 1647 4340; x_wconf 79' lang='lat' dir='ltr'><strong>personae</strong></span> <span class='ocrx_word' id='word_1_686' title='bbox 1668 4270 1697 4325; x_wconf 89' lang='lat' dir='ltr'><strong>in</strong></span> <span class='ocrx_word' id='word_1_687' title='bbox 1721 4270 1835 4343; x_wconf 82' lang='lat' dir='ltr'><strong>psalmis</strong></span> <span class='ocrx_word' id='word_1_688' title='bbox 1857 4271 1898 4327; x_wconf 87' lang='lat' dir='ltr'><strong>ita</strong></span> 
     </span>
     <span class='ocr_line' id='line_1_105' title="bbox 1096 4363 1245 4420; baseline -0.007 -1"><span class='ocrx_word' id='word_1_689' title='bbox 1096 4363 1245 4420; x_wconf 78' lang='lat' dir='ltr'><strong>varientur.</strong></span> 
     </span>
    </p>
   </div>
   <div class='ocr_carea' id='block_1_20' title="bbox 1055 4459 1892 4534">
    <p class='ocr_par' dir='ltr' id='par_1_27' title="bbox 1055 4459 1892 4534">
     <span class='ocr_line' id='line_1_106' title="bbox 1055 4459 1892 4534; baseline -0.005 -17"><span class='ocrx_word' id='word_1_690' title='bbox 1055 4466 1082 4525; x_wconf 92' lang='lat' dir='ltr'><strong>D</strong></span> <span class='ocrx_word' id='word_1_691' title='bbox 1133 4461 1251 4534; x_wconf 89' lang='lat' dir='ltr'><strong>Spiritus</strong></span> <span class='ocrx_word' id='word_1_692' title='bbox 1279 4468 1388 4516; x_wconf 90' lang='lat' dir='ltr'><strong>sanctus</strong></span> <span class='ocrx_word' id='word_1_693' title='bbox 1414 4459 1448 4515; x_wconf 89' lang='lat' dir='ltr'><strong>de</strong></span> <span class='ocrx_word' id='word_1_694' title='bbox 1477 4460 1566 4531; x_wconf 88' lang='lat' dir='ltr'><strong>capite</strong></span> <span class='ocrx_word' id='word_1_695' title='bbox 1593 4459 1733 4532; x_wconf 88' lang='lat' dir='ltr'><strong>loquitur,</strong></span> <span class='ocrx_word' id='word_1_696' title='bbox 1764 4460 1802 4513; x_wconf 90' lang='lat' dir='ltr'><strong>uti</strong></span> <span class='ocrx_word' id='word_1_697' title='bbox 1829 4459 1892 4514; x_wconf 90' lang='lat' dir='ltr'><strong>ibi:</strong></span> 
     </span>
    </p>
   </div>
   <div class='ocr_carea' id='block_1_21' title="bbox 1097 4549 1899 5426">
    <p class='ocr_par' dir='ltr' id='par_1_28' title="bbox 1097 4549 1899 5426">
     <span class='ocr_line' id='line_1_107' title="bbox 1097 4549 1892 4622; baseline -0.006 -14"><span class='ocrx_word' id='word_1_698' title='bbox 1097 4555 1199 4609; x_wconf 82' lang='lat' dir='ltr'><strong>Dentes</strong></span> <span class='ocrx_word' id='word_1_699' title='bbox 1214 4553 1266 4617; x_wconf 87' lang='lat' dir='ltr'><strong>air,</strong></span> <span class='ocrx_word' id='word_1_700' title='bbox 1283 4549 1310 4604; x_wconf 94' lang='lat' dir='ltr'><strong>id</strong></span> <span class='ocrx_word' id='word_1_701' title='bbox 1326 4557 1367 4605; x_wconf 90' lang='lat' dir='ltr'><strong>est</strong></span> <span class='ocrx_word' id='word_1_702' title='bbox 1391 4549 1521 4617; x_wconf 89' lang='lat' dir='ltr'><strong>Christus,</strong></span> <span class='ocrx_word' id='word_1_703' title='bbox 1546 4551 1594 4622; x_wconf 80' lang='lat' dir='ltr'><strong>qai</strong></span> <span class='ocrx_word' id='word_1_704' title='bbox 1616 4567 1674 4604; x_wconf 85' lang='lat' dir='ltr'><strong>aare</strong></span> <span class='ocrx_word' id='word_1_705' title='bbox 1698 4549 1769 4605; x_wconf 87' lang='lat' dir='ltr'><strong>uhir&#39;t</strong></span> <span class='ocrx_word' id='word_1_706' title='bbox 1796 4551 1892 4618; x_wconf 69' lang='lat' dir='ltr'><strong>(daal.</strong></span> 
     </span>
     <span class='ocr_line' id='line_1_108' title="bbox 1098 4637 1898 4710; baseline -0.003 -12"><span class='ocrx_word' id='word_1_707' title='bbox 1098 4647 1136 4710; x_wconf 89' lang='lat' dir='ltr'><strong>t),</strong></span> <span class='ocrx_word' id='word_1_708' title='bbox 1166 4651 1220 4697; x_wconf 87' lang='lat' dir='ltr'><strong>etc.</strong></span> <span class='ocrx_word' id='word_1_709' title='bbox 1253 4647 1332 4710; x_wconf 89' lang='lat' dir='ltr'><strong>caput</strong></span> <span class='ocrx_word' id='word_1_710' title='bbox 1358 4639 1393 4693; x_wconf 92' lang='lat' dir='ltr'><strong>dc</strong></span> <span class='ocrx_word' id='word_1_711' title='bbox 1419 4638 1511 4710; x_wconf 85' lang='lat' dir='ltr'><strong>seipso</strong></span> <span class='ocrx_word' id='word_1_712' title='bbox 1538 4639 1675 4709; x_wconf 89' lang='lat' dir='ltr'><strong>loquitur,</strong></span> <span class='ocrx_word' id='word_1_713' title='bbox 1706 4646 1733 4693; x_wconf 90' lang='lat' dir='ltr'><strong>ut</strong></span> <span class='ocrx_word' id='word_1_714' title='bbox 1760 4637 1820 4692; x_wconf 87' lang='lat' dir='ltr'><strong>int:</strong></span> <span class='ocrx_word' id='word_1_715' title='bbox 1841 4639 1898 4710; x_wconf 78' lang='lat' dir='ltr'><strong>Epo</strong></span> 
     </span>
     <span class='ocr_line' id='line_1_109' title="bbox 1097 4727 1897 4793; baseline -0.008 -6"><span class='ocrx_word' id='word_1_716' title='bbox 1097 4735 1195 4787; x_wconf 85' lang='lat' dir='ltr'><strong>auteur</strong></span> <span class='ocrx_word' id='word_1_717' title='bbox 1214 4728 1389 4786; x_wconf 82' lang='lat' dir='ltr'><strong>eonatitutur</strong></span> <span class='ocrx_word' id='word_1_718' title='bbox 1411 4743 1474 4783; x_wconf 81' lang='lat' dir='ltr'><strong>eum</strong></span> <span class='ocrx_word' id='word_1_719' title='bbox 1492 4743 1545 4782; x_wconf 77' lang='lat' dir='ltr'><strong>rca</strong></span> <span class='ocrx_word' id='word_1_720' title='bbox 1560 4727 1594 4782; x_wconf 89' lang='lat' dir='ltr'><strong>alr</strong></span> <span class='ocrx_word' id='word_1_721' title='bbox 1618 4743 1649 4784; x_wconf 84' lang='lat' dir='ltr'><strong>eo</strong></span> <span class='ocrx_word' id='word_1_722' title='bbox 1671 4727 1758 4793; x_wconf 82' lang='lat' dir='ltr'><strong>(Prot.</strong></span> <span class='ocrx_word' id='word_1_723' title='bbox 1783 4729 1824 4792; x_wconf 86' lang='lat' dir='ltr'><strong>ul,</strong></span> <span class='ocrx_word' id='word_1_724' title='bbox 1841 4735 1897 4782; x_wconf 88' lang='lat' dir='ltr'><strong>etc.</strong></span> 
     </span>
     <span class='ocr_line' id='line_1_110' title="bbox 1098 4816 1899 4891; baseline -0.007 -14"><span class='ocrx_word' id='word_1_725' title='bbox 1098 4820 1215 4891; x_wconf 87' lang='lat' dir='ltr'><strong>Spiritus</strong></span> <span class='ocrx_word' id='word_1_726' title='bbox 1230 4826 1342 4874; x_wconf 90' lang='lat' dir='ltr'><strong>sanctus</strong></span> <span class='ocrx_word' id='word_1_727' title='bbox 1356 4816 1476 4886; x_wconf 91' lang='lat' dir='ltr'><strong>loquitur</strong></span> <span class='ocrx_word' id='word_1_728' title='bbox 1490 4816 1525 4871; x_wconf 88' lang='lat' dir='ltr'><strong>dc</strong></span> <span class='ocrx_word' id='word_1_729' title='bbox 1540 4833 1667 4886; x_wconf 90' lang='lat' dir='ltr'><strong>corpore,</strong></span> <span class='ocrx_word' id='word_1_730' title='bbox 1683 4823 1712 4872; x_wconf 91' lang='lat' dir='ltr'><strong>ut</strong></span> <span class='ocrx_word' id='word_1_731' title='bbox 1727 4816 1783 4870; x_wconf 90' lang='lat' dir='ltr'><strong>ibi:</strong></span> <span class='ocrx_word' id='word_1_732' title='bbox 1799 4817 1899 4872; x_wconf 75' lang='lat' dir='ltr'><strong>xstitit</strong></span> 
     </span>
     <span class='ocr_line' id='line_1_111' title="bbox 1099 4904 1899 4979; baseline -0.006 -14"><span class='ocrx_word' id='word_1_733' title='bbox 1099 4909 1198 4979; x_wconf 81' lang='lat' dir='ltr'><strong>rapina</strong></span> <span class='ocrx_word' id='word_1_734' title='bbox 1212 4925 1227 4963; x_wconf 86' lang='lat' dir='ltr'><strong>rr</strong></span> <span class='ocrx_word' id='word_1_735' title='bbox 1243 4908 1352 4963; x_wconf 79' lang='lat' dir='ltr'><strong>dartris</strong></span> <span class='ocrx_word' id='word_1_736' title='bbox 1368 4906 1427 4961; x_wconf 81' lang='lat' dir='ltr'><strong>tuis</strong></span> <span class='ocrx_word' id='word_1_737' title='bbox 1442 4904 1534 4974; x_wconf 78' lang='lat' dir='ltr'><strong>(Paret.</strong></span> <span class='ocrx_word' id='word_1_738' title='bbox 1565 4909 1653 4971; x_wconf 78' lang='lat' dir='ltr'><strong>narr),</strong></span> <span class='ocrx_word' id='word_1_739' title='bbox 1669 4913 1725 4960; x_wconf 90' lang='lat' dir='ltr'><strong>etc.</strong></span> <span class='ocrx_word' id='word_1_740' title='bbox 1744 4906 1847 4975; x_wconf 91' lang='lat' dir='ltr'><strong>Corpus</strong></span> <span class='ocrx_word' id='word_1_741' title='bbox 1861 4906 1899 4960; x_wconf 89' lang='lat' dir='ltr'><strong>de</strong></span> 
     </span>
     <span class='ocr_line' id='line_1_112' title="bbox 1098 4993 1897 5068; baseline -0.001 -16"><span class='ocrx_word' id='word_1_742' title='bbox 1098 4997 1202 5068; x_wconf 90' lang='lat' dir='ltr'><strong>seipso,</strong></span> <span class='ocrx_word' id='word_1_743' title='bbox 1220 5005 1247 5051; x_wconf 90' lang='lat' dir='ltr'><strong>ut</strong></span> <span class='ocrx_word' id='word_1_744' title='bbox 1262 4996 1320 5050; x_wconf 88' lang='lat' dir='ltr'><strong>ibi:</strong></span> <span class='ocrx_word' id='word_1_745' title='bbox 1337 4996 1401 5051; x_wconf 85' lang='lat' dir='ltr'><strong>Dico</strong></span> <span class='ocrx_word' id='word_1_746' title='bbox 1416 5011 1464 5066; x_wconf 81' lang='lat' dir='ltr'><strong>epo</strong></span> <span class='ocrx_word' id='word_1_747' title='bbox 1477 5011 1562 5066; x_wconf 86' lang='lat' dir='ltr'><strong>opera</strong></span> <span class='ocrx_word' id='word_1_748' title='bbox 1577 5011 1639 5049; x_wconf 88' lang='lat' dir='ltr'><strong>area</strong></span> <span class='ocrx_word' id='word_1_749' title='bbox 1656 4995 1715 5065; x_wconf 78' lang='lat' dir='ltr'><strong>rapi</strong></span> <span class='ocrx_word' id='word_1_750' title='bbox 1728 4993 1829 5064; x_wconf 75' lang='lat' dir='ltr'><strong>(etta),</strong></span> <span class='ocrx_word' id='word_1_751' title='bbox 1842 5003 1897 5051; x_wconf 88' lang='lat' dir='ltr'><strong>etc.</strong></span> 
     </span>
     <span class='ocr_line' id='line_1_113' title="bbox 1098 5079 1899 5155; baseline -0.004 -14"><span class='ocrx_word' id='word_1_752' title='bbox 1098 5086 1250 5141; x_wconf 86' lang='lat' dir='ltr'><strong>blembrum</strong></span> <span class='ocrx_word' id='word_1_753' title='bbox 1266 5099 1363 5139; x_wconf 88' lang='lat' dir='ltr'><strong>sanum</strong></span> <span class='ocrx_word' id='word_1_754' title='bbox 1379 5082 1498 5155; x_wconf 89' lang='lat' dir='ltr'><strong>loquitur</strong></span> <span class='ocrx_word' id='word_1_755' title='bbox 1511 5091 1539 5137; x_wconf 87' lang='lat' dir='ltr'><strong>ut</strong></span> <span class='ocrx_word' id='word_1_756' title='bbox 1555 5082 1591 5137; x_wconf 89' lang='lat' dir='ltr'><strong>ibi</strong></span> <span class='ocrx_word' id='word_1_757' title='bbox 1608 5101 1614 5136; x_wconf 91' lang='lat'><strong>:</strong></span> <span class='ocrx_word' id='word_1_758' title='bbox 1634 5079 1754 5140; x_wconf 81' lang='lat' dir='ltr'><strong>Custodi</strong></span> <span class='ocrx_word' id='word_1_759' title='bbox 1768 5085 1899 5139; x_wconf 70' lang='lat' dir='ltr'><strong>terrineam</strong></span> 
     </span>
     <span class='ocr_line' id='line_1_114' title="bbox 1098 5172 1895 5248; baseline -0.004 -18"><span class='ocrx_word' id='word_1_760' title='bbox 1098 5192 1202 5239; x_wconf 80' lang='lat' dir='ltr'><strong>earnem,</strong></span> <span class='ocrx_word' id='word_1_761' title='bbox 1217 5174 1350 5248; x_wconf 88' lang='lat' dir='ltr'><strong>qrroninrn</strong></span> <span class='ocrx_word' id='word_1_762' title='bbox 1368 5177 1484 5229; x_wconf 81' lang='lat' dir='ltr'><strong>sanctae·</strong></span> <span class='ocrx_word' id='word_1_763' title='bbox 1498 5189 1562 5228; x_wconf 87' lang='lat' dir='ltr'><strong>srerrr</strong></span> <span class='ocrx_word' id='word_1_764' title='bbox 1583 5172 1673 5241; x_wconf 77' lang='lat' dir='ltr'><strong>(l’sal.</strong></span> <span class='ocrx_word' id='word_1_765' title='bbox 1701 5173 1820 5241; x_wconf 58' lang='lat' dir='ltr'><strong>axxxtrl,</strong></span> <span class='ocrx_word' id='word_1_766' title='bbox 1837 5180 1895 5227; x_wconf 87' lang='lat' dir='ltr'><strong>etr.</strong></span> 
     </span>
     <span class='ocr_line' id='line_1_115' title="bbox 1099 5259 1898 5334; baseline -0.004 -15"><span class='ocrx_word' id='word_1_767' title='bbox 1099 5264 1250 5319; x_wconf 85' lang='lat' dir='ltr'><strong>llernbrum</strong></span> <span class='ocrx_word' id='word_1_768' title='bbox 1265 5270 1401 5334; x_wconf 79' lang='lat' dir='ltr'><strong>aegrotum</strong></span> <span class='ocrx_word' id='word_1_769' title='bbox 1417 5268 1446 5315; x_wconf 93' lang='lat' dir='ltr'><strong>ut</strong></span> <span class='ocrx_word' id='word_1_770' title='bbox 1460 5259 1498 5314; x_wconf 92' lang='lat' dir='ltr'><strong>ibi</strong></span> <span class='ocrx_word' id='word_1_771' title='bbox 1515 5277 1522 5313; x_wconf 79' lang='lat'><em>2</em></span> <span class='ocrx_word' id='word_1_772' title='bbox 1537 5261 1669 5316; x_wconf 85' lang='lat' dir='ltr'><strong>llieercrc</strong></span> <span class='ocrx_word' id='word_1_773' title='bbox 1681 5262 1749 5325; x_wconf 84' lang='lat' dir='ltr'><strong>neri,</strong></span> <span class='ocrx_word' id='word_1_774' title='bbox 1769 5261 1898 5331; x_wconf 81' lang='lat' dir='ltr'><strong>Dareine,</strong></span> 
     </span>
     <span class='ocr_line' id='line_1_116' title="bbox 1099 5350 1638 5426; baseline -0.011 -17"><span class='ocrx_word' id='word_1_775' title='bbox 1099 5354 1231 5426; x_wconf 83' lang='lat' dir='ltr'><strong>quereiam</strong></span> <span class='ocrx_word' id='word_1_776' title='bbox 1246 5352 1384 5420; x_wconf 82' lang='lat' dir='ltr'><strong>infirrrrrrs</strong></span> <span class='ocrx_word' id='word_1_777' title='bbox 1398 5365 1461 5406; x_wconf 83' lang='lat' dir='ltr'><strong>suen</strong></span> <span class='ocrx_word' id='word_1_778' title='bbox 1477 5350 1568 5419; x_wconf 81' lang='lat' dir='ltr'><strong>(Psoi.</strong></span> <span class='ocrx_word' id='word_1_779' title='bbox 1588 5362 1638 5413; x_wconf 68' lang='lat' dir='ltr'><strong>rr).</strong></span> 
     </span>
    </p>
   </div>
   <div class='ocr_carea' id='block_1_22' title="bbox 1099 5454 1902 5794">
    <p class='ocr_par' dir='ltr' id='par_1_29' title="bbox 1099 5454 1902 5794">
     <span class='ocr_line' id='line_1_117' title="bbox 1135 5454 1901 5530; baseline -0.003 -15"><span class='ocrx_word' id='word_1_780' title='bbox 1135 5459 1212 5516; x_wconf 90' lang='lat' dir='ltr'><strong>Unde</strong></span> <span class='ocrx_word' id='word_1_781' title='bbox 1230 5457 1326 5530; x_wconf 89' lang='lat' dir='ltr'><strong>psalmi</strong></span> <span class='ocrx_word' id='word_1_782' title='bbox 1340 5472 1355 5510; x_wconf 91' lang='lat' dir='ltr'><strong>a</strong></span> <span class='ocrx_word' id='word_1_783' title='bbox 1370 5454 1497 5511; x_wconf 86' lang='lat' dir='ltr'><strong>fidelibus</strong></span> <span class='ocrx_word' id='word_1_784' title='bbox 1511 5455 1647 5511; x_wconf 89' lang='lat' dir='ltr'><strong>decantati</strong></span> <span class='ocrx_word' id='word_1_785' title='bbox 1662 5463 1718 5511; x_wconf 84' lang='lat' dir='ltr'><strong>tam</strong></span> <span class='ocrx_word' id='word_1_786' title='bbox 1732 5455 1801 5512; x_wconf 85' lang='lat' dir='ltr'><strong>viris</strong></span> <span class='ocrx_word' id='word_1_787' title='bbox 1815 5473 1901 5528; x_wconf 90' lang='lat' dir='ltr'><strong>qnam</strong></span> 
     </span>
     <span class='ocr_line' id='line_1_118' title="bbox 1100 5543 1902 5618; baseline -0.006 -13"><span class='ocrx_word' id='word_1_788' title='bbox 1100 5547 1236 5605; x_wconf 81' lang='lat' dir='ltr'><strong>defunctis</strong></span> <span class='ocrx_word' id='word_1_789' title='bbox 1251 5551 1374 5618; x_wconf 91' lang='lat' dir='ltr'><strong>prosunt,</strong></span> <span class='ocrx_word' id='word_1_790' title='bbox 1391 5545 1543 5602; x_wconf 80' lang='lat' dir='ltr'><strong>sicutescae</strong></span> <span class='ocrx_word' id='word_1_791' title='bbox 1553 5543 1613 5599; x_wconf 89' lang='lat' dir='ltr'><strong>solo</strong></span> <span class='ocrx_word' id='word_1_792' title='bbox 1624 5561 1675 5601; x_wconf 84' lang='lat' dir='ltr'><strong>ore</strong></span> <span class='ocrx_word' id='word_1_793' title='bbox 1685 5553 1800 5616; x_wconf 76' lang='lat' dir='ltr'><strong>sumptae</strong></span> <span class='ocrx_word' id='word_1_794' title='bbox 1810 5546 1902 5600; x_wconf 92' lang='lat' dir='ltr'><strong>omni-</strong></span> 
     </span>
     <span class='ocr_line' id='line_1_119' title="bbox 1099 5631 1901 5706; baseline -0.004 -12"><span class='ocrx_word' id='word_1_795' title='bbox 1099 5638 1151 5694; x_wconf 86' lang='lat' dir='ltr'><strong>bus</strong></span> <span class='ocrx_word' id='word_1_796' title='bbox 1174 5636 1304 5693; x_wconf 89' lang='lat' dir='ltr'><strong>membris</strong></span> <span class='ocrx_word' id='word_1_797' title='bbox 1328 5631 1472 5706; x_wconf 81' lang='lat' dir='ltr'><strong>proliciunt</strong></span> <span class='ocrx_word' id='word_1_798' title='bbox 1490 5650 1496 5689; x_wconf 91' lang='lat'>:</span> <span class='ocrx_word' id='word_1_799' title='bbox 1513 5634 1577 5706; x_wconf 89' lang='lat' dir='ltr'><strong>quia</strong></span> <span class='ocrx_word' id='word_1_800' title='bbox 1600 5649 1650 5704; x_wconf 91' lang='lat' dir='ltr'><strong>per</strong></span> <span class='ocrx_word' id='word_1_801' title='bbox 1672 5635 1755 5689; x_wconf 84' lang='lat' dir='ltr'><strong>rerba</strong></span> <span class='ocrx_word' id='word_1_802' title='bbox 1779 5633 1901 5704; x_wconf 88' lang='lat' dir='ltr'><strong>Spiritus</strong></span> 
     </span>
     <span class='ocr_line' id='line_1_120' title="bbox 1100 5722 1902 5794; baseline -0.007 -10"><span class='ocrx_word' id='word_1_803' title='bbox 1100 5727 1186 5784; x_wconf 89' lang='lat' dir='ltr'><strong>sancti</strong></span> <span class='ocrx_word' id='word_1_804' title='bbox 1200 5735 1254 5782; x_wconf 91' lang='lat' dir='ltr'><strong>tam</strong></span> <span class='ocrx_word' id='word_1_805' title='bbox 1265 5722 1385 5781; x_wconf 87' lang='lat' dir='ltr'><strong>deluncli</strong></span> <span class='ocrx_word' id='word_1_806' title='bbox 1396 5738 1477 5794; x_wconf 87' lang='lat' dir='ltr'><strong>quam</strong></span> <span class='ocrx_word' id='word_1_807' title='bbox 1485 5722 1538 5778; x_wconf 89' lang='lat' dir='ltr'><strong>riri</strong></span> <span class='ocrx_word' id='word_1_808' title='bbox 1550 5722 1577 5778; x_wconf 91' lang='lat' dir='ltr'><strong>in</strong></span> <span class='ocrx_word' id='word_1_809' title='bbox 1587 5722 1661 5778; x_wconf 89' lang='lat' dir='ltr'><strong>libro</strong></span> <span class='ocrx_word' id='word_1_810' title='bbox 1674 5724 1734 5779; x_wconf 78' lang='lat' dir='ltr'><strong>vitm</strong></span> <span class='ocrx_word' id='word_1_811' title='bbox 1743 5723 1902 5779; x_wconf 88' lang='lat' dir='ltr'><strong>scribentur</strong></span> 
     </span>
    </p>
   </div>
   <div class='ocr_carea' id='block_1_23' title="bbox 0 0 1986 6067">
    <p class='ocr_par' dir='ltr' id='par_1_30' title="bbox 0 0 1986 6067">
     <span class='ocr_line' id='line_1_121' title="bbox 0 0 1986 6067; baseline 0 0"><span class='ocrx_word' id='word_1_812' title='bbox 0 0 1986 6067; x_wconf 95' lang='lat' dir='ltr'><strong> </strong></span> 
     </span>
    </p>
   </div>
  </div>
 </body>
</html>
