3942 6067
121 304 190 361 rste

580 302 786 360 rnncrnrus
810 280 858 359 nn
881 300 1123 361 sncnnunttro
1142 302 1304 361 tnrnnrs.

1712 306 1781 363 leco

119 431 217 501 Neque
230 426 387 496 berbicarii,
407 444 498 501 neque
519 428 707 486 masculomm
728 428 921 486 concubitores
935 426 965 489 Α
979 427 1123 499 spirituali,
1148 428 1175 485 id
1199 437 1240 485 est
1262 444 1379 501 corpere
1405 428 1507 485 Christi
1531 436 1573 485 est
1597 428 1775 487 reliciendus·

120 534 235 590 regnam
249 516 428 589 possidebunt
438 519 463 587 (l
477 517 538 574 Cor.
558 518 609 589 vr).
630 518 693 574 llaec
709 517 819 591 quidem
833 515 922 572 inistis

121 606 168 663 sed
184 605 346 662 sanctificati
363 606 430 662 estis
444 608 472 663 in
487 608 596 663 nomiae
611 606 719 663 Domini
733 606 798 661 Jesu
812 604 920 672 Cbristi,

120 694 148 751 in
162 695 264 769 Spiritu
277 694 326 749 Dei
340 694 436 752 nostri.
451 695 529 753 Unde
544 711 598 751 non
612 696 741 751 Sanctum
755 703 921 761 sanctorum,

121 796 137 835 e
153 796 207 853 qno
219 794 301 833 enine
316 789 454 849 sanctum,
472 778 636 837 sanctificari
650 795 771 849 oramus,
788 780 837 835 sed
852 786 880 835 nt
895 779 922 834 in

121 866 337 925 sanctificatione
360 868 439 923 nobis
455 868 490 924 ab
513 884 547 924 eo
564 868 626 924 data
646 884 869 939 perseveremus.
888 868 922 925 tlt

120 956 168 1030 qui
182 958 267 1026 abeo
283 971 488 1013 recesseramus
504 974 554 1028 per
569 958 704 1022 superbiae
718 958 875 1025 vertitatem,
886 958 922 1015 ad

122 1044 211 1118 ipsnm
226 1052 396 1102 revertentes
420 1062 471 1117 per
493 1046 689 1116 bumilitatem,
714 1045 873 1103 sanetliieati
897 1047 921 1103 ei

120 1136 282 1207 jungamur,
295 1142 322 1190 et
336 1133 370 1190 ad
386 1134 583 1192 beatitudinem
608 1136 687 1209 regni
709 1133 830 1192 coeleslis
855 1151 920 1207 per·

123 1222 228 1297 tingere
243 1239 407 1289 mereamur,
420 1224 454 1279 de
469 1240 524 1297 que
536 1224 680 1291 Dominus,
695 1226 734 1279 ait
746 1243 752 1279 :
766 1226 845 1281 beuti
853 1241 922 1298 prtu-

118 1328 203 1385 pcres
215 1313 332 1386 spiritu,
344 1314 479 1385 quoniam
491 1315 615 1387 ipsorum
627 1319 670 1371 est
683 1330 834 1387 repriorans
845 1314 911 1372 cario

120 1400 924 1477 remittamus).Secundupetilioestriduenintrepnrsm

977 516 1055 573 Unde
1081 518 1177 590 spiritu
1201 516 1364 575 fortitudinis
1387 526 1461 590 optet
1486 518 1606 573 animum
1632 534 1648 574 a
1671 526 1780 591 torpere
1806 566 1810 573 .

976 604 1104 672 excituri,
1132 616 1159 663 et
1189 606 1320 677 operibus
1341 607 1452 677 justitire
1477 606 1600 670 inhiare,
1627 624 1661 665 ne
1685 608 1778 681 aliquo

976 694 1055 765 greci
1070 694 1170 752 delicto
1182 694 1377 763 intercedente,
1390 696 1577 751 abstineamus
1592 696 1627 751 ab
1643 695 1690 753 lllu
1704 713 1775 768 pane

976 782 1011 838 de
1027 798 1081 855 quo
1096 784 1241 856 Apostolus
1256 784 1293 840 sit
1306 800 1312 839 ε
1324 786 1425 842 Probet
1438 802 1467 841 sc
1480 786 1685 859 unusquisque,
1697 786 1725 839 el
1739 787 1780 841 sic

977 870 1011 928 de
1033 889 1106 943 punc
1126 874 1176 929 illo
1196 873 1263 929 ednt
1278 872 1304 945 (l
1324 874 1384 933 Cor.
1402 872 1456 943 xil,
1471 874 1544 931 unde
1557 889 1703 946 precamur
1721 872 1781 929 deri

977 960 1056 1017 nobis
1072 976 1171 1033 panem
1187 970 1311 1018 nestrum
1331 962 1536 1035 quotidianum,
1562 971 1590 1021 nt
1613 979 1645 1019 ex
1665 962 1779 1034 justitie

976 1049 1108 1122 operibus
1123 1050 1149 1104 in
1165 1048 1272 1107 cbristo
1287 1052 1423 1119 viventes,
1439 1068 1454 1107 e
1468 1068 1582 1123 corpore
1597 1068 1647 1109 sno
1662 1067 1716 1109 non
1732 1068 1779 1108 re-

976 1138 1117 1209 cedemus,
1132 1138 1181 1195 sed
1196 1140 1230 1197 sil
1244 1140 1323 1196 nobis
1338 1140 1416 1197 cibus
1431 1142 1617 1215 quotidianus,
1629 1157 1683 1215 quo
1693 1140 1773 1211 plene

976 1228 1121 1283 satiabitur
1131 1226 1221 1299 justus
1245 1244 1307 1286 cum
1330 1230 1494 1301 apparuerit
1508 1230 1598 1303 gloria
1612 1229 1681 1303 ejus.
1697 1228 1776 1286 Unde

977 1312 1111 1367 Dominus
1127 1330 1134 1367 ι
1150 1314 1230 1369 ilenti
1250 1314 1298 1387 ptri.
1314 1316 1447 1371 esuriant
1466 1317 1610 1371 elsitirtnt
1621 1314 1774 1387 iristitiam,

976 1398 1777 1475 peoniumipsisnlssrnltrnlur(linitis.vlricceptaiorli·

122 1494 214 1547 tunm.
226 1493 258 1545 ln
267 1489 506 1547 ordinedonorum
516 1492 700 1555 ascendendo,
713 1492 828 1565 Spiritus
838 1490 924 1561 pieta·
977 1490 1071 1547 tudine
1096 1489 1176 1563 hujus
1197 1490 1250 1546 cibi
1275 1490 1437 1561 spiritualis,
1464 1492 1556 1548 statim
1579 1499 1654 1548 reate
1677 1491 1777 1560 petitur

120 1578 156 1635 tis
169 1579 391 1650 ponitardonam
403 1581 563 1636 secundum.
575 1582 697 1655 Regnum
709 1582 760 1637 Dei
770 1581 923 1638 communis
977 1580 1055 1637 renia
1070 1578 1171 1635 delicti.
1188 1579 1266 1637 Unde
1280 1579 1403 1651 sequitur
1420 1598 1426 1634 :
1445 1582 1479 1636 lit
1493 1580 1607 1637 dimitte
1627 1582 1706 1637 nobis
1726 1580 1776 1637 dc·

121 1674 164 1724 est
178 1668 253 1724 salus
268 1668 400 1735 omnium,
417 1686 479 1741 quae
492 1670 621 1726 adveniet
636 1687 699 1726 cum
712 1670 740 1725 in
756 1668 809 1725 fine
828 1668 923 1726 soeculi
977 1669 1036 1725 bito
1051 1672 1149 1725 nestra
1163 1670 1240 1725 sicot
1255 1673 1283 1724 et
1294 1684 1345 1724 nos
1361 1667 1536 1725 dimittimus
1552 1668 1723 1725 debitoribus
1731 1686 1778 1726 nn·

120 1756 338 1813 maniiestnbitur
353 1758 412 1828 ejus
427 1773 557 1831 regnum.
588 1759 676 1815 Pietas
694 1759 751 1815 sire
765 1757 921 1831 benignitus
935 1781 964 1843 B
978 1759 1058 1814 stris.
1071 1758 1184 1814 Peccata
1201 1764 1292 1813 nostra
1306 1757 1433 1815 dicuntur
1448 1756 1541 1814 debite
1552 1766 1656 1827 nostra,
1673 1756 1778 1815 scilicet

120 1844 313 1917 compatiendo
336 1846 477 1917 proximis,
493 1846 712 1921 congratulando
731 1848 880 1920 prosperis,
896 1856 921 1903 el
978 1846 1040 1921 qnia
1056 1846 1081 1903 ei
1095 1844 1140 1919 qui
1156 1846 1322 1911 commodat,
1338 1844 1441 1903 scilicet
1456 1846 1578 1912 diabolo,
1592 1843 1703 1901 ‘debitor
1718 1846 1779 1902 exi-

120 1932 293 1993 ocndolenda
308 1935 447 1993 adversis.
475 1937 555 1995 Unde
578 1938 688 2009 pietatis
712 1945 754 1994 est
779 1952 925 1993 commune
977 1936 1024 1991 stit
1043 1937 1138 1992 borno.
1159 1934 1273 2005 Quoties
1288 1934 1461 2008 delinquitur,
1477 1935 1600 1993 debitum
1621 1942 1773 1991 mutuatur.

121 2023 241 2081 salutern
253 2023 376 2079 omnium
391 2024 462 2080 selle
478 2035 505 2082 et
518 2034 625 2097 optare,
636 2033 663 2083 et
679 2027 718 2081 ils
730 2042 840 2083 ornnem
854 2026 924 2081 inri·
979 2024 1033 2095 Qui
1048 2024 1118 2081 enim
1141 2024 1247 2080 luerunt
1263 2025 1320 2081 Deo
1335 2024 1473 2081 debitores
1494 2040 1543 2095 per
1559 2023 1698 2093 justitiam,
1715 2038 1780 2095 pec-

121 2112 195 2169 dism
218 2111 360 2195 relegare,
378 2112 435 2184 Qui
447 2115 522 2177 enirn
545 2114 665 2177 lideliter
686 2115 749 2174 aliis
774 2124 850 2187 optet
871 2116 924 2172 sibi
977 2121 1073 2173 centes
1086 2112 1154 2171 frunt
1166 2113 1307 2171 debitores
1321 2112 1432 2171 diabolo
1445 2128 1495 2183 per
1507 2112 1677 2183 injustitism.
1695 2113 1778 2169 Com-

121 2202 196 2273 qued
220 2202 305 2272 petit,
330 2200 463 2263 inerim
482 2202 603 2261 omnine
623 2202 756 2261 excludit.
783 2204 840 2262 Sed
861 2221 925 2261 cum
977 2202 1090 2259 mendat
1104 2200 1231 2258 diabulus
1250 2200 1287 2257 sd
1306 2214 1416 2256 nsurem
1439 2200 1659 2273 delinquentibus
1675 2214 1778 2274 pecca-

120 2289 495 2364 Densabaeternorepnct,
510 2300 668 2365 ctregnnm
689 2293 777 2365 ipsius
797 2294 924 2350 omnibus
979 2300 1067 2349 lorum
1099 2290 1252 2359 malitiam,
1282 2298 1310 2345 ut
1339 2290 1402 2345 inde
1430 2298 1637 2362 consequantur
1664 2298 1778 2346 mortem

120 2377 319 2444 dominabitur,
334 2395 449 2453 regnum
472 2380 533 2451 ejus
559 2382 678 2452 petimus
692 2382 835 2444 advenire,
847 2382 923 2439 seill-
978 2385 1122 2435 eternam.
1155 2376 1214 2431 lloc
1241 2374 1363 2431 debitum
1391 2373 1520 2431 diabolus
1555 2374 1644 2447 primo
1676 2374 1780 2431 bomini

122 2474 167 2524 cet
180 2467 298 2523 salutem
312 2468 490 2539 promissam,
508 2471 638 2541 passione
652 2470 712 2527 tilii
735 2471 776 2527 sui
800 2470 923 2543 acquisi-

121 2563 188 2623 tam,
203 2564 232 2611 ut
246 2556 348 2613 exutis
362 2573 480 2629 corpora
494 2559 579 2631 hujus
592 2559 688 2615 mortis
700 2559 758 2615 sire
772 2560 922 2626 servitutis,

122 2659 184 2701 cnm
200 2644 309 2702 Christo
334 2662 485 2719 regnemus
502 2648 577 2704 sicut
599 2647 737 2719 pollicitus
751 2657 815 2703 est:
831 2651 925 2707 Percl-

978 2464 1179 2529 commodevit;
1199 2465 1246 2538 qui
1267 2464 1383 2521 Domino
1404 2463 1510 2534 accepti
1533 2462 1659 2520 beneficii
1673 2464 1780 2520 debitor

977 2571 1041 2611 esse
1055 2554 1151 2621 noluit,
1167 2553 1191 2608 si
1206 2552 1410 2621 misericordes,
1427 2552 1516 2620 baati;
1543 2568 1636 2607 sanum
1651 2561 1693 2609 est
1707 2568 1777 2609 con-

978 2640 1066 2699 silium
1083 2638 1144 2697 aliis
1159 2640 1295 2708 misereri,
1320 2649 1348 2697 et
1370 2656 1424 2697 non
1445 2640 1554 2698 aestunri
1568 2640 1672 2697 facibus
1687 2642 1779 2697 erari-

118 2728 180 2802 pite
195 2745 315 2800 repnens
329 2730 389 2799 Dei,
401 2732 472 2805 quod
482 2737 619 2804 paratum
630 2736 673 2789 cst
682 2734 757 2790 robis
770 2734 804 2790 ab
814 2734 924 2805 oripine
977 2730 1032 2800 tiae,
1049 2732 1097 2788 sed
1113 2730 1184 2787 bona
1199 2730 1306 2802 largiri.
1328 2730 1384 2787 lloc
1398 2728 1541 2786 consilium
1557 2729 1637 2785 datur
1651 2746 1701 2801 per
1714 2731 1778 2802 Spi-

120 2818 224 2875 munst
247 2818 363 2889 (testi.
388 2821 503 2894 xxxiv).
533 2821 628 2895 ltaque
651 2821 922 2891 inridisreprobata,
978 2821 1062 2875 ritum
1078 2820 1138 2888 Dei,
1154 2818 1622 2889 utremittarnnsediaetinjuriss,
1644 2828 1778 2891 qnatenus

123 2904 293 2980 benignitate
304 2908 362 2964 sire
372 2908 581 2965 mansuetudine
591 2909 693 2981 Spiritu
704 2911 812 2981 pietatis
826 2911 923 2982 adeptu
978 2908 1111 2965 Dominus
1133 2908 1248 2964 dimittat
1267 2915 1382 2981 peccata
1398 2911 1501 2975 nostre,
1516 2913 1543 2963 et
1557 2906 1780 2965 misericordibus
1794 2944 1799 2951 ·

122 3001 227 3051 terrsm
241 2996 390 3053 viventium
404 2997 608 3069 possideamus,
625 2999 698 3070 quod
712 3008 754 3055 est
768 3000 873 3055 initium
897 3008 925 3055 et
977 2998 1192 3055 misericordiam
1204 2998 1353 3070 impendat.
1365 2995 1577 3067 Undcipseait:
1591 2996 1659 3053 Cum
1670 3000 1780 3055 steteri-
1795 3001 1803 3015 '

120 3082 219 3141 stabile
229 3083 444 3155 tundamentum,
450 3086 527 3157 justu
536 3085 603 3143 illud
614 3104 621 3141 :
634 3087 711 3144 Bruti
719 3088 922 3161 mites(lluttls.
980 3089 1017 3143 iis
1027 3086 1062 3143 ud
1070 3088 1237 3151 orationem,
1247 3086 1397 3152 remittite,
1408 3086 1434 3142 si
1444 3086 1507 3158 quis
1518 3086 1779 3160 aduersusaliqucm

120 3174 159 3245 r),
171 3181 224 3229 ete.
236 3172 325 3228 Tertia
341 3182 382 3231 est
395 3172 500 3246 petitio,
513 3176 575 3233 Fiat
592 3179 724 3235 coloratas
736 3178 872 3235 lonsicin
888 3178 920 3233 in
937 3139 963 3203 C
976 3177 1266 3251 bebetqscrslam,ol
1276 3178 1304 3231 et
1315 3177 1458 3248 reserent
1468 3176 1637 3233 incoelisest
1647 3177 1779 3233 remittat

119 3262 186 3319 eoelo
204 3265 233 3319 el
250 3262 283 3318 in
301 3267 389 3320 terre
406 3264 538 3321 Voluntas
552 3264 604 3322 Dei
618 3274 660 3321 est
674 3264 799 3323 custodia
810 3264 922 3323 manda·
973 3272 1491 3347 „ppispuar0,11),spcupdnmh00lp
1506 3272 1553 3329 dis
1564 3272 1658 3343 judieii
1669 3273 1777 3344 judica.

120 3358 209 3407 torum
224 3350 292 3422 ejas,
305 3350 333 3406 in
348 3352 448 3425 quibus
463 3354 645 3429 exsequendis
666 3354 806 3412 retributio
825 3358 919 3413 malta.
973 3362 1061 3429 beris,
1071 3372 1099 3420 ur
1114 3363 1188 3436 quod
1200 3361 1432 3434 lensi-ispalim,
1443 3360 1471 3419 Si
1482 3362 1555 3419 besti
1566 3362 1666 3418 mundo
1681 3364 1773 3430 eorde,

122 3436 240 3495 Oramus
264 3440 430 3502 voluntatem
445 3440 496 3499 Dei
511 3440 572 3500 fieri
585 3444 613 3499 in
627 3443 697 3501 coelo
713 3453 740 3500 et
752 3444 780 3499 in
796 3453 876 3514 terra,
893 3444 921 3501 id
973 3452 1139 3511 mundemur
1160 3460 1250 3509 mente
1268 3459 1295 3509 et
1310 3466 1439 3523 corpore,
1454 3450 1564 3509 vitands
1587 3458 1629 3509 est
1652 3451 1776 3509 ciberum

120 3534 163 3583 0⁵2
177 3528 205 3584 in
221 3543 338 3601 ⁰0ll³010
353 3539 380 3587 0²
394 3530 421 3586 ill
436 3531 538 3600 witti·
555 3541 582 3589 ¹¹¹
597 3534 622 3589 Εἰ
636 3542 710 3590 08510
726 3546 844 3605 00¹'ll0re
859 3549 921 3590 ser·
974 3541 1098 3614 crapula,
1115 3541 1188 3615 gulae
1202 3541 1383 3604 irritamenta,
1410 3540 1526 3597 interior
1547 3540 1660 3599 relectio
1675 3541 1779 3613 Spiritu

120 3624 227 3682 viamus
238 3635 265 3683 et
275 3628 377 3687 mundo
387 3629 470 3687 corda
478 3629 647 3701 placeamus.
658 3631 725 3687 Cum
736 3630 807 3689 enim
818 3648 922 3705 corpus
973 3630 1162 3703 intelligentiis
1176 3638 1218 3687 est
1231 3630 1395 3702 appetenda.
1420 3630 1489 3687 Cum
1511 3630 1585 3687 enirn
1599 3630 1691 3689 enims
1704 3631 1776 3688 inte-

116 3729 229 3789 eterrs,
244 3724 367 3796 spiritum
395 3742 429 3783 ex
453 3726 689 3785 coelobabesmua
702 3744 709 3782 ε
723 3728 753 3783 in
768 3730 849 3787 nobis
863 3730 921 3802 (qui
974 3720 1031 3777 rins
1060 3719 1189 3787 reficitur,
1215 3719 1305 3775 miuus
1332 3718 1447 3775 moleste
1475 3718 1644 3775 exteriorem
1678 3717 1777 3777 inmern

116 3832 211 3873 snmus
225 3818 327 3875 coelam
341 3827 368 3875 et
380 3822 467 3889 terra)
478 3820 649 3877 voluntatem
663 3819 715 3877 Dei
730 3820 791 3877 lieri
805 3821 832 3877 in
848 3830 922 3879 utre·
975 3818 1085 3889 patitur.
1102 3817 1181 3875 Unde
1196 3814 1330 3873 Dominus
1344 3815 1474 3871 tentatori
1489 3816 1649 3887 respondit:
1668 3817 1729 3874 lion
1743 3818 1776 3875 ist

117 3932 173 3989 qua
183 3917 364 3987 postulemus.
381 3918 461 3989 Quod
476 3919 541 3975 dete
555 3919 658 3992 Spiritu
673 3919 798 3977 scientim
810 3936 922 3977 exsecu-
975 3920 1033 3976 solo
1047 3932 1121 3990 pene
1136 3916 1205 3972 oioll
1219 3914 1300 3972 temo
1316 3912 1428 3985 (liettlr.
1446 3914 1496 3983 rr).
1514 3912 1654 3969 Orandum
1670 3920 1712 3969 est
1726 3916 1778 3971 its-

118 4012 187 4068 tioni
219 4014 333 4082 demas,
357 4030 410 4087 per
432 4031 517 4088 quem
543 4016 648 4073 scimus
669 4017 770 4074 dirius
792 4017 921 4074 voluntati
975 4030 1029 4089 que
1047 4024 1076 4070 ιιι
1095 4011 1206 4070 tentatio
1227 4028 1280 4069 non
1300 4010 1428 4080 dejiciet,
1452 4010 1501 4065 sed
1524 4010 1604 4067 oculo
1619 4010 1717 4069 mentis
1732 4012 1777 4068 lu-

116 4108 320 4179 obtempersre,
335 4119 363 4167 et
376 4111 456 4167 datur
469 4111 549 4166 nobis
563 4110 642 4179 iram,
658 4113 876 4187 indignationem
891 4122 920 4169 el
975 4116 1037 4172 cido
1052 4112 1246 4171 tentationibus
1261 4109 1383 4180 resistat;
1401 4116 1430 4164 ut
1442 4108 1529 4165 Deum
1544 4110 1777 4181 contemplatione

118 4206 345 4276 prarosillleitus
364 4208 487 4282 mitigare
512 4226 519 4263 :
547 4210 617 4267 Coro
643 4212 720 4267 eninr
747 4214 921 4286 concupiscit
975 4212 1074 4269 intueri
1090 4228 1142 4266 nan
1158 4226 1278 4275 cessans,
1297 4208 1387 4263 Deum
1408 4208 1436 4263 in
1459 4206 1548 4265 tuturo
1562 4206 1645 4265 sicuti
1664 4216 1708 4265 est
1731 4208 1773 4265 vi-

116 4303 250 4361 adeersus
284 4308 440 4381 spiritum,
461 4311 490 4363 el
512 4308 632 4381 spiritns
653 4310 789 4367 aduersus
806 4327 922 4367 curnem
975 4310 1051 4367 dent.
1074 4309 1174 4367 Ultima
1187 4306 1280 4379 petitio
1295 4304 1502 4377 eomprelreudit
1518 4306 1651 4379 quidquid
1668 4316 1710 4363 est
1726 4324 1777 4365 ne-

116 4401 189 4471 (Gul.
205 4402 236 4475 t).
251 4404 320 4459 Nam
334 4420 399 4461 cero
413 4404 526 4462 inclinat
547 4423 577 4462 se
600 4406 636 4461 ad
657 4414 780 4473 terrena,
806 4408 920 4481 spiritns
975 4423 1065 4473 cesse,
1082 4407 1216 4464 sciliceta
1231 4403 1305 4461 malo
1321 4402 1445 4459 liberari.
1471 4404 1544 4459 Nibll
1559 4404 1630 4461 enim
1646 4414 1688 4463 est
1704 4406 1778 4464 ultra

115 4499 199 4573 erigit
221 4518 251 4559 se
271 4502 305 4557 sd
329 4502 468 4569 coelastia,
497 4503 615 4577 ideoque
642 4504 846 4577 implorandum
870 4491 950 4563 estD
969 4504 1043 4579 quod
1058 4505 1156 4563 debeat
1170 4504 1256 4576 quaeri
1272 4519 1334 4567 cum
1349 4503 1382 4559 sil
1398 4501 1530 4575 perfectio
1553 4505 1636 4562 totius
1661 4506 1777 4579 religio·

116 4596 239 4655 dirinum
252 4599 392 4667 sutilium,
407 4608 437 4657 ut
451 4600 540 4657 mittat
553 4600 679 4673 spiritum
695 4603 827 4669 scientiar,
843 4604 921 4672 cujus
973 4604 1026 4659 nis.
1042 4601 1093 4671 Qui
1108 4602 1208 4657 enims
1224 4602 1297 4659 melo
1312 4608 1354 4659 est
1367 4600 1507 4669 liberatus,
1524 4604 1551 4659 in
1566 4619 1598 4661 se
1615 4602 1773 4675 requiescit,

116 4696 920 4771 opediseernamusquldbeneplacitumsjrnsvlnaepotun.
974 4706 1109 4763 generans
1132 4690 1252 4747 animum
1275 4690 1352 4762 peeis
1375 4698 1403 4747 et
1426 4690 1651 4762 tranquillinus,-
1666 4706 1720 4745 ιιοιι
1735 4697 1777 4747 est

116 4794 172 4859 uti,
198 4804 228 4850 st
250 4797 336 4853 eorde
350 4805 525 4853 muneramus
549 4800 710 4869 postpositis
741 4799 920 4857 emtas-ihu,
974 4790 1049 4859 qnod
1063 4788 1178 4845 interius
1192 4788 1235 4845 vel
1251 4786 1376 4845 exterius
1390 4795 1539 4859 repugnet,
1555 4786 1618 4857 quia
1638 4802 1689 4843 nec
1711 4800 1776 4843 caro

116 4888 237 4959 gaudiis,
254 4896 285 4942 nt
299 4889 327 4945 is
341 4892 514 4948 multitudine
529 4893 656 4949 dolorum
678 4903 707 4950 es
726 4897 918 4967 compunctio.
973 4902 1025 4958 par
1040 4886 1185 4953 luxuriam,
1201 4899 1254 4942 neo
1268 4884 1388 4939 mundus
1409 4898 1459 4954 per
1478 4882 1631 4947 avaritiam,
1647 4896 1698 4938 nec
1713 4880 1775 4937 die-

116 5000 192 5052 nnm,
207 4984 310 5057 Spiritu
323 4988 444 5046 scientim
458 4990 611 5048 laelilrcsnte
632 4992 759 5063 spiritam
783 5002 918 5063 nostrum,
974 4983 1053 5039 bolus
1067 4998 1118 5054 per
1130 4981 1261 5037 malitiam
1273 4986 1392 5053 possunt
1402 4978 1520 5049 dejicere
1534 4992 1551 5033 ιι
1565 4978 1774 5049 tranquillitate.

115 5083 291 5139 obtineamus
301 5085 498 5143 inaestimabilis
511 5086 634 5145 scientim
645 5105 765 5160 perenne
779 5092 917 5160 solatium,
973 5082 1032 5138 Ποῦ
1047 5078 1076 5135 ill
1090 5079 1187 5152 spiritu
1202 5077 1352 5151 Sillifflfiae·
1370 5077 1416 5148 ‘tui
1431 5092 1526 5132 Omnes
1540 5082 1629 5131 motus
1646 5092 1775 5132 Sflssssuum

116 5178 267 5236 secundum
292 5180 362 5238 illud
384 5201 391 5237 ε
413 5184 492 5241 senta
515 5186 564 5259 pal
584 5186 694 5259 lrspent,
713 5191 848 5261 quonism
862 5193 920 5267 ipss·
972 5177 1122 5252 componit,
1139 5186 1164 5234 et
1181 5178 1278 5233 rationi
1293 5174 1414 5242 subjicit.
1430 5174 1472 5229 De
1487 5172 1587 5229 talibus
1602 5174 1667 5229 elicit
1682 5174 1774 5229 Domi·

115 5280 506 5353 consotntnntarltlalttu).
516 5282 592 5338 Tunc
605 5284 632 5339 in
643 5285 723 5341 nobis
734 5287 858 5343 rotantes
871 5289 919 5345 Dei
972 5296 1024 5335 ¹1¹¹ss
1036 5294 1043 5334 ²
1057 5280 1111 5351 Epo
1126 5277 1189 5333 dixi
1200 5294 1207 5332 :
1220 5277 1266 5332 Dii
1280 5272 1361 5341 estis,
1375 5279 1429 5328 01⁰·
1445 5270 1524 5329 Unde
1540 5290 1547 5327 ²
1564 5272 1773 5344 eeusipncipes,

116 5366 240 5438 perfecte
261 5368 454 5443 complebitur,
470 5370 617 5445 adeptione
637 5388 691 5431 snae
711 5376 917 5435 consolationis.
971 5376 1109 5452 quonium
1119 5376 1174 5445 lilii
1189 5374 1238 5431 Dei
1253 5372 1428 5429 vocabantur
1437 5370 1546 5440 (linitis.
1559 5369 1598 5440 ι).
1615 5368 1774 5441 Congruen-

118 5464 223 5535 Qusrta
235 5468 330 5541 petitio
345 5478 385 5525 est
397 5483 403 5524 :
417 5448 663 5528 Penemnmtram
674 5473 871 5545 quotidianum
881 5477 918 5535 dn
971 5480 1014 5529 ter
1028 5470 1156 5529 videntur
1171 5467 1322 5527 Dominicae
1338 5464 1454 5523 arationi
1476 5462 1611 5537 assignari
1626 5478 1687 5536 quse
1701 5462 1775 5519 dieta

112 5562 194 5619 nabis
208 5564 299 5629 bodie,
318 5581 384 5625 cum
399 5583 478 5625 mens
503 5566 584 5623 taedio
603 5568 700 5626 acidlae
721 5568 914 5645 languescens,
969 5569 1089 5627 suntab
1113 5569 1186 5626 lseis
1208 5567 1242 5623 de
1265 5566 1364 5639 spiritn
1389 5562 1512 5629 Domini,
1532 5570 1559 5619 el
1581 5576 1672 5619 sermo
1692 5578 1773 5635 quem

113 5660 149 5716 ab
162 5660 331 5721 internorum
346 5678 442 5722 amora
464 5664 601 5723 bonorum
625 5667 793 5727 retrahitur:
809 5669 916 5729 animus
968 5648 1075 5727 locutus
1090 5666 1171 5725 estin
1187 5672 1278 5721 monte
1300 5662 1454 5735 discipulis.
1479 5661 1549 5717 Nem
1572 5658 1619 5717 illa
1638 5658 1686 5732 qui
1704 5676 1772 5733 prn-

112 5754 141 5813 in
163 5758 284 5830 torporis
308 5761 380 5821 lecto
401 5762 477 5836 jacet
502 5764 581 5837 quasi
604 5764 765 5839 languidus,
781 5767 827 5840 qui
843 5784 914 5843 pane
968 5766 1091 5841 pbetiam
1107 5764 1201 5836 edidit,
1212 5772 1238 5821 et
1252 5762 1299 5837 qui
1314 5777 1472 5823 sermonem
1481 5759 1624 5834 discipulis
1638 5757 1666 5815 in
1680 5768 1773 5819 monte
