3942 6067
207 225 260 279 aar
527 218 681 287 nonoau
700 219 957 279 aucusronurt.
980 218 1060 279 orr.
1079 218 1174 277 raas
1188 218 1239 275 ru.
1257 248 1293 263 -
1308 202 1514 279 irrorares.
1801 220 1862 275 osu
1965 200 1966 203 ‘

209 346 312 419 raDyso
326 345 497 419 proponitur.
506 346 545 404 Dc
557 347 643 419 liguo,
655 344 751 417 inquit,
763 346 892 403 scientiae
900 346 965 405 turc
976 350 1006 404 et
1019 348 1048 411 A
1062 346 1277 415 viastrsreruut,
1293 347 1359 405 dum
1375 348 1415 407 eis
1428 347 1555 419 exempla
1574 352 1784 419 proposuerunt.
1797 346 1862 403 lla·
1965 400 1966 421 ,

209 437 332 495 maline
346 436 488 493 comedar.
504 435 686 508 caecamque
699 434 746 491 dic
758 434 923 501 comederis,
933 451 1007 492 uror·
1060 452 1121 493 mos
1134 436 1169 493 de
1184 436 1263 493 olivis
1278 436 1429 505 caedebant,
1445 436 1511 496 dum
1524 435 1596 493 lacta
1610 442 1639 493 et
1651 434 1724 495 dicta
1737 436 1863 509 prophe·
1965 422 1966 447 ¹

212 529 241 585 ic
255 525 387 583 morieris
398 525 477 594 (Gerr.
489 527 531 594 rr).
544 523 571 580 Si
582 524 741 580 bancbomo
751 530 935 591 obsecrasset,
946 524 1007 596 ipse
1060 533 1149 582 tarum
1164 542 1213 583 eos
1226 524 1373 585 docebant.
1386 526 1437 583 Per
1450 525 1537 583 olivas
1547 524 1620 582 enim
1630 523 1864 597 propbelredesi-

213 618 240 668 et
253 618 309 667 tota
324 610 468 681 posteritas
481 610 541 676 ejus
555 608 646 664 anima
660 616 688 664 et
705 622 823 680 corpore
842 608 1007 665 immortalis
1058 618 1186 683 mantua,
1202 610 1247 683 qui
1263 610 1325 667 oleo
1344 610 1550 685 unguebantur.
1578 610 1679 667 Damus
1700 609 1734 666 ds
1757 608 1865 682 palmis

210 698 421 772 permansisset,
436 698 488 755 sed
502 697 568 771 quia
580 697 689 755 diabolo
709 698 844 753 suadente
867 700 938 754 banc
959 712 1006 754 co·
1059 700 1226 767 sternebant,
1241 700 1307 757 dum
1330 715 1439 775 pugnas
1462 716 1557 773 regum
1583 708 1680 757 contra
1703 706 1802 773 gentes
1833 706 1864 755 et

212 788 348 845 medendo
363 794 406 843 est
426 786 630 859 praevaricatus,
655 801 716 843 cum
739 786 813 842 omui
832 787 1006 845 successione
1059 804 1155 847 eorum
1170 788 1301 847 victorias
1329 789 1365 847 ad
1392 804 1514 863 pugnarn
1533 786 1644 861 spiritus
1668 794 1764 845 contra
1788 786 1865 845 vicia
1965 808 1966 863 3

213 892 263 934 aaa
277 874 575 934 estmortemultatus.
594 875 666 932 Ecce
679 891 750 931 unus
764 874 824 932 dies
837 874 946 932 mortis.
1058 878 1220 951 saporando
1240 876 1409 935 referebant.
1442 878 1493 935 Per
1519 876 1624 951 palmae
1647 876 1719 933 enim
1744 875 1865 934 melaria
1965 920 1966 945 ,

242 982 355 1039 Homini
369 982 404 1041 de
417 980 551 1055 paradyso
566 981 653 1051 ejecto
668 981 769 1038 inditur
787 980 830 1052 lea
852 980 1002 1039 naturalis:
1058 983 1157 1041 seium
1172 967 1309 1038 ⁸⁰⁰an
1323 967 1387 1040 ‘1⁰5⁸
1400 966 1492 1041 lmlma
1505 966 1619 1025 Visslllfil
1633 965 1743 1023 didius·
1757 965 1863 1023 Turb&
1965 1046 1966 1055 χ

210 1073 286 1141 Quen
298 1072 354 1129 tibi
366 1090 425 1130 non
440 1072 491 1138 vir,
500 1071 554 1129 clii
566 1088 603 1129 nc
615 1072 731 1143 soceris.
743 1071 772 1128 Si
786 1072 859 1129 hauc
871 1080 1004 1140 seruaret,
1057 1072 1118 1130 Μ
1124 1056 1293 1127 ⁰⁰¹¹1D⁸¹¹¹¹l⁸
1300 1055 1418 1114 D0l¹¹i¹l⁰
1426 1062 1609 1114 ⁰⁶⁰¹¹ll⁰ffl⁰⁸
1617 1063 1679 1113 ⁸⁰⁰¹
1689 1062 1787 1129 ΨΜ
1797 1071 1865 1129 (1⁰⁸2

209 1170 327 1219 mortem
348 1160 448 1218 animae
470 1161 621 1218 evaderet.
649 1158 704 1216 Sed
729 1161 795 1233 quia
815 1162 886 1217 banc
910 1160 1004 1219 tacere
1056 1144 1443 1219 fideml‘01'2‘2ll‘2flfflieil’iis
1466 1145 1575 1201 ⁸⁰²5b¹¹⁸
1599 1143 1700 1201 ΕΜ
1718 1152 1865 1217 ΡΜθΡῑῑ
1965 1148 1966 1201 ἓ

206 1251 353 1325 neglexit,
383 1258 499 1309 mortem
525 1250 627 1306 mundo
654 1249 769 1306 invexit.
796 1252 869 1308 Ecce
896 1251 921 1306 11
944 1252 1004 1308 dies
1059 1234 1254 1308 impleverunt·
1269 1234 1352 1291 ΡΜ
1367 1234 1570 1309 ll¹¹500ml¹¹l¹ffl
1580 1249 1642 1293 ΜΠ]
1654 1232 1864 1307 Ρθῖωῑθῦῧὸθθ·
1965 1246 1966 1267 ’

202 1339 311 1397 mortis,
1056 1331 1155 1395 parunt
1181 1332 1243 1381 sunt
1263 1332 1396 1397 martyres
1419 1322 1466 1397 qui
1488 1339 1550 1381 cunr
1571 1322 1660 1395 palma
1682 1322 1804 1380 uictoria
1824 1322 1865 1378 ad

1058 1406 1196 1463 Christum
1209 1414 1404 1479 pervenerunt.
1424 1407 1570 1479 Reliquum
1590 1406 1689 1481 vulgus
1710 1406 1784 1479 quod
1798 1406 1863 1463 Do·

1059 1495 1132 1553 mino
1147 1512 1208 1553 cunr
1224 1496 1322 1567 palmis
1337 1495 1441 1562 obviat,
1461 1511 1509 1553 eos
1531 1495 1579 1565 qui
1602 1495 1674 1553 vicia
1697 1494 1811 1553 vincunt
1833 1502 1865 1551 et

1057 1601 1118 1642 cum
1133 1586 1271 1658 triumpho
1286 1585 1407 1643 victorie
1422 1586 1540 1643 Domino
1550 1584 1688 1656 injudicio
1698 1592 1862 1653 occurrunt,

1059 1674 1187 1731 insinuat.
1204 1674 1337 1733 Dominus
1350 1673 1486 1731 escidium
1509 1674 1625 1731 civitatis
1642 1672 1768 1746 praedixit
1792 1674 1864 1747 quia

1058 1766 1130 1821 tuunc
1143 1764 1276 1821 mundum
1291 1762 1459 1821 dissolvendi
1477 1760 1703 1839 [dissolvendum]
1722 1761 1858 1820 astruxit.

240 1464 327 1521 Datur
353 1461 459 1521 bomini
485 1461 530 1519 lex
557 1462 720 1535 conscripta,
747 1479 829 1538 mam
852 1463 1003 1521 observans

202 1561 300 1626 posset
314 1561 427 1610 aeternae
435 1551 532 1609 mortis
542 1552 661 1610 eradere
671 1553 839 1610 discrimina.
852 1554 932 1612 Hanc
941 1554 1004 1628 quia

202 1641 385 1714 contempsit,
401 1641 524 1714 pondere
538 1658 588 1699 suo
603 1658 666 1699 eum
687 1642 716 1698 in
739 1651 826 1701 morte
849 1642 998 1717 depressit.

200 1730 275 1788 Ecce
290 1729 329 1790 lli
343 1730 403 1787 dies
417 1730 527 1787 mortis.

235 1850 417 1924 Drangellnrn
440 1849 542 1907 bomini
565 1851 740 1923 praedicatur,
759 1867 813 1923 per
840 1852 913 1923 quod
945 1852 1000 1909 rita
1053 1850 1153 1908 Turba
1166 1850 1470 1919 Osannaconclamaut,
1494 1866 1557 1909 cum
1580 1851 1699 1908 Domino
1719 1850 1861 1907 civitatem
1965 1892 1966 1911 ,

198 1942 301 1993 aterna
315 1938 440 2003 donatur,
469 1942 496 1991 et
519 1936 573 1992 hoc
598 1935 759 2008 despicitur,
789 1935 893 1991 idcirco
917 1937 999 1995 bomo
1053 1940 1204 2012 gaudentes
1228 1939 1339 2009 intrant,
1364 1940 1409 2013 qui
1433 1938 1517 2015 [quial
1541 1955 1604 1997 cum
1622 1954 1750 2011 sponsam
1778 1956 1859 2005 suam

197 2021 279 2081 morti
292 2022 438 2092 addicitur,
455 2024 528 2081 Ecce
551 2023 603 2081 llll
625 2024 684 2081 dies
711 2024 820 2081 mortis.
845 2026 902 2081 Hac
927 2040 998 2097 qua·
1053 2028 1207 2085 Ecclesiam
1221 2029 1257 2085 de
1270 2029 1319 2085 trac
1338 2028 1485 2101 babylonia
1499 2028 1527 2085 in
1551 2028 1689 2085 civitatem
1705 2027 1793 2083 Patris
1813 2027 1860 2085 sui

197 2114 341 2185 dripertita
355 2120 444 2169 morte
459 2129 549 2187 genus
562 2114 709 2171 humanum
726 2113 858 2171 baclcnus
871 2130 998 2186 pressum
1054 2116 1201 2185 induxerit,
1218 2133 1284 2173 suos
1299 2117 1502 2175 collaudatores
1518 2132 1613 2175 secum
1627 2116 1663 2173 ad
1678 2115 1787 2189 nuptias
1814 2116 1859 2173 in·
1965 2140 1966 2147 ¹

195 2202 331 2262 Dominus
342 2202 378 2259 ad
390 2202 474 2259 vitam
488 2202 586 2273 erexit,
605 2218 668 2259 cum
691 2202 728 2259 ad
750 2209 873 2259 montem
896 2202 998 2260 Oliveti
1053 2214 1126 2262 trare
1141 2206 1260 2275 iubebit.
1281 2207 1321 2262 De
1337 2205 1438 2278 templo
1452 2215 1575 2261 umentes
1594 2215 1620 2263 et
1639 2202 1789 2263 vendentes
1805 2220 1859 2263 co·
1965 2208 1966 2261 ζ

194 2291 328 2363 perrexit.
347 2292 425 2347 Horra
442 2290 542 2349 Oliveti
561 2294 604 2348 est
628 2290 760 2348 celsitudo
781 2291 871 2348 fidelis
891 2292 995 2365 populi,
1052 2291 1160 2351 tumbas
1174 2294 1284 2365 abjecit,
1301 2294 1365 2367 quia
1378 2310 1474 2351 omnes
1485 2292 1616 2351 ccclesias
1628 2293 1671 2352 cal
1684 2292 1794 2351 ordines
1811 2294 1858 2351 vel
1965 2312 1966 2327 ¹

194 2380 257 2438 oleo
275 2379 627 2439 recommendatum
647 2387 768 2437 montem
790 2380 923 2436 Dominus
946 2397 997 2437 re·
1051 2384 1164 2457 aliquod
1179 2384 1319 2457 spirituale
1334 2384 1436 2441 donum
1452 2392 1573 2441 ementes
1587 2382 1631 2439 rel
1653 2382 1803 2441 rendentes
1820 2384 1856 2441 de

194 2468 244 2539 nit,
260 2486 323 2529 cum
332 2470 366 2525 in
379 2484 464 2526 carne
478 2469 592 2527 veniens
606 2468 702 2527 lidelea
713 2469 750 2527 ad
764 2469 849 2527 tidem
867 2468 992 2543 collegit.
1053 2472 1156 2545 templo
1170 2472 1307 2531 coelestis.
1327 2472 1499 2531 Hierusalem
1515 2470 1638 2545 expellit.
1837 2466 1843 2473 ’

193 2558 270 2616 Duos
282 2558 432 2632 discipulos
445 2558 474 2615 in
501 2557 641 2617 ciuitatem
668 2559 752 2625 misit,
780 2558 845 2633 qais
870 2559 997 2617 doctores
1086 2563 1136 2621 Hic
1151 2563 1210 2619 dies
1223 2562 1372 2635 palmarum
1386 2570 1555 2633 nuncupatur
1568 2560 1616 2634 qui
1631 2556 1755 2633 erenrplo
1777 2557 1857 2615 illias

193 2646 247 2705 lide
262 2655 290 2705 el
302 2646 464 2721 operatione
478 2648 616 2719 periectos
630 2646 659 2704 in
675 2648 809 2707 mundum
823 2647 906 2705 arisit.
919 2650 996 2706 Duos
1051 2652 1144 2723 populi
1161 2652 1196 2707 ab
1211 2650 1337 2707 uniuersa
1352 2650 1477 2708 Ecclesia
1491 2665 1554 2707 cum
1571 2649 1670 2721 palmia
1690 2656 1718 2709 et
1738 2648 1856 2706 floribus

192 2735 278 2805 misit,
293 2736 357 2809 quia
370 2736 425 2793 duo
439 2737 614 2793 Testamenta
627 2738 697 2793 duos
711 2736 838 2808 populos,
852 2735 996 2795 iudaicam
1050 2740 1215 2796 celebratur.
1227 2739 1306 2796 Hunc
1316 2755 1392 2811 ergo,
1404 2738 1564 2806 karrissimi,
1576 2738 1788 2812 Redemptorem
1803 2753 1855 2795 no·

195 2832 340 2889 scilicetet
353 2830 495 2904 gentilem,
510 2831 604 2888 doceri
624 2831 721 2889 voluit.
736 2833 812 2889 Duos
833 2831 907 2889 mrsit
930 2833 996 2905 quis
1050 2837 1133 2885 strum
1157 2844 1259 2903 magna
1283 2844 1350 2887 voce
1371 2827 1488 2899 laudate,
1514 2828 1652 2885 continuis
1671 2827 1801 2901 precibus
1827 2826 1854 2883 ci

195 2920 250 2977 duo
267 2927 406 2991 praecepta
419 2918 575 2976 dilectionis
588 2918 623 2983 (ί0
637 2924 698 2988 til,
713 2920 873 2992 r⁰)actiros
886 2929 913 2977 et
927 2936 995 2979 con·
1049 2916 1254 2989 supplicarent
1275 2916 1507 2992 quemadmodum
1528 2918 1647 2999 populus
1672 2918 1855 2975 Hebraeorum
1965 2950 1966 2961 .

193 3007 369 3081 templatiroa
382 3023 495 3065 serrare
509 3007 638 3064 instituit.
657 3008 710 3079 Qui
723 3009 828 3066 asinam
841 3017 869 3065 et
891 3009 995 3082 pullum
1049 3006 1088 3061 illi
1102 3007 1135 3062 ad
1151 3005 1306 3079 passionem
1327 3006 1444 3063 venienti
1470 3021 1535 3064 curn
1557 3004 1656 3079 palmis
1680 3014 1707 3062 et
1734 3005 1854 3063 lloribus

107 3116 111 3121 ·
193 3097 376 3163 adduxerunt,
391 3096 457 3170 quia
470 3095 712 3154 circumcisionem
725 3105 754 3154 et
772 3097 942 3170 prepucium
959 3098 997 3155 ad
1011 3076 1036 3141 0
1051 3096 1180 3162 occurrit,
1210 3104 1237 3153 et
1264 3095 1381 3169 quodam
1412 3096 1493 3153 modo
1521 3096 1687 3169 triumphum
1714 3094 1787 3152 illius
1817 3095 1855 3151 de

195 3187 281 3243 tidem
295 3193 502 3245 converterunt.
533 3186 586 3242 Per
613 3186 719 3242 asinam
741 3186 815 3243 enim
834 3186 996 3260 intelligitur
1050 3193 1137 3243 morte
1151 3184 1295 3258 praecinuit
1321 3185 1356 3241 ita
1384 3201 1435 3242 noa
1463 3201 1526 3243 cum
1553 3185 1643 3259 palma
1672 3184 1790 3243 victoriae
1818 3184 1855 3241 de

195 3272 997 3349 Judaeajuagolegisligata3pullusautemindomitnserat
1050 3274 1157 3331 mundo
1182 3274 1351 3347 triumphum
1366 3272 1439 3331 illius
1460 3275 1494 3333 de
1519 3284 1608 3332 morte
1633 3273 1786 3348 praecinuit,
1816 3273 1856 3330 ita

197 3363 309 3439 gentilis
322 3364 451 3437 populus,
464 3362 539 3419 nulla
558 3364 621 3436 lage
638 3364 813 3433 constrictus,
829 3364 997 3423 Vestimenta
1051 3379 1103 3421 nos
1118 3378 1180 3420 cunr
1195 3361 1287 3436 palma
1311 3362 1431 3421 victoriae
1452 3362 1487 3421 de
1511 3362 1613 3420 mundo
1637 3371 1667 3419 et
1689 3361 1767 3419 viciis
1791 3378 1858 3421 curn

198 3453 319 3524 desuper
332 3461 493 3525 posuerunt,
509 3453 574 3510 dum
588 3453 630 3510 eis
644 3453 716 3511 bona
727 3454 854 3526 exempla
869 3454 998 3527 praebue-
1052 3452 1167 3510 llcribus
1182 3451 1316 3509 bonorum
1340 3468 1454 3525 operum
1472 3450 1499 3510 ei
1518 3452 1553 3509 ad
1574 3450 1711 3522 iudicium
1735 3450 1859 3509 venienti

198 3550 274 3600 rant.
306 3540 452 3599 Dominum
479 3542 676 3615 imposuerrml,
706 3544 774 3600 dum
791 3543 930 3603 Christum
950 3559 999 3617 per
1053 3556 1198 3599 occurrere
1226 3540 1375 3609 valeamus,
1407 3550 1434 3597 et
1460 3556 1522 3598 cum
1548 3540 1687 3615 triumpho
1715 3538 1859 3599 coelestcm

199 3630 284 3690 tidem
293 3631 422 3690 cordibus
440 3647 538 3690 comm
559 3632 772 3707 impresserunt.
790 3632 958 3691 Vestimenta
971 3632 1000 3691 ia
1054 3630 1223 3687 Hierusalem
1237 3646 1301 3688 cum
1315 3645 1348 3687 eo
1364 3631 1400 3689 ad
1413 3630 1522 3705 nuptias
1537 3630 1641 3689 intrare
1655 3646 1820 3689 mereamur.

242 3830 303 3893 Hic
317 3828 367 3893 sac
381 3828 476 3893 tinem
492 3830 520 3892 si
535 3829 601 3913 ris3
616 3830 665 3894 sin
680 3837 796 3907 autem,
814 3831 885 3894 baec
898 3830 1019 3912 adjice.

238 4002 273 4075 (p
288 4001 353 4073 tat)
366 4000 432 4058 Hac
446 3997 537 4058 omnia
550 3999 616 4059 olim
630 4000 787 4077 figuraliter
804 4010 1008 4075 precessemut
1058 4002 1168 4068 minari,
1181 4000 1208 4057 iu
1223 4008 1340 4075 utroque
1355 4010 1433 4075 poste
1448 4009 1592 4074 ponerent,
1610 4009 1639 4059 et
1652 4002 1743 4073 ipsum
1756 4016 1861 4078 agnum
1965 4044 1966 4055 ,

204 4098 232 4149 et
257 4098 352 4148 nostra
381 4097 505 4163 tempora
546 4090 627 4164 quasi
667 4090 755 4167 digito
796 4092 1009 4150 demonstrare·
1059 4106 1153 4148 assum
1168 4091 1195 4147 in
1209 4090 1336 4147 domibus
1351 4090 1606 4149 comederentlloc
1620 4090 1700 4165 signo
1715 4092 1784 4157 viso,
1800 4106 1864 4163 per-

203 4186 283 4237 runt.
310 4178 449 4235 abrabam
472 4194 587 4236 servum
608 4196 690 4237 suum
713 4196 795 4254 super
817 4179 1010 4237 circumcisum
1060 4180 1167 4238 cutiens
1180 4180 1296 4253 angelus
1315 4180 1503 4252 pertransiens
1527 4182 1701 4253 prmogenlta
1714 4180 1862 4256 AEgyptio·

206 4268 362 4327 membrum
376 4283 456 4324 suum
466 4268 563 4339 jurare
578 4269 719 4342 compulit,
740 4270 774 4326 de
798 4285 853 4345 quo
873 4269 1011 4327 Christum
1061 4286 1122 4325 rum
1136 4268 1282 4341 percussit,
1295 4274 1321 4324 et
1336 4268 1603 4342 Dondanspopulum
1619 4284 1699 4325 suum
1709 4280 1775 4326 cum
1789 4285 1861 4326 auro

206 4358 236 4416 in
259 4373 343 4415 carne
360 4358 560 4415 descensurum
583 4358 728 4431 praescivit,
752 4367 782 4415 ut
803 4359 832 4415 in
849 4361 1008 4433 Hesepota·
1022 4394 1049 4459 D
1064 4365 1092 4415 et
1103 4364 1220 4430 argento
1234 4357 1262 4414 in
1274 4356 1456 4415 exsultatione
1470 4366 1498 4414 et
1511 4356 1609 4415 laeticia
1627 4357 1720 4414 eduxit
1737 4372 1818 4430 quem
1833 4358 1862 4413 in

206 4448 291 4505 mium
305 4450 433 4521 pergeret
448 4454 474 4505 et
492 4446 556 4504 inde
570 4464 683 4505 uxorem
703 4447 759 4507 tilio
777 4466 828 4507 suo
842 4449 1004 4507 adduceret.
1065 4448 1192 4504 columna
1206 4446 1279 4521 ignis
1293 4446 1321 4502 in
1336 4456 1417 4505 nocte
1430 4447 1582 4521 precessit,
1598 4446 1727 4504 columna
1740 4446 1821 4504 nubis
1834 4448 1863 4503 in

211 4536 264 4609 Qui
275 4537 432 4607 juramento
446 4536 611 4594 constrictus
623 4541 652 4592 tn
667 4538 821 4595 chaldaeam
837 4538 935 4611 pergit,
951 4538 1009 4595 lle-
1062 4536 1107 4593 die
1121 4536 1248 4609 proterit.
1259 4536 1333 4591 liare
1344 4536 1464 4592 liubrum
1479 4534 1580 4603 divisit,
1591 4550 1642 4607 per
1656 4534 1730 4609 quod
1743 4535 1863 4609 popalus

208 4622 325 4680 beccam
338 4621 412 4692 juxta
428 4620 532 4679 fontem
546 4621 681 4696 repperit,
697 4638 765 4680 auro
787 4631 814 4679 et
833 4622 951 4697 gemmis
964 4638 1010 4679 or·
1063 4622 1138 4678 sicco
1152 4619 1269 4693 resbgio
1283 4620 1417 4677 transivit.
1428 4616 1527 4677 Hostes
1542 4636 1609 4677 vero
1623 4620 1801 4695 insequentes
1810 4620 1863 4678 ssu-

209 4719 305 4768 nctsm
318 4710 355 4767 ad
368 4711 458 4768 isaac
470 4710 592 4769 adducit.
611 4711 658 4770 Sic
671 4712 742 4769 ordo
756 4712 900 4771 doctorum
920 4712 1011 4771 aDeo
1064 4718 1123 4769 ctus
1138 4710 1255 4783 operuit,
1271 4710 1399 4783 populum
1414 4718 1534 4766 autema
1550 4710 1648 4767 timore
1667 4710 1860 4768 commeruit.
1965 4690 1966 4761 ἶ

208 4800 237 4858 in
256 4799 389 4857 mnndum
411 4798 513 4855 misens
534 4800 636 4857 Christi
658 4802 874 4860 incarnationem
890 4804 1010 4861 constri-
1064 4798 1347 4871 Qucmlaelantemad
1362 4797 1441 4855 lxx
1451 4798 1754 4870 pulmasetXllioutes
1770 4815 1861 4873 aqua-

210 4896 271 4949 ctus
281 4890 326 4961 (t),
338 4888 492 4946 Ecclesiam
503 4890 580 4959 juxta
594 4889 696 4948 iontem
710 4892 882 4964 baptismatis
895 4893 1009 4961 invenit,
1065 4906 1124 4945 rum
1138 4888 1257 4955 vocarit,
1272 4888 1402 4959 deinceps
1417 4887 1521 4945 coelcsti
1541 4902 1612 4963 panc
1625 4888 1735 4948 cibavit.
1753 4888 1862 4962 Aquam

211 4995 279 5036 auro
292 4978 420 5048 caritatis,
436 4978 554 5052 gemmis
568 4978 702 5037 bonorum
719 4996 835 5053 operum
854 4983 1011 5039 decoratam
1065 4978 1101 5034 de
1115 4983 1190 5048 petra
1205 4976 1248 5033 bls
1262 4990 1392 5049 percussa
1407 4976 1447 5034 eis
1461 4977 1598 5050 produxit,
1616 4994 1678 5051 que
1699 4992 1746 5035 eos
1775 4992 1862 5051 usque
1965 4978 1966 4983 ’

211 5068 248 5127 ad
261 5084 357 5126 aarum
370 5068 461 5125 Ysaac
474 5066 612 5125 Christum
626 5069 751 5129 adducit.
1065 5066 1101 5124 ad
1116 5072 1217 5123 terram
1232 5067 1396 5139 promissam
1410 5068 1564 5124 commitata
1584 5066 1724 5139 prollurit.
1741 5066 1862 5138 Quidam
1965 5096 1966 5113 .

249 5158 370 5231 Populus
379 5156 853 5236 inAEgyptoanaraoneallligitur
862 5168 890 5217 et
904 5159 1012 5233 lloyses
1065 5170 1160 5213 eorum
1171 5163 1267 5212 contra
1278 5162 1315 5212 lot
1326 5154 1458 5213 beneficia
1467 5155 1566 5229 ingrati
1577 5164 1824 5227 murrmuarerunl,
1836 5164 1863 5214 et

211 5248 249 5308 ad
262 5246 436 5307 liberandam
448 5262 513 5305 eum
526 5247 748 5322 minitantique
763 5248 1013 5324 dammultasigna
1066 5246 1101 5300 ab
1115 5243 1209 5319 ignitis
1224 5243 1398 5316 serpentibus
1408 5244 1555 5316 pericmnt.
1568 5242 1660 5314 Quam
1685 5243 1721 5302 cb
1735 5260 1794 5302 reru
1809 5260 1862 5319 po-

200 5333 290 5401 tiunt,
306 5331 384 5407 magi
405 5331 431 5389 ei
451 5331 591 5391 resistunt.
610 5332 661 5391 llic
682 5334 791 5407 llcyses
805 5333 886 5405 jussit
908 5349 1012 5408 agnum
1067 5333 1131 5406 palo
1145 5334 1314 5391 acclamante
1327 5341 1354 5389 et
1369 5340 1462 5406 tropas
1475 5334 1513 5389 ad
1527 5334 1673 5391 omaus
1687 5344 1789 5405 maala,
1799 5337 1862 5407 ius·

213 5424 321 5497 absque
335 5420 448 5481 macula
459 5421 568 5480 decima
587 5421 633 5479 dia
655 5421 736 5497 primi
763 5422 867 5481 mensis
885 5423 1011 5482 concludi
1066 5424 1101 5480 ait
1112 5422 1244 5480 Dominus
1258 5430 1287 5479 ut
1300 5438 1398 5481 eneas
1409 5438 1524 5497 serpena
1543 5425 1768 5497 suspenduntur,
1780 5442 1861 5498 cmm

215 5519 243 5567 et
257 5517 356 5582 quarta
369 5508 414 5567 die
427 5510 463 5565 ad
480 5526 625 5583 vesperam
647 5510 775 5569 inmolari
788 5512 866 5583 cujus
879 5512 1015 5585 sanguina
1066 5511 1191 5585 percussi
1201 5527 1218 5569 a
1228 5512 1401 5585 serpentibus
1410 5511 1588 5586 inspicientes
1598 5528 1615 5569 a
1624 5522 1712 5573 marte
1722 5513 1860 5587 eriperen-

214 5597 286 5653 cstia
305 5598 449 5653 domorum
472 5598 500 5654 in
521 5600 634 5657 modum
659 5600 750 5657 crucis
772 5601 922 5675 signarent,
946 5602 1011 5657 dom
1065 5609 1117 5659 tur.

216 5696 280 5739 eum
294 5683 323 5739 in
336 5689 452 5756 quatuor
464 5681 544 5755 locis,
559 5686 664 5745 scilicet
677 5689 707 5743 in
722 5688 824 5757 limine,
840 5690 870 5745 in
893 5689 1011 5763 superli-
1101 5689 1194 5747 Terrae
1206 5696 1299 5749 autem
1312 5689 1572 5765 appropinquantes,
1593 5690 1647 5749 Xll
1668 5688 1854 5763 exploratorea
