3942 6067
101 286 155 341 98⁹
464 280 648 341 sciscitabit
667 280 855 340 scctsstst.
875 313 911 324 -
929 278 977 339 DE
996 278 1048 340 SS.
1074 278 1190 349 ΡΕΤΒΟ4
1208 279 1252 339 ET
1270 276 1399 339 sunto.
1707 282 1761 343 970

103 408 288 468 dielsudibus
302 418 413 468 orentes
433 410 470 467 ad
492 412 619 467 thronum
644 409 742 484 gloriae
766 409 907 466 mittemus
919 415 948 478 Α
961 407 990 463 in
1020 407 1120 481 quibus
1149 406 1223 463 Deus
1245 422 1341 463 omnes
1365 406 1517 465 voluntates
1542 420 1606 462 sues
1628 404 1760 465 mirifica-

103 510 133 557 ut
146 500 364 558 misericordiam
378 515 582 573 consequamur
595 508 623 557 et
637 498 755 575 grutiarn
770 499 797 555 in
821 498 902 555 unxi·
961 496 999 553 vit
1013 498 1104 569 (Prot.
1134 496 1184 569 ιιι)
1199 504 1227 553 et
1250 512 1298 553 eos
1319 512 1394 555 nunc
1418 496 1447 551 in
1468 510 1555 569 regnu
1577 493 1675 568 gloriae
1698 495 1761 555 Filii

102 589 141 646 lio
154 598 291 662 oportuno
304 590 578 662 inveniamug(flebr‚
594 590 645 662 pv),
661 598 691 645 ιιι
705 587 807 664 gaudia
821 595 905 645 aeiep.
959 580 1003 635 sui
1019 578 1193 637 ineffabiliiet'
1214 576 1393 650 glollfiCEVii.
1420 577 1474 637 Ubt
1488 576 1585 636 oculus
1600 584 1628 637 Oi
1641 578 1719 637 turis
1738 579 1764 653 (l

101 694 146 745 na,
161 694 223 753 quse
237 678 319 736 nobis
333 680 370 736 ob
384 679 507 737 facinora
521 687 617 735 nostre
640 679 814 751 denegantur
840 693 907 749 pro-
963 672 1024 728 dor.
1040 670 1071 739 ιι)
1087 676 1114 727 et
1127 675 1238 727 cetera.

100 776 163 840 pter
183 768 398 827 intercessiones
420 776 448 826 et
470 768 566 825 merita
597 768 708 825 illorum
727 768 904 824 tribuantur.

557 1275 630 1361 DE
670 1273 746 1362 SS·
786 1268 966 1359 PETRO
1003 1266 1073 1353 ΕΤ
1113 1264 1310 1353 PAULO.

142 1509 613 1585 Ascendet,ltoorfoe,scpersqnos
632 1516 694 1569 taor
714 1516 742 1569 ef
762 1509 905 1583 quadripes
958 1508 1009 1565 llic
1024 1506 1142 1563 Domino
1163 1520 1221 1578 prm
1231 1504 1358 1562 omnibus
1376 1503 1510 1577 apostulis
1524 1504 1685 1562 familiarius
1706 1504 1761 1563 td-

104 1600 414 1669 tsoescluetioltlcioe.
430 1600 486 1671 ιιι).
506 1600 635 1658 Summus
649 1599 744 1674 opifex
757 1600 904 1667 Deuslsa·
958 1596 1090 1663 berebet,
1113 1610 1171 1668 prae
1194 1594 1322 1651 omnibns
1344 1608 1408 1651 cum
1442 1593 1591 1653 ferventius
1613 1593 1759 1669 diligebst,

103 1690 217 1757 rissimi,
233 1689 397 1762 preclarum
411 1689 543 1763 palatium
558 1691 610 1747 sibi
629 1691 657 1747 in
676 1690 754 1747 coelis
776 1698 903 1748 constru·
957 1687 1075 1743 Domino
1091 1683 1271 1758 interroganti
1284 1700 1344 1758 prm
1358 1683 1484 1741 omnibus
1494 1684 1691 1755 respondebat.
1702 1683 1760 1740 lia-

106 1780 157 1848 sit,
171 1780 307 1837 sedunus
321 1778 412 1851 paries
426 1778 564 1852 collspsus
587 1780 689 1839 corruit
711 1779 776 1836 dum
798 1779 904 1852 primus
957 1776 1050 1849 nique,
1066 1790 1128 1832 cum
1142 1774 1318 1831 Dominusnd
1333 1773 1490 1831 Caeseresm
1504 1773 1636 1843 venisset,
1648 1780 1674 1829 et
1688 1772 1761 1829 edi-

104 1868 221 1943 engelus
234 1884 298 1926 cum
321 1866 494 1925 multitudine
517 1868 569 1925 sibi
584 1868 812 1927 consentientium
828 1868 903 1925 ceci·
958 1864 1072 1938 scipulis
1086 1864 1160 1938 quod
1170 1863 1288 1935 populus
1302 1862 1338 1921 de
1352 1878 1385 1921 eo
1401 1862 1513 1921 sentiret
1525 1862 1695 1935 inquisisset,
1708 1862 1761 1920 illi·

103 1954 153 2011 dit.
169 1953 248 2012 Unde
268 1952 353 2009 Filius
377 1953 427 2009 Dei
451 1970 536 2027 super
560 1969 646 2027 equos
673 1970 740 2011 suos
761 1952 903 2015 asuendttr
918 1963 1013 2029 Bque
1029 1953 1226 2027 responderent
1241 1952 1438 2026 quodquidam
1458 1968 1522 2009 eum
1545 1951 1668 2026 llelyam
1695 1951 1761 2025 qui·

104 2058 155 2115 per
176 2049 263 2099 totum
291 2041 425 2099 mundum
457 2042 605 2112 circuiens,
635 2044 671 2100 ed
694 2042 906 2100 restaurandum
960 2045 1024 2101 dam
1039 2044 1190 2100 iohannem
1205 2042 1363 2114 Baptistnm,
1374 2041 1421 2098 elii
1432 2040 1612 2110 Hieremiam,
1620 2041 1666 2097 alii
1676 2040 1758 2098 allum

104 2131 238 2204 parietem
254 2131 331 2190 risos
345 2130 451 2204 lapides
465 2131 578 2206 collegit
592 2131 746 2207 multosque
766 2130 908 2205 preciosos
940 2142 943 2146 ’
959 2134 1123 2205 prophetem
1138 2146 1200 2189 esse
1214 2130 1345 2198 dicerent,
1362 2137 1388 2187 et
1402 2130 1462 2202 ipse
1474 2128 1602 2205 quiduom
1622 2128 1675 2202 ipsi
1689 2144 1758 2187 seu·

105 2220 250 2296 quadrigis
264 2221 322 2276 suis
336 2220 481 2293 imponens
494 2230 609 2279 onustus
623 2222 657 2279 ud
666 2222 775 2280 Patrem
785 2219 907 2296 regredi·
960 2222 1043 2279 tireut
1056 2222 1091 2278 de
1105 2237 1138 2279 eo
1152 2220 1311 2293 inquireret,
1330 2221 1422 2277 Petrus
1436 2220 1577 2291 respondit
1590 2234 1649 2292 pree
1669 2218 1762 2275 omui-

106 2318 171 2378 tur;
185 2310 279 2383 paries
293 2309 422 2367 celeriter
436 2310 559 2385 erigitur,
576 2311 721 2369 aedilicium
735 2312 785 2369 Dei
796 2310 908 2384 egregie
962 2313 1014 2369 bns
1025 2330 1032 2367 :
1043 2312 1116 2380 Quin
1126 2316 1159 2367 fc
1169 2326 1197 2367 es
1207 2310 1336 2367 Christus
1346 2308 1436 2366 Filios
1445 2308 1499 2366 Dei
1506 2308 1759 2380 ciof(ffctflt.xvs);

105 2397 259 2471 perficitur.
292 2399 442 2472 Quadriga
465 2399 516 2457 Dei
539 2401 692 2476 Esengelie
716 2401 908 2473 fueruntque
961 2410 989 2458 et
1000 2401 1132 2459 Dominus
1149 2400 1230 2456 fldem
1243 2400 1303 2469 ejus
1328 2397 1498 2467 testificavit,
1522 2412 1605 2471 qusm
1625 2412 1691 2469 non,
1715 2398 1763 2454 iu-

105 2487 235 2545 omnibus
257 2489 436 2545 credentibus
451 2490 568 2547 salvatio
583 2490 741 2547 extiterunt.
761 2491 830 2563 Equi
840 2506 908 2545 vero
962 2492 1031 2565 quit,
1047 2488 1166 2548 carnalis
1182 2489 1328 2561 progenies
1343 2488 1394 2545 sed
1409 2488 1491 2545 Pater
1501 2502 1578 2544 meus
1588 2486 1637 2544 tibi
1647 2487 1763 2544 revela-

104 2577 157 2633 Dei
170 2577 288 2650 apostoli
301 2586 379 2634 erant
393 2578 438 2651 qui
453 2579 504 2633 bes
519 2579 669 2653 quadrigas
683 2596 735 2653 per
750 2581 834 2636 lillor
843 2596 909 2651 pur·
964 2581 1012 2639 rit.
1032 2580 1065 2637 Et
1079 2580 1142 2636 ideo
1155 2594 1256 2635 numen
1271 2586 1346 2633 tuum
1357 2578 1461 2635 Petrus
1474 2574 1597 2645 mutsbn,
1609 2592 1693 2649 super
1710 2592 1763 2649 pe·

106 2673 149 2723 tes
161 2666 256 2723 mundi
270 2666 429 2723 trebebant.
448 2668 478 2725 ln
493 2668 537 2724 bis
553 2668 699 2743 quadrigis
714 2669 838 2725 Christus
857 2686 907 2725 ve·
961 2678 1034 2727 tram
1049 2668 1112 2726 fidei
1134 2676 1187 2725 tuae
1209 2682 1320 2743 quoque
1344 2666 1496 2723 Ecclesiam
1515 2680 1606 2723 mecm
1630 2664 1761 2735 fnndsbn,

106 2764 168 2813 ctus
180 2756 405 2829 circumportatur
418 2756 483 2813 dum
496 2774 547 2829 pen
562 2759 702 2830 apostolos
711 2776 762 2831 per
775 2758 909 2817 circulum
962 2760 1097 2817 adversus
1112 2773 1193 2831 quem
1207 2755 1356 2814 infernales
1371 2762 1457 2828 portes
1479 2770 1535 2813 uon
1558 2754 1758 2827 prevalebunt,

106 2845 183 2902 orbis
197 2845 374 2919 praedicatur.
398 2847 447 2901 llis
470 2847 550 2919 equis
571 2848 695 2905 ascensis
722 2848 822 2905 milites
851 2846 910 2904 veri
963 2864 1014 2905 nec
1037 2847 1149 2905 flumine
1169 2845 1389 2919 persecutionum
1411 2858 1473 2901 eam
1496 2843 1659 2903 subvertere
1679 2850 1763 2917 pote-

109 2929 210 2999 Darid,
238 2930 343 2988 scilicet
364 2938 498 3003 martyres
521 2932 633 3003 Christi,
659 2941 755 2991 eontra
778 2949 909 3007 persecu·
963 2945 1037 3006 runt,
1052 2945 1134 3011 teque
1148 2936 1219 2993 facio
1233 2934 1295 2991 ritae
1310 2932 1459 3002 ostisriurn,
1476 2932 1546 2990 daus
1559 2932 1766 2991 tibiclsresre-

107 3028 186 3077 tores
199 3027 342 3077 certamen
355 3019 476 3077 inierunt
500 3028 528 3078 et
547 3022 641 3093 praelin
661 3023 713 3080 liei
733 3022 819 3079 lsrael
847 3038 910 3081 cum
963 3026 1013 3102 gni
1026 3028 1158 3085 coelorum
1174 3068 1181 3096 ‚
1198 3025 1288 3097 sitque
1301 3023 1350 3080 tibi
1365 3030 1486 3097 potestas
1502 3022 1601 3080 collate
1615 3030 1644 3079 ut
1663 3036 1723 3097 quse
1737 3022 1767 3081 in

107 3108 200 3165 laetitia
222 3117 428 3182 pugnaverunt.
448 3111 535 3180 liujus
549 3112 688 3169 exercitus
702 3113 802 3169 summi
824 3112 910 3170 duces
964 3117 1046 3182 terris
1060 3133 1074 3172 n
1089 3122 1116 3172 te
1131 3114 1232 3172 fuerint
1244 3113 1341 3187 ligsta,
1357 3112 1385 3169 iu
1399 3112 1476 3170 coelis
1491 3111 1574 3169 etiam
1585 3118 1767 3185 permaneant

108 3196 255 3255 extiterunt
279 3199 375 3255 Petrus
397 3206 425 3256 et
450 3200 560 3271 Penius,
586 3216 701 3274 quorum
717 3202 799 3260 hodie
813 3202 913 3259 solem·
965 3206 1081 3263 nexibus
1097 3204 1248 3278 implicata,
1263 3210 1291 3260 et
1305 3218 1366 3275 quae
1380 3216 1398 3258 a
1410 3210 1438 3259 te
1452 3218 1537 3275 super
1549 3210 1650 3259 terram
1660 3200 1766 3260 fuerint

107 3288 154 3344 uin
167 3286 260 3345 devoti
269 3288 454 3359 celebramus,
470 3290 534 3363 quia
548 3291 631 3348 bodie
646 3299 758 3365 peracto
772 3291 846 3349 bello
867 3291 911 3349 ti·
926 3331 951 3394 G
965 3294 1100 3366 resoluta,
1117 3294 1145 3351 in
1159 3292 1237 3351 eoelis
1251 3292 1332 3350 etium
1348 3291 1402 3349 sint
1417 3291 1564 3350 avinculis
1578 3299 1637 3349 tuta
1650 3290 1763 3366 (iisd).

107 3375 305 3436 ctoriossisinre
319 3378 519 3451 triumpharunt
540 3394 574 3437 sc
596 3381 717 3439 coelestis
729 3382 813 3439 eurise
822 3381 912 3437 aulem
967 3383 991 3442 0
1006 3400 1087 3459 quam
1102 3384 1198 3440 beatus
1212 3383 1295 3439 homo
1309 3380 1353 3439 cui
1367 3379 1430 3438 talis
1441 3388 1562 3454 potestne
1574 3378 1766 3439 datursDeol

108 3468 209 3523 summi
223 3474 365 3524 senatores
379 3467 565 3541 apostolorum
584 3470 710 3544 principe
730 3470 845 3528 laureati
865 3470 912 3526 in·
966 3473 1022 3531 Sed
1035 3473 1173 3543 nimirum,
1189 3486 1251 3530 eum
1266 3478 1339 3529 esset
1352 3470 1486 3529 Ecclesiae
1499 3477 1595 3544 postor
1614 3468 1768 3543 preferen-

107 3563 229 3613 trnrunt.
247 3556 292 3617 flii
306 3555 432 3614 incarne
447 3558 527 3629 positi
542 3559 645 3616 lumina
658 3560 752 3617 mundi
775 3560 862 3633 signis
885 3566 913 3617 et
966 3563 1028 3631 dus,
1045 3570 1074 3619 ut
1088 3564 1174 3621 sciret
1187 3560 1318 3618 fratribus
1333 3560 1462 3633 compati,
1473 3568 1534 3617 erat
1548 3558 1770 3633 temptationibus

108 3644 220 3717 scriptis
235 3644 383 3714 fulserunt,
402 3647 569 3721 quandoque
588 3665 652 3705 curn
676 3650 785 3707 Christo
804 3649 913 3720 jndices
966 3651 1143 3710 erudiendus.
1160 3650 1248 3718 Unde,
1265 3664 1328 3707 cum
1348 3649 1467 3723 quodam
1490 3658 1615 3723 tempore
1637 3650 1771 3708 Dominus

108 3741 141 3792 ut
154 3734 197 3791 sol
213 3733 366 3808 fulgebunt.
376 3736 425 3791 llis
436 3738 544 3794 duabus
555 3737 639 3794 firmis
649 3738 785 3795 columnis
795 3740 912 3796 totnEc·
966 3742 1002 3799 ed
1016 3741 1183 3798 adorandum
1195 3739 1224 3795 ia
1240 3746 1360 3795 montem
1374 3738 1448 3794 solus
1461 3738 1494 3810 (p
1510 3740 1561 3795 tat
1572 3738 1611 3810 ι’)
1634 3738 1770 3808 escendit,

109 3822 204 3881 clesise
217 3824 536 3895 machinasnstentatur,
552 3831 580 3884 et
594 3827 691 3884 borum
705 3828 785 3884 factis
799 3827 913 3885 etdictis
966 3830 1117 3903 discipulos
1139 3844 1217 3886 mere
1246 3826 1357 3901 narigin
1378 3824 1495 3883 transire
1518 3826 1672 3900 precepit:
1693 3840 1772 3885 mere

110 3911 186 3971 uelut
208 3912 343 3986 preciosis
371 3914 490 3986 gemmis
512 3916 659 3989 splendide
688 3916 848 3975 illustretur.
872 3918 913 3973 Es
967 3930 1056 3978 autem
1071 3920 1215 3976 Rectorem
1230 3932 1307 3974 suum
1328 3916 1427 3973 abesse
1451 3914 1582 3985 sentiens,
1607 3914 1773 3975 nauculam.

110 4000 213 4075 quibua
245 4018 329 4059 unam
352 4002 484 4061 Dominus
504 4005 595 4077 pisces
623 4005 656 4078 (p
678 4008 740 4077 tet)
763 4006 914 4079 insequen-
967 4008 1122 4068 furibundis
1136 4005 1266 4081 procellis
1286 4004 1437 4079 quatiebat,
1459 4019 1546 4079 paror
1568 4010 1665 4062 nautes
1685 4018 1772 4063 occn·

110 4098 169 4147 tem
183 4090 219 4148 de
233 4092 297 4149 nasi
311 4098 428 4163 rocsrtt,
443 4092 535 4151 clares
550 4095 630 4169 regni
644 4094 776 4153 eoetorun
789 4096 815 4153 ei
825 4096 912 4152 dona·
966 4108 1024 4173 put,
1040 4096 1100 4173 quin
1124 4098 1164 4154 eis
1190 4094 1365 4170 naufragium
1385 4094 1443 4165 jam
1471 4094 1638 4162 imminebat,
1657 4102 1684 4151 et
1705 4108 1771 4152 ecce

111 4180 162 4249 rit,
179 4179 336 4255 principem
348 4181 481 4240 Ecclesiae
494 4182 633 4242 exaltarit.
648 4184 769 4241 Alterum
788 4183 914 4241 homines
966 4189 1100 4247 Dominus
1116 4202 1199 4260 super
1213 4200 1290 4243 mure
1315 4184 1460 4241 ambulans
1474 4184 1610 4243 poniensi,
1628 4182 1685 4240 mig
1707 4183 1772 4240 ιιι.

113 4279 329 4344 persequentem
341 4270 375 4328 de
390 4272 462 4329 coelo
477 4272 570 4347 elegit,
586 4273 679 4332 clares
693 4274 814 4331 scientie
829 4274 854 4331 ei
868 4273 915 4330 de·
968 4287 1056 4337 fasma
1071 4294 1134 4335 esse
1148 4274 1342 4333 arbitrantibus
1364 4281 1391 4331 et
1414 4288 1474 4346 pror
1495 4274 1595 4331 timore
1616 4272 1770 4331 vociferan-

112 4358 164 4426 dib
179 4368 379 4431 immitiorem
403 4361 531 4436 gentibus
546 4378 609 4419 eum
633 4362 764 4437 praesecit·
784 4364 850 4421 llaec
872 4370 914 4419 est
968 4368 1051 4435 tibus,
1068 4366 1167 4423 blande
1178 4381 1226 4423 eos
1236 4364 1404 4429 consoletur,
1416 4371 1444 4419 ut
1455 4361 1583 4420 fiduciam
1592 4362 1716 4420 habeant
1729 4360 1766 4419 ad

112 4448 229 4505 ¹⁰¹¹!ssss
245 4447 363 4507 detlftae
377 4449 497 4519 ss¹fel⁸is
513 4452 627 4524 quiade
648 4451 786 4525 piscatore
809 4452 912 4526 priuci-
967 4459 1101 4529 humetur,
1119 4470 1149 4513 se
1164 4470 1225 4512 esse
1239 4461 1428 4528 protestetur;
1444 4460 1471 4511 et
1486 4454 1600 4509 l’etrns:
1615 4453 1646 4510 Si
1670 4456 1702 4510 in
1724 4451 1771 4507 in·

110 4548 189 4606 pem,
216 4533 252 4590 de
275 4543 449 4607 persecutore
471 4536 611 4593 constituit
638 4538 781 4596 doctorem
807 4538 912 4595 mundi.
969 4548 1037 4621 quir,
1049 4563 1088 4614 er,
1098 4545 1229 4612 Domine,
1236 4544 1305 4616 john
1314 4542 1549 4601 mendicomfre
1562 4542 1672 4616 (doliis.
1693 4542 1769 4613 xm).

112 4620 201 4693 Igitur
222 4622 321 4681 Paulus
341 4624 428 4697 sperit
452 4641 500 4681 sua
523 4626 600 4683 clare
622 4628 799 4685 credentibus
817 4627 915 4698 januas
969 4638 1056 4707 Quem
1070 4650 1131 4693 cum
1142 4632 1252 4705 iuberet
1266 4632 1371 4700 venire,
1387 4648 1517 4705 egressus
1539 4632 1574 4689 de
1597 4630 1659 4688 nari
1682 4628 1767 4703 coepit

113 4710 281 4784 scriplum}
296 4713 391 4770 Ρθῑωῦ
403 4714 491 4787 iiiiii
505 4731 555 4771 ⁸¹¹⁸
568 4713 644 4775 clere
667 4716 696 4773 5⁰
722 4717 793 4773 b0¹¹0
819 4733 913 4790 perte·
927 4701 955 4764 D
968 4742 1053 4799 super
1074 4730 1209 4781 tumentes
1229 4721 1327 4781 fluctus
1356 4720 1433 4795 quasi
1463 4736 1547 4793 super
1569 4720 1687 4777 solidum
1710 4719 1765 4775 ire.

113 4800 273 4857 verentibus
286 4810 379 4875 portes
393 4804 456 4860 vitm
475 4820 623 4862 mansure.
646 4805 746 4861 Paulus
768 4803 840 4863 dulci
861 4805 914 4863 do·
967 4814 1141 4887 Tempestate
1155 4817 1245 4869 nutem
1259 4810 1466 4883 ingravescente
1481 4808 1643 4881 perterritus
1656 4815 1773 4867 centre-

113 4888 201 4948 cltint
214 4890 250 4947 *d
272 4891 460 4964 itoessilenfitm
487 4893 556 4951 dtttt
579 4893 664 4953 corda
688 4894 793 4966 111011113
821 4896 915 4952 Petrus
969 4904 1069 4971 miscit,
1085 4910 1112 4961 et
1126 4900 1270 4959 moxunds
1279 4899 1330 4956 sub
1338 4898 1438 4971 plantis
1456 4914 1487 4956 se
1506 4897 1638 4956 calcensis
1648 4896 1770 4955 debisnit

113 4980 180 5036 (1ιιιιι
193 4987 329 5053 Ρθῑθῦῑᾶίθ
342 4980 440 5039 flentes
453 4998 468 5039 ⁸
482 4990 559 5040 reafu
581 4978 708 5042 tbsblvif·
734 4984 834 5041 Paulus
861 4983 916 5040 im·
971 4993 1060 5066 Quem
1076 5008 1139 5051 cum
1160 4990 1309 5047 absorbere
1334 4988 1462 5055 minetur,
1483 4986 1613 5043 auxilium
1636 4986 1769 5053 ,Domini

113 5068 190 5142 pellit
204 5069 329 5127 homines
344 5071 380 5128 ad
389 5072 491 5148 gaudia
501 5073 635 5130 instanter
646 5073 803 5141 monendu;
821 5076 918 5133 Petrus
972 5100 1033 5144 pum
1061 5082 1179 5141 elamore
1207 5080 1391 5151 imprecatum
1418 5076 1468 5133 sed
1498 5084 1523 5133 et
1537 5077 1666 5150 protinus
1699 5074 1773 5132 illius

111 5156 196 5215 trahit
210 5174 259 5215 eos
272 5161 341 5216 nstin
355 5160 418 5218 vitm
430 5162 581 5219 clementer
608 5164 772 5235 aperiendo.
973 5175 1084 5231 dextero
1098 5171 1311 5243 comprehensus
1325 5167 1360 5225 de
1373 5164 1495 5239 periculo
1509 5172 1692 5231 sustentatum
1708 5180 1772 5222 cum
1875 5186 1880 5196 ·

152 5256 249 5313 Petrus
270 5258 352 5314 frater
371 5259 542 5329 Andreae‚a
565 5262 709 5318 bethsaida
731 5262 874 5331 oriundus,
904 5294 922 5339 g
972 5260 1091 5319 Domino
1104 5258 1246 5317 adnerim
1261 5254 1455 5325 superductus
1479 5254 1600 5311 ambulat
1625 5250 1771 5326 statimque

114 5346 390 5420 parentibusSymou
405 5350 505 5416 dictus,
523 5350 551 5405 iu
566 5350 706 5409 Gelilmsm
721 5351 919 5424 piscetorfuit;
973 5368 1050 5408 mare
1073 5350 1218 5407 Dominum
1246 5362 1325 5405 suom
1357 5344 1456 5402 adesse
1484 5345 1617 5411 sentiens,
1650 5341 1772 5399 furentes

116 5434 167 5491 sed
181 5449 196 5490 e
211 5434 363 5507 piscatione
378 5454 395 5495 a
410 5438 528 5497 Domino
544 5450 655 5497 vocatus
671 5441 762 5498 navim
777 5457 839 5499 cum
863 5449 922 5499 rete
974 5440 1110 5515 procellas
1122 5438 1240 5511 mitigat.
1260 5436 1283 5495 Ο
1300 5434 1386 5509 qualis
1397 5434 1468 5490 lldcs
1478 5433 1506 5489 in
1515 5434 1574 5504 ejus
1588 5440 1701 5505 pectore
1717 5430 1776 5488 fer-

116 5522 239 5595 reliquit,
253 5526 358 5583 auctori
374 5526 439 5585 ritae
453 5544 514 5585 cum
530 5526 613 5585 fratre
637 5530 765 5589 adhaeait.
794 5528 873 5588 Unde
895 5537 922 5587 et
975 5530 1044 5598 buit,
1060 5530 1105 5604 qui
1129 5545 1159 5584 se
1183 5526 1349 5600 perturbetis
1373 5522 1500 5580 fluctibus
1527 5521 1698 5579 committere
1720 5536 1777 5579 nnn

115 5610 251 5670 Dominus
265 5622 324 5671 rete
336 5612 402 5672 fidei
415 5616 555 5677 contexuit
579 5634 681 5694 eosque
696 5621 847 5694 piscatores
870 5622 923 5677 ho·
977 5618 1134 5693 pertimuiti
1151 5617 1200 5673 lile
1215 5616 1296 5675 etiam
1312 5620 1391 5673 nocte
1406 5628 1504 5687 quase
1518 5611 1644 5669 Christus
1658 5626 1707 5685 pro
1731 5626 1777 5669 ss·

116 5698 358 5773 minuminstituit,
375 5706 436 5781 quin
451 5724 503 5781 per
517 5725 567 5766 eos
581 5710 684 5769 multos
700 5709 735 5769 de
750 5710 924 5786 gurgitebu·
976 5709 1033 5767 lote
1047 5707 1140 5764 mundi
1155 5706 1271 5763 bostium
1287 5706 1344 5761 Deo
1359 5700 1433 5760 Petri
1458 5702 1564 5771 obtulit,
1594 5700 1776 5775 odlscipulis

114 5792 163 5863 lus
176 5791 268 5849 secui
282 5793 316 5849 ed
330 5792 396 5852 litus
409 5806 523 5854 uterum
536 5798 635 5872 quietis
650 5802 795 5861 estrebere
816 5798 915 5863 soluit.
978 5792 1377 5869 eoderelinqnendumretulit;
1390 5792 1544 5851 sedl’etrus
1554 5801 1581 5852 et
1592 5792 1621 5849 in
1637 5806 1778 5851 carcerem

240 5890 371 5963 Parnon.
387 5893 542 5964 CLXXII.
1620 5890 1659 5955 tt
