3942 6067
143 259 197 310 aon

661 245 853 305 taxrostrto
875 245 909 300 lN
930 243 1091 300 essenos
1109 245 1297 304 selectos.

1743 255 1795 306 ato

144 379 278 436 Dominus
291 379 320 432 in
335 391 367 432 oa
381 375 596 447 cimmericum
620 385 730 442 nouum,
756 375 783 428 ln
807 374 851 430 dic
872 371 943 428 mela
957 367 988 430 Α
1002 368 1078 434 tium,
1095 369 1249 442 constituit,
1275 371 1302 426 in
1317 387 1373 442 qua
1396 371 1442 430 ille
1465 375 1558 443 horno,
1581 376 1627 448 qni
1650 373 1701 432 init
1726 374 1798 432 inter

144 470 268 551 liberatae
292 481 367 536 enm,
395 474 422 523 et
449 465 560 522 beatum
588 464 669 522 laclet
696 465 723 520 itt
751 471 825 520 terra
851 463 947 520 viren-

145 551 226 598 itum.

181 651 213 710 itt
227 654 320 728 quinta
334 651 449 722 denarie,
464 655 593 724 juvemus
608 651 743 709 Ecclesiae
754 649 869 725 flagellis
883 665 946 706 eru·

146 747 214 811 dita,
226 752 254 800 et
267 743 419 800 constantia
428 751 523 800 contra
534 742 652 799 adversa
663 749 802 813 superata,
814 741 849 798 ad
860 741 948 796 Deum

147 833 251 890 lonmm
269 833 328 889 vitre
342 833 492 898 desiderat,
504 831 551 904 qui
565 831 624 902 eius
637 833 805 900 iuventutem
815 827 945 887 leatificat.

147 923 268 994 Propter
282 937 364 994 quem
379 928 435 977 tota
449 920 493 976 dic
517 919 706 986 mortificatur,
723 919 763 975 uti
786 919 846 976 ovis
871 919 947 976 occi·

146 1012 234 1068 sionis
251 1030 257 1066 ι
274 1017 410 1082 quatenus
425 1009 453 1064 in
469 1008 562 1066 turine
576 1017 603 1065 et
619 1007 801 1064 exsultatione
824 1007 947 1064 adduca-

144 1109 191 1155 tur
204 1099 230 1155 ln
248 1097 378 1170 templum
400 1099 485 1171 regis,
510 1097 556 1152 ubi
579 1105 656 1153 vacet
676 1103 704 1152 et
731 1095 819 1152 uideat
843 1097 942 1152 Deum.

146 1187 209 1258 Quo
224 1187 363 1261 principes
377 1179 541 1258 populorum
554 1185 714 1258 congregati
726 1192 790 1239 snm
800 1183 827 1239 in
838 1184 947 1242 ciuitate

145 1275 256 1332 Domini
271 1277 410 1332 uirtutum.
426 1265 544 1342 Quando
562 1273 628 1343 justi
647 1273 674 1328 in
695 1272 840 1340 matutino,
857 1271 946 1328 malo-

145 1381 207 1420 rum
223 1362 439 1420 dominabuntur
456 1377 535 1420 :oum
551 1361 618 1434 lpeis
629 1361 747 1418 salutare
758 1361 809 1418 Del
822 1362 948 1418 ostende·

145 1463 209 1518 tnr;
224 1453 334 1524 quando
353 1453 423 1509 mari
445 1451 598 1508 ierusalem
622 1451 649 1505 in
672 1450 780 1525 angelis
803 1450 872 1522 lapsi
896 1467 945 1522 per

144 1541 274 1598 nominas
288 1537 506 1598 rendbioentur.

182 1647 204 1702 ll
219 1655 295 1704 serta
307 1645 421 1714 decade,
437 1647 526 1705 uirilis
540 1655 606 1703 atas
629 1645 762 1704 iicolesim
782 1647 842 1718 lam
856 1647 946 1704 solido

1002 466 1124 514 mortuos
1151 458 1221 516 iiber
1248 461 1407 518 vulneratae
1433 463 1575 522 dormiens
1600 464 1631 522 in
1657 464 1796 536 sepulcro,

1002 547 1108 618 positus
1121 548 1150 602 in
1163 547 1225 606 lacu
1252 547 1384 618 inlarlorl,
1414 559 1442 608 ιι
1467 567 1587 624 magam
1614 560 1642 608 ct
1668 552 1800 608 terribilia

1002 651 1086 708 super
1099 652 1205 704 omnes,
1220 633 1267 709 qui
1288 638 1317 694 in
1334 639 1450 696 circuilu
1466 641 1525 711 ejus
1544 650 1618 706 aunt,
1634 641 1683 698 ubi
1703 641 1800 712 repleti

1003 741 1085 782 mane
1096 725 1287 784 misericordia
1299 727 1350 783 Dei
1364 729 1538 785 exsultabunt
1551 739 1579 787 et
1592 729 1800 788 delectabuntur

1003 813 1129 869 omnibus
1143 815 1250 879 diebus,
1266 831 1335 886 quos
1349 817 1384 872 de
1398 817 1572 876 tribulatione
1583 819 1699 890 eripuit,
1713 819 1800 892 glori-

1003 899 1101 968 rlcnvit,
1117 900 1287 976 longitudine
1300 904 1408 960 merum
1430 906 1555 978 replevit,
1575 907 1697 964 salutare
1719 923 1800 966 snum

1004 990 1073 1048 lacie
1088 991 1123 1047 nd
1137 990 1232 1050 iaclem
1246 993 1380 1050 οιιιιιιιι.

1040 1089 1069 1143 ln
1082 1087 1188 1146 decima
1197 1090 1310 1156 decade,
1322 1091 1416 1150 senior·
1445 1101 1512 1148 natae
1521 1094 1654 1152 Ecclesiae
1663 1093 1800 1150 inebriata

1002 1176 1157 1234 doctrinam
1170 1179 1233 1236 aliia
1254 1187 1367 1247 ιιιιιιι,
1393 1191 1456 1252 quta
1481 1183 1751 1252 namnetensem,
1772 1192 1800 1238 ιι

1003 1264 1096 1338 palma
1110 1267 1188 1324 lieret
1201 1266 1230 1322 lu
1244 1267 1400 1334 uirtutibus,
1421 1278 1451 1326 ιι
1469 1271 1569 1326 cedrus
1589 1271 1686 1328 libeni
1705 1271 1800 1328 multi—

1001 1354 1120 1426 plicatur
1133 1355 1160 1412 in
1174 1356 1315 1426 operibus,
1331 1369 1393 1429 que
1404 1367 1447 1414 est
1460 1359 1542 1416 ιιιιιι
1554 1358 1606 1416 Del
1619 1367 1716 1431 parata
1727 1375 1801 1418 oon—

1002 1452 1042 1499 tra
1056 1459 1135 1500 mere
1148 1453 1176 1500 et
1189 1445 1310 1514 liumioe,
1324 1446 1438 1504 seientia
1451 1447 1569 1516 erudito,
1584 1456 1613 1506 ιι
1624 1447 1660 1504 da
1673 1448 1736 1522 lege
1749 1449 1801 1504 Dei

1002 1532 1174 1593 duneline
1194 1534 1325 1606 populum
1347 1548 1458 1607 pascue
1479 1537 1539 1605 alna
1562 1545 1589 1594 ct
1614 1546 1681 1594 ovas
1703 1545 1801 1594 ιιιιιιιι

1001 1623 1062 1692 eina
1071 1623 1175 1690 inritet,
1191 1632 1220 1679 ut
1233 1624 1262 1678 in
1275 1624 1388 1695 psalmia
1402 1625 1428 1680 ei
1438 1625 1572 1694 jubilent,
1586 1625 1725 1683 ιιιιιιιιι
1748 1640 1802 1682 no·

144 1751 216 1808 pane
230 1737 339 1794 cibatur
353 1733 416 1792 dnm
431 1736 467 1792 ad
488 1750 611 1808 pugnam
634 1743 728 1792 oontm
752 1736 816 1793 vitia
838 1735 946 1792 lortltu·
960 1727 988 1786 B
1003 1728 1067 1769 ¹¹¹¹
1080 1711 1107 1769 0¹
1120 1719 1238 1778 mim»
1250 1711 1313 1784 ‘lul‘
1326 1714 1363 1769 (ιθ
1375 1725 1457 1770 ¹¹¹¹¹¹
1472 1715 1626 1785 D00⁰¹¹⁰¹l¹
1640 1723 1691 1772 0⁰⁸
1702 1714 1801 1770 illm

143 1825 209 1882 dine
223 1824 397 1882 inlormttnr.
416 1825 494 1882 Unde
510 1835 576 1882 mox
592 1824 702 1881 fervens
715 1824 750 1880 ad
765 1825 839 1880 bona
854 1825 946 1882 studia

144 1913 173 1970 iit
190 1923 219 1970 ut
232 1914 305 1971 oliva
318 1913 467 1982 ltnetiiera,
485 1921 511 1970 et
521 1913 551 1970 ni
563 1913 721 1986 intelligens
737 1919 785 1970 eut
803 1913 946 1986 requirens

142 2005 240 2076 Deum,
257 2003 304 2076 qui
318 2019 379 2060 eam
395 2012 491 2060 contra
505 2001 578 2058 mela
592 2005 635 2072 adj
641 2010 713 2058 uvat.
726 2001 776 2058 Cui
791 2003 946 2060 voluntarie

141 2091 290 2158 sacrificat,
304 2108 410 2165 pennos
425 2108 538 2148 sumens
561 2099 591 2146 ut
612 2091 740 2148 columbe
762 2092 799 2148 ad
823 2091 946 2165 requiem

142 2182 230 2248 uolat,
246 2189 275 2236 ιι
290 2181 348 2236 Deo
363 2179 390 2236 in
405 2179 507 2236 lumine
522 2179 670 2236 viventium
685 2173 801 2250 placent,
822 2179 868 2252 qui
883 2181 945 2236 anl-

141 2285 308 2326 mamsunm
336 2269 371 2325 de
398 2267 491 2325 medlo
521 2268 674 2325 catulorum
701 2269 810 2324 leonum
837 2269 944 2340 eripiet,

142 2359 254 2430 quando
268 2359 356 2414 moles
369 2359 479 2414 leonum
500 2357 632 2414 Dominus
653 2356 818 2430 confringet.
835 2357 867 2412 Ει
883 2357 945 2413 ideo

143 2445 332 2501 fortitudinem
345 2439 395 2500 Del
408 2453 488 2502 meno
503 2445 634 2514 contenit,
650 2457 713 2501 oum
725 2454 786 2500 earn
806 2439 841 2500 de
857 2437 944 2500 tribn-

141 2533 243 2589 latione
262 2530 290 2589 ln
314 2527 455 2590 oltltatem
476 2529 606 2589 munitam
629 2535 779 2600 deducens,
796 2528 944 2590 lioeredltd-

143 2631 199 2678 tem
215 2621 374 2678 timentibus
387 2637 487 2678 nomen
502 2639 586 2677 sunm
599 2623 685 2677 dabit.

180 2741 209 2792 ln
225 2739 340 2810 septime
354 2738 467 2804 decede,
485 2737 573 2793 virilis
586 2747 669 2794 antas
684 2735 774 2794 solido
792 2734 854 2794 cibo
870 2737 944 2794 rolo-

141 2834 196 2894 eta,
213 2826 250 2882 nd
270 2834 457 2899 contemptum
481 2827 575 2882 mnndi
598 2825 779 2890 admonetur;
803 2826 876 2882 unde
896 2825 945 2881 lilii
1019 2875 1024 2886 ,

141 2917 201 2984 ejus
215 2915 326 2988 rapinas
347 2916 443 2972 uolunt
466 2915 674 2987 concupiscere,
699 2931 751 2972 neo
773 2915 879 2972 divitiis
901 2915 943 2970 el-

142 3005 290 3060 lluentibns
305 3017 515 3076 corapponero,
539 3005 588 3060 sed
608 3005 696 3061 Deum
720 3005 814 3062 volunt
838 3006 865 3062 itt
889 3005 944 3060 vita

1001 1801 1049 1869 rit,
1074 1800 1209 1872 justifiam
1236 1818 1315 1858 suem
1340 1803 1468 1874 geallbua
1499 1803 1641 1871 ιιιιιιιιι,
1666 1803 1733 1876 qttia
1759 1812 1802 1860 est

1000 1905 1117 1963 megum
1131 1905 1216 1962 super
1229 1905 1326 1948 amaea
1339 1891 1465 1962 populos,
1479 1891 1526 1965 qui
1538 1893 1692 1950 ιιιιιιιιιι
1706 1893 1760 1950 albl
1772 1892 1802 1948 in

1000 1979 1095 2036 leticia
1107 1977 1190 2036 ducet
1201 1980 1230 2036 ln
1243 1979 1451 2037 exaultationem
1460 1988 1487 2036 et
1501 1980 1645 2050 injudicio
1658 1981 1801 2053 disperdet

1000 2068 1036 2124 de
1050 2068 1159 2126 ciuitate
1173 2084 1224 2124 sua
1237 2083 1333 2125 omnes
1346 2077 1495 2140 operantes
1508 2068 1694 2141 iniquitatem.

1035 2167 1066 2221 ln
1079 2161 1227 2222 badeclma
1254 2160 1370 2234 decade,
1386 2165 1482 2222 eedem
1509 2174 1577 2223 etas
1603 2166 1736 2224 Ecclesiae
1763 2168 1800 2224 ad

999 2255 1151 2311 orationem
1166 2253 1324 2327 instigetur,
1340 2263 1371 2310 ut
1384 2269 1484 2312 semen
1500 2255 1560 2324 ejns
1574 2255 1603 2310 ln
1615 2255 1745 2312 saeculurn
1757 2256 1800 2312 dl·

1000 2343 1114 2414 rigatur,
1129 2351 1159 2398 ιι
1169 2344 1300 2413 juventus
1313 2344 1372 2412 ejus
1385 2343 1455 2399 sieut
1474 2343 1567 2415 aquila
1589 2353 1745 2412 renovetur,
1772 2353 1800 2400 et

999 2443 1050 2504 per
1064 2432 1195 2488 emissum
1208 2427 1341 2502 Spiritum
1356 2427 1417 2498 Dei,
1432 2439 1584 2500 recreetur,
1596 2426 1694 2490 laniem
1704 2424 1799 2490 Domi-

999 2521 1027 2575 ni
1042 2531 1153 2591 semper
1170 2525 1284 2591 quaeret,
1303 2515 1442 2591 judicium
1461 2523 1489 2576 et
1511 2521 1643 2590 jmtttlem
1667 2522 1697 2575 ln
1723 2523 1799 2576 omni

1001 2619 1124 2680 ternpore
1137 2609 1229 2675 iaciat,
1245 2608 1450 2664 misericordias
1464 2608 1573 2664 Domini
1588 2608 1733 2680 intelliget,
1748 2625 1798 2680 pe·

998 2707 1087 2754 ratum
1101 2714 1152 2754 cor
1165 2697 1201 2753 ad
1213 2705 1349 2769 praecepte
1362 2697 1423 2770 ejna
1438 2695 1546 2765 hebent,
1561 2705 1588 2752 et
1604 2696 1720 2754 laudere
1734 2714 1798 2754 eum

999 2785 1027 2843 ln
1042 2787 1132 2843 medio
1146 2787 1312 2857 multorum;
1330 2785 1376 2858 qui
1389 2793 1432 2841 est
1445 2785 1608 2858 principium
1623 2801 1640 2841 a
1654 2787 1734 2843 Patre
1748 2803 1798 2860 ge-

998 2883 1080 2944 mtus‚
1094 2875 1122 2930 ln
1136 2874 1330 2946 splendoribus
1344 2881 1497 2931 sanctorum
1512 2873 1623 2939 misene,
1648 2873 1798 2948 redemptio

998 2964 1160 3038 populorum
1173 2979 1226 3036 per
1239 2963 1349 3020 Nonum
1361 2964 1580 3023 reclamantem.

140 3110 190 3148 sua
205 3092 383 3151 benedicere.
399 3093 567 3148 annuntiant
581 3107 666 3164 opera
680 3091 741 3160 Del,
756 3093 784 3148 ln
799 3091 878 3150 bonis
892 3085 980 3150 rte-G
1032 3085 1063 3137 ¹¹
1085 3074 1247 3137 ⁶⁰0¹¹¹⁰lffl¹¹
1274 3072 1388 3147 (ιθιιάθ,
1406 3089 1535 3136 Sinicius
1549 3074 1684 3138 Eccllslae
1698 3082 1797 3138 timore

140 3199 203 3237 mus
218 3183 277 3251 ejus
295 3182 406 3254 cupiunt
421 3182 540 3253 repierl;
564 3189 709 3238 transeunt
731 3198 781 3253 per
801 3182 894 3254 ignem
915 3192 942 3240 et

140 3287 240 3344 nquam
255 3272 283 3326 in
299 3271 484 3344 refrigerium.
504 3269 605 3326 Petunt
620 3275 649 3326 ιι
666 3269 795 3326 Dominus
811 3269 943 3328 illuminet

140 3377 225 3432 snper
239 3375 289 3415 eos
305 3357 410 3416 vultum
428 3375 506 3414 suum
531 3367 665 3432 quatenus
686 3373 747 3416 cum
770 3359 851 3429 justis
872 3375 941 3431 epu-

139 3450 233 3505 lentur
248 3448 277 3503 in
292 3454 440 3520 conspectu
456 3448 506 3504 Dei
522 3465 529 3503 ε
544 3463 606 3504 cum
621 3447 667 3504 liet
681 3447 814 3504 mirabills
832 3449 860 3502 in
876 3463 941 3504 sen-

139 3539 192 3594 ctls
208 3537 275 3604 suls,
292 3537 401 3610 quando
416 3537 518 3592 salvam
533 3536 613 3593 societ
628 3537 704 3604 Sion,
722 3536 749 3592 in
762 3552 814 3608 qua
836 3537 942 3592 babita-

138 3631 208 3686 bunt
224 3631 270 3702 qul
285 3646 384 3686 nornen
401 3631 458 3699 ejus
471 3629 600 3703 diligunt.
622 3629 692 3684 Cum
708 3629 843 3686 exsultent
857 3638 884 3688 ιι
898 3629 943 3688 ιιι

139 3726 233 3774 tentur
248 3719 278 3774 in
292 3720 351 3774 Deo
365 3733 461 3774 omnes
475 3718 521 3790 qul
537 3726 661 3790 quaerunt
676 3726 703 3774 et
716 3718 832 3791 diligunt
855 3731 916 3774 enm
934 3735 940 3777 τ

139 3808 249 3880 quando
264 3823 295 3864 os
311 3823 402 3863 corum
419 3807 570 3879 replebitur
584 3807 675 3864 lende.
698 3815 727 3862 ut
746 3808 875 3878 hynrnum
898 3810 941 3865 dl-

141 3905 204 3952 eant
219 3897 281 3952 Deo
295 3903 352 3952 tota
366 3897 526 3952 aetemltate.

177 4003 207 4058 ln
222 4007 322 4060 octava
343 4002 458 4074 decede,
488 4010 595 4058 matura
623 4009 690 4060 entes
716 4003 849 4060 Ecclesia
876 4013 942 4074 potu

139 4091 268 4148 scientim
280 4091 443 4160 inebriatur,
459 4099 487 4146 ut
500 4091 603 4148 seruiat
617 4090 685 4147 Filio
700 4091 793 4166 lingis,
817 4091 863 4164 qul
878 4091 943 4149 lacit

138 4179 277 4235 mimbllia
287 4193 387 4252 magna
397 4179 472 4236 solus
483 4197 490 4244 ;
502 4179 545 4236 cul
556 4178 608 4236 soli
618 4179 722 4236 bonum
734 4189 777 4236 ιιι
785 4180 940 4237 adhaerere.

139 4267 193 4338 Qui
207 4273 339 4339 operatas
352 4276 393 4324 eet
408 4269 524 4326 salutem
539 4269 567 4326 ia
583 4269 674 4326 madio
689 4276 777 4327 terrm.
796 4269 858 4339 Ωιι,
880 4285 942 4326 eor·-

139 4371 196 4412 nua
223 4365 400 4428 peccatorum
435 4359 628 4432 confringens.
669 4358 796 4414 exaltabit
834 4369 939 4415 cornua

998 3175 1157 3228 sanctorum
1171 3169 1303 3235 eruditur,
1321 3185 1403 3242 quem
1416 3169 1514 3242 gloriae
1528 3177 1555 3224 et
1569 3169 1671 3226 dlvitloe
1685 3170 1714 3224 in
1737 3187 1798 3226 me-

997 3261 1082 3317 moria
1097 3267 1201 3315 eterna
1223 3264 1387 3331 sequnntur,
1410 3271 1490 3330 quem
1511 3257 1577 3314 oiim
1597 3257 1719 3314 sterilem
1737 3260 1796 3317 Do·

996 3349 1087 3404 minus
1101 3347 1166 3405 iecit
1178 3347 1303 3403 babitare
1316 3347 1345 3401 ln
1359 3345 1442 3402 domo
1457 3347 1516 3415 ejus
1537 3354 1653 3403 matrem
1672 3346 1797 3404 liliorum

998 3439 1146 3501 letantem,
1161 3437 1239 3506 cnjus
1253 3435 1324 3491 lilios
1338 3434 1479 3491 benedixit
1499 3435 1615 3506 pusillos
1636 3453 1698 3492 cunr
1713 3438 1796 3508 maJ'o

996 3527 1083 3594 ribus,
1101 3542 1163 3598 qma
1183 3523 1300 3596 placebit
1319 3523 1436 3581 Domino
1461 3525 1489 3580 ιι
1515 3525 1631 3598 regione
1658 3525 1794 3593 vivorum,

996 3616 1041 3673 cni
1053 3613 1220 3672 sacrificabit
1232 3612 1347 3669 leontiam
1362 3612 1451 3669 laudis
1471 3613 1500 3668 in
1521 3613 1612 3670 medio
1629 3615 1793 3682 Jerusalem,

995 3705 1024 3760 ln
1042 3715 1203 3777 quaomnes
1234 3712 1330 3774 gentes
1363 3710 1391 3756 et
1423 3717 1520 3757 omnes
1550 3702 1645 3774 populi
1679 3704 1792 3759 landant

997 3795 1099 3862 Deum;
1116 3792 1161 3864 qul
1174 3806 1223 3863 per
1235 3797 1329 3862 portas
1340 3789 1450 3858 justitiae
1464 3790 1583 3862 ingressi
1593 3789 1733 3846 ambulant
1742 3793 1792 3846 irn-

996 3881 1125 3938 maculali
1138 3880 1167 3936 iu
1181 3881 1226 3936 vla
1238 3879 1311 3952 legia
1324 3878 1442 3944 Domini,
1459 3885 1489 3933 ut
1502 3878 1537 3933 de
1552 3878 1673 3934 incolatu
1694 3881 1792 3936 mundi

997 3979 1023 4028 et
1042 3969 1224 4026 babitantibus
1243 3967 1332 4024 Cedat
1348 3965 1506 4037 perueniant
1533 3966 1568 4023 ad
1593 3974 1719 4034 montes,
1747 3969 1794 4025 ubi

997 4060 1096 4118 auxilio
1111 4059 1161 4116 Dei
1175 4057 1211 4116 ab
1225 4057 1300 4114 omni
1313 4055 1386 4111 malo
1400 4055 1597 4112 custodientur.

1032 4177 1063 4230 ln
1077 4171 1275 4230 tertiadecima
1290 4171 1404 4239 decade,
1421 4169 1518 4228 eedem
1531 4171 1663 4229 liocleeias
1675 4179 1743 4228 atas
1757 4173 1793 4231 de

997 4264 1111 4336 strepitu
1124 4261 1218 4319 secali
1240 4261 1390 4317 ascendere
1413 4276 1464 4332 per
1482 4260 1587 4332 grados
1606 4260 1735 4317 ιιιιιιιιι
1757 4265 1793 4320 ad

996 4369 1093 4426 paoem
1106 4350 1258 4408 lcmsalem
1272 4350 1396 4416 docetur,
1408 4357 1469 4420 ιιι
1482 4363 1534 4420 per
1547 4349 1634 4404 iribne
1644 4354 1670 4406 ιι
1684 4367 1735 4423 per
1748 4369 1793 4410 se-

134 4449 274 4516 justorum
289 4445 317 4500 ln
331 4459 398 4517 pace
416 4461 422 4500 z
437 4447 464 4502 in
479 4463 532 4520 qna
548 4447 636 4504 iactus
648 4453 690 4503 est
704 4447 781 4503 locus
795 4447 868 4516 ejus.
886 4447 941 4518 Qui
957 4445 983 4504 D
997 4441 1049 4497 des
1069 4448 1100 4496 ut
1119 4439 1215 4497 civitas
1236 4437 1396 4502 edificatur,
1418 4437 1446 4492 la
1472 4453 1526 4510 qna
1548 4438 1620 4494 servi
1633 4447 1662 4494 ιι
1685 4441 1793 4498 maitiae

138 4533 271 4606 populum
286 4551 365 4590 auum
378 4535 406 4590 ln
418 4551 501 4592 manu
525 4537 626 4608 Moysis
649 4544 675 4592 et
696 4537 788 4590 Aaron
802 4535 914 4591 deduxit
931 4551 937 4590 ι

138 4640 210 4696 qnos
223 4639 294 4695 pane
308 4625 468 4696 angelorum
484 4626 570 4698 pevlt.
591 4623 645 4694 Qui
663 4623 735 4679 ultus
757 4634 800 4680 eat
823 4625 938 4698 sangui-

138 4729 204 4768 nem
229 4725 358 4781 suorum,
382 4713 504 4771 reddens
525 4713 678 4786 septupium
705 4713 801 4769 ricinis
825 4729 934 4770 eorum.

138 4801 194 4870 Qui
210 4801 320 4858 vineam
334 4803 369 4858 de
383 4801 479 4860 electis
494 4802 551 4858 suis
565 4801 707 4874 plantavit,
725 4815 793 4873 quos
810 4812 843 4858 ex
857 4802 939 4875 adipe

138 4889 269 4946 frumenti
280 4890 390 4958 cibavit,
405 4891 480 4948 etde
495 4899 571 4962 petra
586 4890 668 4947 mella
683 4892 824 4958 saturavit,
842 4899 897 4949 etc.

177 5005 208 5060 ln
222 5016 295 5060 nona
306 5003 419 5072 decade,
433 5005 529 5062 eedem
544 5008 726 5062 maturantes
740 5003 870 5062 Ecclesiae
885 5021 937 5078 po·

137 5095 202 5152 culo
216 5093 359 5166 sapientie
375 5093 533 5163 ltetlflcatur,
550 5105 611 5152 curn
637 5095 760 5150 homines
783 5091 820 5150 dii
842 5103 869 5150 et
888 5091 937 5150 bill

137 5183 245 5240 excelsi
258 5197 276 5237 a
290 5183 348 5238 Deo
363 5187 504 5252 tollantur,
516 5194 530 5237 a
544 5181 641 5256 qulbus
656 5183 716 5254 lpse
728 5181 802 5239 solus
830 5185 937 5239 Altissl-

135 5282 200 5326 ιιιιι
215 5272 244 5325 ιιι
259 5271 332 5327 omni
348 5279 422 5327 terra
436 5271 610 5343 predicatur,
625 5270 658 5326 ad
673 5283 756 5344 quern
771 5272 934 5342 pervenien-

135 5361 204 5416 dum
221 5359 293 5416 beati
320 5359 497 5416 ascensiones
518 5360 546 5414 in
569 5361 652 5416 corde
669 5375 718 5416 suo
736 5357 882 5432 disponunt
901 5361 936 5419 de

136 5445 210 5502 salle
235 5443 435 5516 lacrymarum,
460 5441 491 5500 ut
513 5443 643 5500 inhabitet
661 5443 788 5518 gloriata
803 5451 876 5500 terre
894 5459 935 5502 en·

994 4529 1091 4586 oculos
1103 4528 1139 4584 ιιι
1152 4527 1300 4584 Dominum
1313 4526 1481 4583 habitantem
1494 4526 1523 4582 in
1544 4527 1622 4584 coeils
1642 4527 1745 4597 lerant,
1762 4539 1792 4587 nt

995 4619 1055 4688 ulus
1081 4615 1215 4687 adjutorio
1242 4625 1342 4686 aquam
1363 4614 1565 4672 intolerabilem
1586 4625 1789 4687 pennescant,

995 4703 1136 4758 veniernes
1148 4700 1185 4757 ed
1198 4715 1246 4756 eon
1261 4699 1310 4771 qui
1323 4699 1447 4756 habitant
1462 4699 1494 4756 iu
1510 4701 1671 4768 ierusalem,
1687 4703 1734 4758 nbi
1748 4713 1791 4758 est

994 4806 1047 4864 pax
1062 4803 1145 4861 snper
1159 4788 1257 4855 lsrael,
1273 4787 1367 4860 repleti
1380 4788 1482 4860 gaudio
1501 4797 1530 4846 ιι
1543 4789 1730 4859 eumenum,
1741 4793 1787 4850 abi

993 4889 1055 4952 post
1068 4878 1163 4935 mortis
1176 4891 1304 4934 somnum
1318 4877 1399 4934 datur
1412 4877 1557 4934 hereditas
1571 4879 1680 4936 Domini
1693 4880 1791 4938 eiectis

993 4967 1056 5024 tiliis
1069 4982 1178 5024 merces
1190 4967 1294 5024 tructus
1308 4966 1411 5024 ventris
1425 4966 1537 5032 ιιιιιι;
1557 4966 1604 5022 ubl
1618 4967 1690 5024 bont
1710 4969 1791 5024 lern-

991 5057 1079 5114 aalem
1095 5053 1225 5113 videbunt
1241 5055 1367 5112 omnibus
1381 5054 1478 5111 diebus
1489 5055 1553 5110 vitm
1565 5061 1686 5121 eternas,
1701 5062 1730 5112 et
1743 5056 1791 5112 be

991 5146 1111 5203 nedletio
1134 5143 1243 5202 Domini
1264 5157 1348 5215 super
1371 5159 1419 5200 eoa
1436 5143 1498 5209 erit,
1517 5153 1588 5213 quoa
1604 5158 1640 5199 cx
1661 5143 1789 5200 omnibns

991 5234 1178 5308 iniquitatibus
1199 5232 1325 5299 redemit,
1348 5231 1448 5304 quibus
1475 5229 1617 5286 retributio
1642 5230 1671 5286 in
1696 5233 1789 5290 aalma

990 5325 1051 5397 lpse
1065 5325 1138 5380 Deus
1152 5322 1215 5380 crit.

1027 5443 1057 5500 tn
1072 5452 1167 5518 quarte
1181 5439 1289 5500 decime
1302 5442 1416 5512 decade,
1427 5439 1566 5513 decrepite
1579 5448 1645 5498 totas
1655 5439 1787 5502 Ecclesia

136 5549 208 5600 rnrn,
225 5541 341 5606 qnorum
355 5535 462 5590 animas
477 5535 512 5590 de
535 5533 643 5590 lttlerno
667 5531 788 5590 inferiori
813 5533 892 5604 eruit,
908 5535 936 5590 ln
990 5535 1026 5592 ιιι
1052 5531 1289 5589 mansuetudinem
1316 5530 1513 5603 permulcetur,
1530 5541 1610 5602 quarn
1632 5526 1684 5586 eibi
1705 5531 1789 5608 elegit

135 5623 248 5680 ιιιιιιιι
257 5615 389 5697 glonoae,
402 5623 429 5679 ln
440 5631 497 5695 qna
511 5627 552 5680 est
566 5621 698 5680 habitatio
708 5624 830 5680 omnium
839 5621 931 5680 intan-
989 5619 1226 5680 inhabitationem
1240 5629 1266 5679 ιι
1280 5616 1411 5692 requiem,
1422 5619 1451 5675 ln
1470 5629 1524 5693 qna
1546 5617 1644 5678 batres
1658 5621 1686 5677 in
1701 5636 1786 5678 unum
