3942 6067
243 216 321 301 ‘sset
387 198 394 207 ’
744 242 923 305 smrasru
942 236 1192 299 aueusronuu.
1214 234 1386 304 urtseon.
1835 254 1898 309 sese

210 361 214 367 '
250 363 366 428 tensns;
393 376 523 437 rogemus
549 369 579 418 nt
613 362 741 421 efficiaris
774 365 898 437 planatus
923 362 1043 421 fidetium
1058 363 1086 423 Α
1101 359 1222 416 dandam
1244 360 1359 422 'salutem
1381 372 1409 421 ει
1430 365 1622 423 remissionem
1636 369 1893 438 peemmmmsutfi-

249 452 422 511 umbonibus
443 459 472 509 et
492 458 650 509 sanatorum
677 452 931 522 intercessionibus,
945 451 1047 509 meritis
1102 449 1186 506 niens.
1223 444 1309 509 Filius
1346 456 1426 513 etiam
1466 456 1536 527 patri
1570 458 1776 529 quodammodo
1802 458 1897 516 dieitur

250 551 278 599 et
291 541 429 615 precibus.
444 540 487 599 Ab
499 539 562 613 ipso
573 540 683 613 planato
696 542 748 599 tris
762 544 892 615 petimus,
907 543 967 600 dies
995 556 1048 599 ne-
1102 538 1249 611 asumptus,
1265 543 1328 613 quia
1343 544 1483 616 Scriptura
1501 545 1536 601 da
1551 544 1620 601 Filio
1643 546 1768 619 loquens,
1794 549 1895 604 Patrem

250 639 323 691 sares
344 631 376 687 in
394 644 464 704 paee
484 630 625 696 anteum,
649 638 678 687 et
698 632 735 687 ab
757 639 861 689 aeterm
874 632 1048 689 damnatione
1101 627 1311 697 manifestasse
1332 634 1409 705 quasi
1428 634 1518 705 ipsum
1542 643 1731 706 representat.
1761 638 1809 695 Est
1827 638 1896 694 enim

250 736 303 778 nos
320 719 401 793 eripi,
423 726 451 776 et
474 718 548 775 inter
570 718 674 777 eleetos
686 726 835 779 numerari.
853 722 915 779 Non
931 729 973 777 εει
987 736 1048 776 me·
1103 716 1235 785 splendor
1247 728 1369 791 paternae
1383 722 1478 795 glorie
1491 730 1518 781 et
1532 724 1623 796 lipara
1645 725 1804 783 substautias
1823 726 1893 797 ejas.

249 808 326 867 dinus
346 809 419 865 inter
440 806 579 865 infernam
601 808 648 865 ubi
670 816 713 865 est
733 810 882 879 damnatio,
906 814 935 868 et
948 808 1049 868 omium
1102 804 1181 863 Unde
1194 806 1254 877 ipse
1268 808 1305 865 ait
1319 810 1897 887 adPattem:Potsr,musl[estuoiuomss

227 898 353 955 ‘abisst
366 896 505 954 beatitudo
519 904 546 954 ει
559 896 648 954 astus
666 897 719 969 Qui
742 900 815 955 enisa
837 914 892 957 non
913 900 1049 955 damnsn-
1104 897 1186 952 tattm
1216 896 1389 957 inminibus.
1418 900 1469 957 llio
1490 908 1532 958 est
1558 901 1628 958 liber
1647 903 1720 969 vitae,
1743 903 1771 961 in
1797 918 1851 977 qno
1873 911 1898 959 et

250 994 306 1055 tax,
320 1000 418 1043 omnes
430 984 534 1043 saliari
547 1001 603 1043 noa
616 986 785 1045 dubitantur.
800 989 879 1047 Unde
892 988 966 1047 eirea
976 987 1049 1043 mem
1103 998 1256 1057 perquem
1280 987 1550 1061 Paterdiepouendo
1572 991 1787 1060 emniasoribit,
1810 1002 1835 1048 et
1866 992 1898 1048 ad

250 1073 777 1135 sidummbornmooneuteatiooum
791 1077 900 1144 dieitur,
928 1076 1049 1133 adam-
1103 1084 1165 1129 esse
1192 1074 1333 1145 producit.
1365 1077 1443 1135 Unde
1472 1078 1601 1151 seriptum
1629 1089 1673 1137 est
1700 1098 1709 1137 s
1735 1081 1837 1139 omnin
1849 1098 1899 1153 per

250 1165 362 1223 aniene
376 1163 457 1237 eripi,
470 1171 500 1221 st
512 1164 586 1221 inter
598 1164 703 1223 eleetos
716 1167 865 1223 numerari.
880 1166 935 1223 Sed
949 1163 1049 1222 intelli·
1102 1162 1197 1233 ipsunt
1213 1164 1294 1235 sueto
1313 1170 1392 1235 suut,
1416 1170 1447 1223 et
1466 1168 1529 1225 siue
1541 1168 1603 1241 ipso
1623 1172 1735 1242 [mlum
1748 1174 1791 1227 est
1807 1170 1895 1227 sitit.

250 1253 372 1331 gemam
385 1253 470 1311 estin
483 1254 622 1327 maenti,
647 1255 675 1311 id
696 1263 738 1311 est
758 1255 802 1313 iso
816 1270 867 1313 nes
880 1257 910 1311 in
923 1253 1050 1328 pruenti
1105 1249 1184 1307 Pater
1196 1258 1237 1307 ast
1250 1253 1339 1309 seriba
1354 1254 1630 1322 vomuerseeibenn
1647 1256 1731 1313 Filias
1758 1262 1801 1315 est
1830 1258 1898 1315 seri·

249 1343 400 1403 merarius
413 1342 586 1412 dsmannr,
602 1350 631 1400 nt
644 1344 673 1400 in
686 1342 839 1418 luteroper
857 1343 975 1418 gratiam
1000 1342 1051 1400 Dei
1103 1345 1180 1410 ριειιι
1194 1340 1285 1397 omnin
1299 1342 1452 1401 eenbneua.
1469 1346 1547 1402 Pater
1566 1346 1593 1401 in
1618 1360 1652 1403 eo
1671 1346 1793 1403 omniura
1807 1362 1899 1403 rerum

250 1434 402 1493 euvenus.
433 1434 588 1489 Nomadum
615 1441 656 1490 est
683 1434 758 1506 qued
785 1435 884 1508 duplex
920 1443 963 1491 est
998 1446 1051 1506 pax
1104 1424 1207 1485 termas
1232 1430 1386 1505 insculpsit,
1410 1440 1438 1490 ει
1461 1448 1511 1505 ρει
1534 1434 1624 1507 ipsam
1647 1436 1739 1492 omnis
1752 1443 1837 1502 ειεει,
1853 1452 1897 1493 re·

250 1523 346 1583 mandi
369 1541 379 1580 r
401 1538 457 1579 nna
478 1538 528 1595 per
550 1536 634 1595 quam
656 1531 719 1579 orat
744 1522 868 1581 Εεειεείε
892 1531 923 1581 ει
942 1528 1052 1581 nearent
1104 1514 1144 1589 git
1157 1524 1184 1575 et
1198 1518 1327 1591 disponit.
1347 1520 1425 1579 llode
1442 1522 1480 1579 ait
1504 1524 1644 1596 Prnptaets
1659 1540 1666 1580 :
1683 1525 1785 1583 Omnia
1809 1527 1840 1581 tn
1854 1543 1899 1583 su·

112 1648 116 1654 ι
240 1610 459 1691 ‚minandum
479 1610 707 1684 perturbationes,
731 1620 759 1669 et
781 1613 894 1671 hostiles
911 1612 1050 1670 ineursie·
1103 1606 1484 1684 venenisuenenis).
1502 1612 1636 1671 idemest
1657 1612 1761 1671 oblatio
1783 1615 1897 1672 rationa-

249 1717 318 1768 ,ης
332 1702 421 1759 etun
432 1699 588 1773 perniciosa
601 1708 629 1757 et
640 1700 752 1757 omniuo
771 1701 897 1771 vinnm
920 1700 1047 1779 quoniam
1061 1715 1088 1783 B
1104 1692 1148 1763 lis,
1163 1710 1216 1752 non
1232 1698 1391 1769 peeuliarisa
1407 1700 1458 1757 etsi
1482 1702 1555 1759 enim
1578 1704 1690 1776 unguis
1712 1712 1853 1761 taurorum
1872 1712 1897 1761 et

248 1791 317 1850 lieet
341 1786 498 1848 bominibus
521 1790 626 1863 absque
652 1790 870 1849 oentradintiene
896 1790 983 1847 libere
1009 1792 1047 1847 nti
1101 1784 1236 1855 pecudum
1249 1784 1400 1844 sudleiebat
1413 1789 1448 1845 ed
1463 1790 1680 1849 emandationem
1707 1794 1810 1863 menis,
1841 1810 1897 1850 aon

249 1878 344 1939 narnis
368 1878 515 1936 desideriis
541 1886 568 1935 et
594 1878 652 1935 suis
681 1878 875 1952 uoluptatibus.
894 1880 988 1938 Prima
1005 1887 1048 1936 εει
1100 1878 1194 1931 umen
1221 1883 1281 1932 erat
1307 1874 1403 1935 ednas
1428 1880 1465 1935 sd
1492 1881 1711 1939 emandationem
1727 1882 1849 1955 spiritus,
1864 1883 1897 1939 ad

248 1966 314 2045 ¹521,
329 1968 379 2026 ud
393 1966 569 2036 mugituri„
585 1966 706 2026 munda
720 1984 776 2026 non
790 1977 832 2025 ρει
845 1969 967 2041 [immid
981 1984 1048 2026 0011..
1099 1962 1289 2020 redimendum
1310 1982 1361 2023 ltos
1384 1982 1401 2023 Ι
1421 1970 1557 2040 pecuniis.
1584 1969 1663 2028 Unde
1676 1986 1791 2029 bedeese
1807 1971 1856 2028 suit
1870 1980 1898 2029 tll
1969 2044 1970 2049 1

247 2058 320 2117 tasio
332 2065 362 2116 ει
374 2056 504 2131 iniqnitas
517 2056 624 2114 οιΙίοεε.
658 2056 727 2114 item
741 2072 793 2129 pax
817 2058 869 2115 Dei
883 2059 983 2131 duplex
1005 2067 1047 2115 εει
1100 2065 1151 2122 pro
1187 2052 1348 2111 redimendo
1374 2054 1484 2115 bomine
1498 2056 1641 2116 adametur
1668 2060 1756 2117 bestia
1783 2062 1897 2119 rationa-
1969 2064 1970 2073 ’

247 2164 310 2223 qu,
322 2147 450 2205 mapa,
463 2146 553 2203 modi.
568 2152 612 2203 „a
624 2146 792 2219 ψμωῃαι,
811 2146 890 2204 nne„
911 2155 955 2204 ρει
969 2155 1046 2203 ιηῃ.
1098 2139 1143 2207 lis,
1172 2140 1277 2199 aeilioet
1300 2142 1383 2201 bomo
1411 2154 1567 2221 assumptus
1590 2162 1607 2204 a
1628 2149 1734 2217 ,liet-bn,
1760 2165 1793 2206 ax
1807 2151 1895 2207 anima

246 2236 367 2311 qdilbas
388 2235 488 2292 mentis
511 2242 539 2291 et
559 2234 638 2309 quies
659 2242 763 2293 sanetae
789 2236 984 2304 meditationis,
1010 2235 1045 2293 de
1099 2229 1222 2287 rationali
1235 2240 1262 2289 el
1275 2233 1489 2293 bumanaoarne
1503 2238 1666 2295 subsistens.
1682 2240 1747 2297 liaeo
1774 2240 1835 2298 sela
1861 2240 1894 2297 ad

244 2342 298 2401 que
319 2325 452 2398 seriptum
474 2331 518 2381 est
532 2334 540 2379 t
555 2323 647 2397 Elegit
668 2324 844 2397 suspendium
858 2324 950 2381 anima
963 2339 1040 2381 mes.
1098 2318 1236 2375 bominem
1250 2321 1440 2381 restituendum
1454 2322 1563 2396 suffieit,
1578 2333 1605 2383 ει
1620 2325 1692 2383 nulla
1710 2327 1894 2386 alinandieere
1969 2314 1970 2341 ¹

243 2415 339 2474 attan
360 2421 413 2480 est,
436 2428 498 2488 qna
518 2420 663 2485 exsuperet
686 2430 796 2470 omnam
810 2430 933 2483 sensum,
949 2415 976 2470 in
991 2430 1044 2489 que
1098 2408 1194 2479 potuit,
1210 2410 1273 2483 quia
1286 2426 1338 2469 nee
1352 2413 1444 2481 bomo,
1461 2430 1512 2471 neo
1526 2416 1651 2491 angelus,
1662 2416 1892 2487 nisibomolteus,
1969 2406 1970 2419 ¹

241 2502 316 2561 nulls
330 2502 553 2577 mttnqnietude,
574 2501 651 2559 anila
671 2502 907 2575 perturbationum
930 2502 1042 2562 vicissi-
1097 2496 1162 2554 lime
1189 2506 1279 2556 autem
1308 2500 1368 2557 sola
1395 2502 1453 2560 Deo
1469 2512 1509 2560 εει
1522 2512 1635 2577 aeoepta
1648 2520 1698 2579 pro
1712 2506 1819 2565 deliotis
1834 2524 1894 2565 em·
1969 2506 1970 2581 i

241 2594 317 2661 tado,
334 2592 386 2650 sed
399 2599 504 2649 eterna
518 2591 659 2648 manendo
672 2593 765 2663 (lons.
788 2594 863 2660 arv).
891 2594 1042 2666 Utramque
1095 2585 1171 2641 mum
1198 2588 1364 2661 propitiatio.
1394 2592 1545 2649 Possumus
1564 2602 1655 2651 antem
1674 2595 1723 2651 tria
1738 2596 1893 2668 pmeeden
1969 2610 1970 2623 ¹

238 2682 373 2741 Dominus
386 2680 529 2754 diseipulis
541 2680 599 2737 anis
613 2681 748 2753 prornisit,
768 2688 797 2738 et
819 2681 898 2739 dedit
919 2681 1039 2740 dianna:
1094 2674 1132 2731 tia
1145 2675 1249 2733 ratane
1263 2678 1298 2734 ad
1320 2678 1495 2753 oblationem,
1522 2682 1580 2739 duo
1607 2685 1748 2759 sequemm
1769 2686 1804 2741 ad
1831 2685 1894 2743 offe·

238 2775 340 2831 Psessoi
356 2769 587 2840 mssmdonobts,
600 2786 700 2843 ρεεεει
713 2769 844 2845 retiaque
858 2772 932 2829 eoois
945 2771 1036 2845 (Ριιι.
1095 2772 1208 2823 rentem.
1225 2764 1278 2837 Qui
1293 2768 1366 2824 enim
1381 2769 1579 2829 rationabiliter
1604 2770 1694 2842 oden,
1724 2782 1798 2831 reete
1824 2776 1892 2833 diri·

236 2862 295 2935 Ν)ἶ
309 2875 408 2935 pm
422 2858 550 2933 „linquit
564 2858 752 2927 mmmmm,
776 2874 874 2932 pm
897 2876 977 2917 guum
992 2860 1039 2918 dea
1093 2852 1142 2911 dit.
1171 2854 1292 2929 ideoque
1318 2856 1422 2915 oblatio
1441 2859 1501 2929 ejus
1523 2868 1568 2917 est
1588 2863 1777 2935 seeeptabitis.
1813 2864 1891 2923 Unde
1969 2898 1970 2927 i

235 2948 562 3023 adsapmaenientibns.
584 2948 653 3004 Cum
675 2956 791 3022 mraqne
813 2964 867 3022 pax
887 2950 952 3005 alea
967 2950 1036 3018 nee,
1093 2941 1160 2999 abet
1176 2944 1449 3017 quiareeteobtnlit,
1465 2956 1578 3007 streete
1593 2950 1891 3015 divisit,tleminnsad
1969 2954 1970 3027 ἶ

233 3038 348 3114 proprie
360 3036 459 3095 disier
471 3051 533 3106 aaa,
555 3050 609 3111 pax
633 3050 718 3109 snper
739 3052 843 3110 panem,
864 3052 1036 3111 exsuperans
1048 3066 1074 3133 C
1093 3031 1153 3101 eius
1179 3048 1293 3091 munera
1320 3037 1454 3109 respexit.
1481 3038 1522 3094 ad
1543 3038 1609 3095 Cain
1632 3048 1721 3099 autem
1743 3046 1773 3099 et
1786 3043 1891 3099 admn-

233 3140 486 3188 oannemssnsunm
501 3124 722 3199 intelligentiam.
738 3128 828 3198 Quum
850 3128 1032 3197 simeonem,
1088 3134 1155 3178 nera
1183 3122 1242 3192 eius
1268 3138 1324 3181 nou
1349 3124 1478 3199 respexit,
1508 3127 1580 3200 qaia,
1609 3129 1661 3186 etsi
1689 3138 1766 3188 reete
1779 3132 1889 3201 obtulit,

232 3216 398 3276 mma·
410 3216 536 3289 utapro
545 3216 645 3290 quitus
657 3214 812 3288 offerimus,
834 3230 961 3288 quosque
974 3216 1033 3275 lieo
1087 3215 1163 3267 reete
1192 3226 1247 3268 non
1274 3212 1378 3284 divisit,
1410 3214 1473 3287 qnia
1496 3216 1549 3272 sibi
1567 3218 1891 3291 eorimpoenitentesre·
1969 3212 1970 3259 f

232 3306 316 3375 Patri,
331 3305 469 3363 mediante
483 3302 614 3360 bestiast
628 3303 831 3376 interpellante,
854 3305 1032 3363 mmneitiare
1086 3299 1174 3357 tinnit.
1190 3300 1428 3371 llateitledividit,
1440 3303 1485 3377 qui
1494 3304 1522 3361 id
1531 3308 1605 3379 qnod
1614 3308 1674 3365 Deo
1688 3308 1777 3384 magis
1787 3310 1886 3383 planet,

230 3394 416 3460 mumma„
440 3399 469 3449 ue
490 3391 595 3449 eulaeo
618 3392 718 3448 hebeat
741 3391 890 3450 emmaum
906 3402 933 3450 ee
947 3394 1032 3451 mauu.
1086 3388 1188 3447 seilioet
1202 3404 1252 3446 eur
1265 3392 1410 3448 contritum
1425 3402 1453 3450 ει
1467 3394 1647 3464 humiliatum,
1664 3398 1757 3455 einen
1773 3400 1884 3455 tribuit.
1969 3400 1970 3415 ¹

230 3492 287 3543 tem
315 3481 474 3540 eenlerendi
501 3480 574 3553 qued
601 3481 731 3553 petimus,
761 3496 894 3553 rogemus
921 3497 981 3539 eam
1004 3483 1031 3539 ln
1085 3476 1224 3533 Exteriore
1238 3478 1358 3537 datlleo
1372 3489 1401 3537 et
1415 3478 1510 3554 ollem
1536 3492 1566 3541 ει
1592 3485 1713 3559 seipsum
1740 3486 1793 3543 sibi
1823 3489 1889 3545 reti·

229 3573 330 3633 xaelins
351 3569 504 3644 momoueri
526 3577 553 3628 et
575 3569 604 3625 in
624 3569 775 3627 eternitate
798 3570 910 3638 ascribi,
937 3580 965 3628 et
981 3588 1030 3627 ra·
1084 3574 1138 3623 net.
1164 3566 1252 3637 Unde,
1278 3568 1384 3643 siquis
1407 3578 1482 3628 reete
1505 3570 1611 3641 oderat,
1635 3582 1662 3631 ει
1675 3583 1748 3633 reete
1766 3576 1886 3645 dividat,

181 3710 190 3719 ,
227 3670 294 3733 mm,
320 3661 348 3717 td
375 3669 418 3717 εει
441 3658 549 3715 tirmam
576 3667 603 3715 et
630 3659 799 3715 immobilem
821 3657 894 3717 lieri.
913 3658 1030 3717 Oramus
1084 3655 1251 3713 rationabilis
1280 3664 1322 3714 est
1349 3660 1437 3715 bestia
1460 3668 1486 3717 et
1509 3670 1620 3733 aeeepta
1637 3680 1644 3717 :
1661 3664 1704 3719 aiu
1725 3674 1830 3733 autem,
1844 3666 1889 3721 in-

226 3761 258 3810 at
268 3751 347 3810 sibus
359 3749 501 3807 bominum
515 3746 563 3803 dat
583 3748 662 3806 cibus
676 3748 851 3822 angelorum,
874 3749 979 3806 esitioet
1000 3759 1029 3807 ut
1083 3742 1229 3803 imetuoaa.
1257 3746 1333 3803 Unde
1359 3748 1492 3819 Propheta
1516 3768 1522 3807 :
1549 3752 1721 3824 [niquitatem
1742 3753 1766 3809 si
1790 3756 1888 3827 aspexi

226 3849 329 3907 omno
348 3845 553 3922 mum
573 3850 863 3907 wegrunnan,-
884 3848 912 3902 1„
926 3862 1028 3919 eoppa,
1082 3832 1110 3887 in
1125 3834 1208 3891 eorde
1223 3850 1293 3902 meo,
1309 3850 1363 3892 uon
1379 3838 1504 3895 exaudiet
1527 3840 1658 3897 Dominus
1680 3844 1767 3913 (Psoi.
1792 3843 1878 3917 xxv).

225 3958 254 4008 et
273 3949 435 4023 ”minem
458 3948 523 4003 mu
546 3945 657 4015 ebrini,
678 3944 724 4018 qui
752 3953 794 4001 03,
818 3945 919 4003 offlano
944 3947 1029 4004 bene.
1082 3921 1175 3995 ltaque
1202 3924 1263 3981 aliis
1291 3925 1319 3981 in
1345 3927 1584 3998 resurreetionem,
1615 3928 1678 3986 aliis
1702 3931 1730 3987 in
1758 3932 1881 3994 ruinam.

226 4038 309 4110 ιιιειε,
346 4037 399 4094 boe
434 4045 475 4093 est
500 4034 623 4091 omnium
652 4034 805 4107 pasterum
833 4034 1027 4093 benedictione
1081 4018 1165 4077 lieete
1178 4020 1372 4092 dividentibus,
1389 4024 1463 4081 salus
1478 4033 1505 4083 ει
1519 4026 1572 4083 vita
1580 4036 1698 4097 eterna,
1715 4028 1885 4099 matamors

225 4137 318 4211 ptens,
333 4134 369 4193 de
383 4135 459 4206 euius
470 4132 641 4207 plenitudine
653 4148 704 4189 noa
728 4148 825 4190 omnes
848 4133 1020 4205 seoepimus.
1081 4124 1108 4172 ⁰1
1125 4125 1257 4190 perpetua
1271 4118 1392 4177 mimi·-
1409 4118 1489 4191 011ῡᾶ
1504 4124 1633 4181 timidos
1646 4134 1708 4182 οιιῑ
1714 4126 1885 4186 oblationem

223 4234 305 4293 Peter
327 4235 399 4291 enim
421 4234 455 4289 ad
479 4248 636 4289 mensuram
657 4248 715 4287 non
735 4230 784 4289 dat
805 4228 883 4297 Filio,
900 4230 949 4288 sed
963 4231 1026 4286 data
1080 4214 1157 4285 panis
1177 4222 1205 4271 0¹
1228 4216 1283 4271 '³⁰5
1309 4216 1368 4275 fiili
1395 4234 1496 4293 θοιῬΜ
1523 4221 1632 4278 ”milti
1661 4232 1688 4281 0¹
1715 4225 1882 4301 ttnfftliuem

224 4338 269 4389 est
290 4331 317 4388 ei
339 4331 460 4388 omnium
483 4329 630 4404 gratiarum
652 4328 801 4401 plenitudo.
830 4329 893 4399 lpse
907 4335 950 4385 est
977 4342 1027 4401 per
1079 4312 1189 4370 omnini
1216 4314 1303 4371 ³⁰⁵²&
1329 4316 1394 4373 ³0⁸⁰
1423 4317 1535 4387 Chritus
1550 4320 1640 4391 ptimo
1654 4320 1756 4380 laetum
1770 4334 1813 4381 ιιι
1827 4340 1888 4383 eoe·

225 4444 306 4503 quem
321 4425 467 4501 requiescit
482 4427 607 4499 Spiritus
620 4426 768 4501 sapientie
782 4428 812 4483 et
839 4425 1022 4496 intellectus,
1037 4426 1065 4491 D
1080 4411 1208 4467 mmm
1233 4410 1386 4485 dffwililfflb
1414 4415 1441 4471 ln
1457 4413 1501 4472 Μ·
1516 4416 1608 4475 ΜΝ*
1619 4432 1636 4475 ¹
1649 4418 1757 4477 Chll³¹⁰
1784 4422 1885 4494 ΡΝῙΙ·

224 4526 349 4601 spouos
362 4522 477 4581 comuste
490 4525 519 4579 es
537 4522 728 4594 ferumine,
752 4522 1025 4596 sperassemus
1081 4507 1115 4563 ie
1130 4524 1138 4563 τ
1152 4508 1208 4565 aee
1225 4512 1380 4583 esseorum
1393 4504 1497 4569 ouum.
1522 4513 1573 4571 Hic
1592 4520 1636 4572 aa
1659 4516 1741 4573 cette
1755 4520 1881 4590 τιιειί-

226 4620 684 4699 etpirtotis,etSpirltustimorls
694 4618 1025 4693 Dosntui(ioers.ur).l)e
1078 4608 1126 4665 na
1148 4608 1204 4663 mei
1232 4607 1297 4665 unul
1321 4611 1351 4664 et
1377 4610 1482 4667 aeterni
1509 4613 1686 4671 tenimenti.
1719 4612 1774 4671 Sed
1790 4616 1884 4687 prins-

225 4716 286 4787 eJus
312 4712 446 4770 unedone
472 4708 613 4766 deseendit
640 4717 809 4782 unguentum
846 4708 873 4765 iu
910 4708 1026 4765 barbam
1080 4718 1162 4777 quam
1177 4704 1308 4762 sacerdes
1334 4705 1392 4763 heo
1415 4706 1501 4763 verba
1519 4708 1650 4780 proterat,
1681 4710 1754 4783 quod
1781 4714 1882 4787 aequi.

226 4810 327 4870 summi
339 4806 486 4883 pontilicis,
498 4816 526 4864 ει
538 4807 567 4863 iu
580 4822 658 4864 oram
672 4806 828 4864 vestimenti
842 4807 902 4877 ejus
915 4823 1026 4863 emana-
1079 4808 1133 4871 tur,
1161 4801 1380 4875 prmeedentibus
1406 4802 1545 4861 eentiuuet
1573 4804 1669 4863 disens
1683 4824 1690 4863 :
1708 4808 1761 4879 Qut
1782 4814 1882 4885 priate

227 4909 266 4968 uit
298 4908 362 4967 tons
375 4914 417 4965 εει
431 4905 522 4976 airus,
538 4912 637 4978 puteus
650 4904 937 4978 aquarnmriventium
947 4919 1027 4978 aquo
1079 4915 1162 4973 quom
1179 4901 1327 4972 poteretur
1339 4900 1449 4973 aceepit
1459 4916 1563 4975 possem
1576 4903 1609 4960 tn
1623 4910 1780 4967 sanemus
1792 4926 1884 4968 neas-

227 5007 386 5067 derivantnr
406 5018 502 5061 omnes
525 5000 605 5059 rivuli
629 5000 834 5069 misericordie,
863 5000 972 5073 pietatis
999 5008 1026 5057 et
1079 4996 1182 5053 rebitet
1195 5012 1301 5053 atauus
1313 5012 1380 5053 suus
1399 5013 1406 5052 :
1423 5001 1451 5055 et
1466 4998 1583 5057 eleuatis
1605 5003 1882 5083 aestumandum,

225 5103 347 5181 justitia.
372 5100 429 5174 Ipsi
449 5107 492 5157 εει
513 5096 672 5155 omnimoda
693 5097 847 5155 benedictio
861 5103 887 5154 ει
900 5096 1026 5154 sensuli-
1078 5091 1116 5150 od
1127 5098 1154 5151 te
1167 5094 1255 5152 Deum
1265 5093 1385 5151 Putrem
1398 5110 1483 5153 suum
1497 5099 1732 5172 omnipotentem,
1748 5104 1802 5164 tibi
1810 5126 1883 5181 pra.

227 5205 301 5265 ostio
327 5202 431 5274 seripta
460 5199 489 5255 in
522 5198 673 5257 eternitate
702 5197 793 5254 Patris
818 5204 846 5254 ει
872 5196 1026 5269 equalitate
1081 5192 1137 5247 tius
1158 5208 1255 5264 opens,
1280 5197 1332 5250 ete.
1358 5192 1428 5249 Dum
1454 5194 1514 5251 bue
1541 5196 1627 5254 rerba
1653 5199 1766 5269 proten,
1795 5208 1883 5264 sumta

227 5314 351 5378 paternas
361 5296 521 5369 maiestatis.
540 5294 625 5352 Filius
638 5294 690 5351 Dei
709 5294 808 5351 dieitur
821 5292 924 5350 oblatio
936 5292 1027 5351 aseri·
1079 5304 1179 5362 penem
1192 5289 1228 5347 de
1241 5290 1331 5359 altari,
1347 5299 1375 5347 et
1389 5289 1529 5349 elevatum
1557 5293 1630 5352 laeto
1653 5298 1797 5373 signaculo
1813 5321 1883 5363 eru.

228 5411 285 5477 pta,
313 5396 464 5471 seripturis
488 5401 645 5452 uuemrum
673 5394 782 5450 Petrum
809 5392 961 5466 designata,
999 5399 1027 5449 ει
1080 5386 1120 5445 εἰε
1135 5386 1281 5456 benedioit,
1306 5394 1333 5446 et
1358 5396 1457 5461 postea
1479 5392 1636 5462 pretaxatis
1663 5396 1755 5454 uerbis
1769 5400 1887 5464 nomm

228 5502 306 5559 nulla
318 5496 456 5555 oblivione
469 5492 597 5560 delenda,
612 5499 640 5548 ει
650 5491 713 5548 ideo
728 5497 797 5557 rata,
811 5489 840 5546 id
853 5497 896 5545 εει
909 5496 937 5547 ει
947 5488 1025 5545 dmm
1080 5493 1108 5542 ει
1121 5486 1336 5559 representatis,
1358 5502 1440 5559 super
1462 5490 1604 5562 corporale
1626 5490 1754 5565 deponit.
1773 5499 1887 5563 bande

150 5658 157 5667 ,
227 5606 257 5654 ει
278 5593 436 5659 immobitis,
466 5590 571 5647 soitieet
593 5587 699 5645 drmata
727 5594 801 5643 statu
813 5584 1024 5645 immortalitatis
1080 5584 1196 5643 salicem
1212 5582 1291 5651 tollit,
1306 5592 1334 5641 et
1347 5584 1460 5659 signans
1474 5595 1652 5659 representat
1666 5592 1887 5673 remuneraturi,

230 5698 258 5751 et
278 5687 499 5762 inoomuptienis,
522 5684 552 5745 in
573 5693 708 5744 aeternum
734 5700 910 5760 permaneas
937 5691 965 5743 ει
990 5682 1027 5742 ad
1079 5682 1175 5741 diosna
1192 5681 1376 5752 edomuisti,
1404 5682 1483 5741 dedit
1510 5683 1659 5760 discipulis
1681 5691 1742 5750 sals
1756 5692 1888 5761 asten„
