3942 6067
179 222 231 290 rar
522 244 671 305 nortona
690 247 943 309 tnottsronon.
963 250 1045 310 orr.
1065 255 1155 313 rans
1172 261 1229 314 ,ττι
1244 292 1279 304 -
1295 262 1491 325 cuneolos.

178 362 983 448 scopusGloricinexceiriscomposuit.Syn.machuspape
996 379 1026 439 A
1040 383 1112 452 quod
1137 393 1242 455 septem
1264 389 1362 445 diebus
1386 392 1513 459 volvitur,
1537 395 1660 469 deliquit,
1686 397 1835 458 abluatur:

178 449 328 519 coustituit,
358 462 386 508 ut
414 458 442 509 in
458 458 607 516 Dominicis
627 462 724 519 diebus
739 472 766 519 et
793 465 821 519 iu
847 466 981 523 natalibus
1035 469 1143 541 agimus
1158 476 1304 545 septimum
1319 478 1402 535 diem.
1419 482 1540 552 Triginta
1553 485 1654 541 diebus
1668 488 1771 544 mensis
1784 505 1835 547 ex·

1686 324 1692 333 .
1784 277 1903 334 '168'

177 541 534 617 martyrumidemhymnos
547 559 667 605 canatur.
686 552 823 609 Sacerdos
837 554 900 609 dum
918 557 976 612 Cio·

177 624 222 681 ric
234 628 265 681 in
275 632 398 686 excelsis
407 632 499 703 incipit
511 637 544 690 ad
554 638 686 694 orientem
695 656 724 696 se
733 641 812 696 vertit
821 660 828 697 :
837 646 899 715 quia
907 645 979 701 hunc

178 715 270 786 angeli
287 718 312 769 iu
327 720 440 789 oriente,
458 724 484 777 id
499 733 541 779 est
555 726 722 791 Bethlehem,
739 730 784 785 ubi
795 732 917 787 Christus
927 749 976 788 na-

177 808 288 871 tuaest,
304 807 976 892 cecinerunt.Transitusepiscopiadulteresigni—

177 888 240 945 licat
256 893 356 950 Christi
371 899 525 965 transitum,
544 910 572 957 ut
585 903 704 960 diximus
731 906 765 963 de
789 910 915 979 passione
941 911 977 965 ad

176 986 306 1035 sternam
323 984 406 1039 vitam
425 1002 431 1041 :
449 998 476 1043 et
490 991 552 1045 ideo
568 993 620 1047 boc
633 994 693 1049 ioco
705 997 801 1053 Gloria
812 998 843 1053 in
853 1000 975 1057 eccelsia

176 1066 283 1139 dicitur,
300 1074 428 1143 quoniam
444 1078 533 1149 glorie
549 1080 693 1137 ineffabilis
718 1085 743 1140 iu
763 1087 879 1142 excelsis
903 1088 975 1145 lacta

175 1171 226 1230 est,
243 1169 350 1237 quando
365 1171 490 1229 Christus
505 1178 621 1233 transitu
637 1182 801 1237 suueuimas
816 1194 974 1241 sauctorum

173 1257 310 1323 copulavit
324 1262 464 1317 consortio
475 1265 651 1336 angelornm.
666 1269 973 1341 Hocgaudiumannuu-

173 1341 380 1416 tiavitangelus
397 1350 577 1411 innativitate
602 1357 671 1424 ejus.
699 1359 762 1414 Post
790 1364 971 1419 resurrectio·

172 1453 236 1494 nem
251 1441 315 1496 data
330 1454 371 1499 εει
387 1446 544 1505 homiuibus
558 1466 612 1521 pax
626 1455 737 1525 quando
751 1458 802 1511 sub
826 1474 880 1514 uno
910 1461 970 1517 Do-

172 1527 246 1585 rniuo
261 1532 424 1601 copulantur
438 1537 568 1605 caelestia,
585 1548 706 1599 terrena.

235 1644 303 1701 Car.
321 1648 481 1707 xxxvttt.
502 1684 536 1695 -
549 1654 592 1712 De
607 1658 737 1715 Dominus
754 1660 907 1719 vobiscum.

1033 559 1133 629 pietur,
1151 580 1321 637 unaquaeque
1333 569 1460 640 aetioper
1474 572 1557 639 diem,
1574 573 1635 629 linis
1644 583 1735 633 autem
1746 580 1832 635 actio-

1034 664 1107 713 num,
1124 667 1312 720 parmensem
1328 658 1503 728 ετρτίωειητ,
1519 660 1582 719 ideo
1596 665 1753 735 trigesimus
1766 668 1828 724 dies

1033 741 1131 805 agetur
1146 745 1172 790 ut
1186 739 1258 808 quod
1273 740 1300 793 in
1316 740 1369 797 flue
1384 753 1485 800 sanctae
1498 746 1639 803 Trinitatis
1654 765 1702 819 per
1718 750 1832 808 decalo-

1031 839 1097 893 gum
1112 824 1181 895 tegis
1195 829 1319 897 peccarit
1334 841 1478 903 purgetur.
1509 835 1537 889 lu
1561 851 1634 892 auno
1656 840 1762 911 peragit
1788 841 1833 897 soi

1030 926 1140 967 cursum
1157 930 1258 979 suum;
1275 935 1324 987 per
1337 920 1423 975 solem
1435 922 1568 986 Christus,
1582 942 1630 994 per
1640 926 1731 981 lunam
1741 929 1831 1000 signi·

1030 998 1126 1055 licetur
1142 1003 1273 1060 Ecclesia.
1291 1008 1504 1065 Anniuersurius
1518 1013 1578 1067 dies
1596 1014 1658 1071 ideo
1672 1025 1778 1088 agetur,
1798 1027 1831 1072 ut

1029 1088 1161 1161 quidquid
1175 1093 1340 1165 deliquimus
1356 1097 1384 1151 in
1403 1098 1541 1154 Christum
1558 1102 1599 1157 vei
1616 1103 1643 1157 in
1664 1104 1825 1175 Ecclesiam,

1027 1176 1174 1234 relaxetur.
1192 1181 1266 1237 Sicut
1280 1195 1440 1241 sanctorum
1455 1189 1644 1245 anniversarIa
1658 1192 1758 1248 diesin
1780 1210 1828 1249 eo-

1027 1282 1086 1319 rum
1101 1268 1204 1324 honore
1227 1271 1261 1326 ad
1286 1275 1446 1329 memoriam
1470 1278 1550 1331 nobis
1572 1278 1713 1335 reducitur
1741 1297 1825 1360 super

1025 1354 1169 1411 utilitatem
1182 1368 1314 1421 nostram.
1342 1363 1380 1417 ita
1401 1362 1592 1421 defunctorum
1621 1368 1656 1423 ad
1682 1369 1826 1425 utilitatem

1025 1442 1146 1499 illorum.
1166 1444 1247 1501 Omni
1263 1456 1385 1521 tempore
1400 1452 1500 1508 bonum
1517 1464 1559 1509 εει
1572 1471 1653 1511 orara
1668 1473 1719 1527 pro
1730 1457 1827 1513 deiun-

1024 1534 1084 1600 ctis,
1101 1534 1207 1589 etiamsi
1223 1537 1340 1594 defuncti
1356 1539 1415 1595 dies
1430 1558 1480 1611 per
1493 1542 1658 1599 oblivionem
1673 1546 1823 1615 nesciatur,

1022 1637 1071 1675 seu
1087 1638 1137 1692 per
1151 1623 1341 1695 ignorantiam.
1355 1628 1404 1683 Pro
1418 1630 1562 1700 baptizatis
1572 1633 1698 1688 omuibus
1721 1633 1823 1707 defun-⁴

984 1711 1077 1788 Betis
1092 1728 1152 1767 cum
1168 1714 1304 1770 sacrillcia
1318 1717 1359 1771 vei
1383 1716 1565 1789 elcemosynae
1585 1719 1745 1789 offeruntur,
1773 1740 1823 1793 pro

208 1777 272 1833 Pcc
284 1780 566 1857 υοὺιιετιωεηωριηω
581 1799 622 1845 εει
632 1792 667 1847 de
685 1794 854 1866 Evangeli0;
872 1798 971 1855 Domi·
1025 1800 1104 1857 vaide
1119 1801 1199 1858 bouis
1213 1806 1359 1874 gratiarum
1375 1815 1497 1862 actores
1512 1817 1583 1872 sunt,
1601 1826 1651 1879 pro
1667 1826 1720 1866 non
1739 1811 1820 1867 valde

172 1890 228 1931 ner
243 1876 382 1935 vobiscum
397 1882 431 1937 de
445 1883 515 1940 libro
531 1886 620 1953 Ruth;
636 1899 662 1945 et
673 1907 737 1948 aum
752 1896 861 1967 Spiritu
881 1900 972 1959 tarde

173 1964 295 2033 Epistola
312 1968 397 2023 Pauli.
414 1971 479 2027 Cum
495 1978 626 2033 sacerdos
637 1980 717 2035 dicit:
729 1982 870 2042 Dominus
882 1988 970 2043 vohis

172 2062 247 2114 ccnt,
264 2050 299 2105 ad
315 2055 443 2122 populum
459 2056 555 2114 lacirm
570 2062 665 2133 vertit;
694 2065 759 2136 quie
781 2085 850 2138 quos
875 2072 973 2127 saluta·

105 2198 111 2209 ι
172 2150 232 2189 mus
247 2138 287 2191 eis
312 2139 407 2197 inciam
429 2156 635 2215 praesentamus.
664 2152 795 2212 salutatio
817 2159 971 2231 presbyteri

172 2227 229 2285 sive
244 2232 377 2305 episcopi,
395 2245 422 2291 et
436 2242 580 2311 responsio
594 2246 686 2315 populi
709 2248 867 2323 significant
887 2271 970 2311 tinum

171 2316 298 2375 affectum
312 2338 374 2379 esse
389 2324 490 2383 debere
505 2331 627 2403 episcopi
646 2343 672 2389 et
695 2340 800 2409 populi,
825 2341 896 2399 sicut
917 2344 970 2401 bo-

172 2406 255 2477 spites
271 2411 351 2466 unius
367 2413 485 2473 Domini.

344 2528 409 2585 Car.
426 2532 534 2589 XXIX.
550 2568 584 2578 -
599 2540 636 2596 De
649 2540 789 2599 collectis.

206 2614 363 2679 Orationem
382 2644 475 2684 versus
490 2632 623 2690 orientem
640 2638 713 2705 dicit,
732 2641 778 2695 ubi
791 2644 890 2698 coelum
907 2661 969 2700 sur·

168 2704 227 2777 git3
253 2712 314 2779 quia
338 2716 424 2783 major
447 2722 567 2791 cognitio
583 2726 632 2779 Dei
647 2726 674 2781 in
691 2728 767 2784 coelis
779 2740 857 2787 estet
868 2749 968 2789 essen·

168 2793 213 2849 tire
225 2796 252 2851 in
268 2803 375 2871 angelis
396 2806 436 2859 rei
447 2807 473 2861 in
491 2811 634 2867 animabus
650 2826 813 2881 sanctorum,
832 2838 915 2891 quom
933 2822 961 2877 iu

168 2889 241 2939 terre
258 2888 444 2947 habitantibus
459 2900 572 2953 salictis.
589 2902 683 2959 Oratio
699 2908 850 2963 sacerdotis
864 2920 905 2964 est
917 2911 968 2966 be-

167 2972 285 3030 nedictio
314 2978 415 3036 Christi
446 3001 529 3055 super
551 2987 704 3060 discipulos
730 2997 838 3060 quando
868 3000 966 3055 cuium

1021 1888 1100 1943 malis
1115 1891 1320 1960 propitiationes
1335 1904 1396 1947 sunt
1414 1912 1420 1949 :
1439 1912 1487 1966 pro
1503 1896 1820 1956 valdemaiisetsinulia

1021 1976 1073 2031 sint
1089 1979 1244 2050 adiumenta
1260 1990 1440 2051 mortuorum,
1457 1987 1660 2059 qualescunque
1674 1996 1738 2044 ειτηι
1754 2005 1821 2044 εοη-

1020 2066 1167 2121 solutiones
1182 2069 1317 2125 vivorum.
1337 2070 1443 2139 Quibus
1456 2082 1547 2129 autem
1564 2084 1686 2145 prosunt,
1703 2076 1739 2132 ad
1764 2078 1821 2134 hoc

1021 2165 1135 2226 prosunt
1150 2175 1157 2212 ε
1173 2166 1202 2212 ut
1216 2158 1251 2213 sit
1266 2160 1345 2229 plena
1358 2162 1495 2226 remissio,
1511 2172 1558 2217 aut
1573 2172 1648 2221 certe
1662 2174 1733 2222 uteo
1744 2166 1817 2222 tole-

1022 2245 1135 2300 rabilior
1149 2245 1195 2300 hat
1209 2248 1431 2318 ipsadamuatio.
1460 2251 1514 2307 Sed
1535 2252 1618 2308 nullis
1642 2254 1681 2309 ibi
1704 2262 1821 2327 prosunt

1020 2336 1073 2391 nisi
1089 2337 1133 2392 bic
1149 2336 1228 2392 bonis
1243 2339 1371 2410 operibus
1386 2349 1581 2411 cooperentur.

1084 2490 1153 2546 Car.
1172 2491 1246 2547 xtt.
1266 2521 1301 2533 -
1315 2492 1357 2548 De
1371 2493 1610 2566 quadrupesimoli
1620 2498 1763 2568 tempora.

1054 2638 1259 2710 septuagesima
1273 2639 1412 2711 siguificat
1432 2641 1615 2711 captivitatem
1639 2651 1760 2699 rostram
1781 2644 1817 2700 de

1018 2728 1145 2797 paradiso
1169 2728 1342 2784 inmundum
1365 2746 1373 2784 ι
1396 2728 1614 2803 Quadrupesima
1630 2733 1819 2789 reversionem

1018 2824 1138 2873 nostram
1153 2817 1180 2870 iu
1195 2826 1294 2872 terram
1310 2819 1540 2888 repromissionis,
1559 2820 1587 2876 id
1602 2829 1644 2876 est
1657 2820 1692 2876 ad
1707 2820 1819 2893 paradi-

1018 2920 1092 2959 sum.
1110 2906 1186 2961 Tunc
1201 2907 1317 2961 Tractus
1333 2906 1380 2977 qui
1397 2922 1411 2961 a
1427 2908 1562 2965 trahendo
1587 2910 1696 2974 dicitur,
1721 2918 1819 2965 canta·

1017 3000 1062 3047 tur
1077 3012 1084 3047 :
1100 2994 1163 3064 quia
1180 3010 1240 3049 cum
1256 2993 1350 3050 labore
1370 3005 1396 3050 et
1418 2998 1548 3067 angustia
1570 2999 1623 3054 iter
1651 2998 1730 3067 hujus
1755 2999 1818 3054 ritae

166 3064 300 3120 ascendit.
319 3067 383 3123 Hinc
397 3072 502 3139 expleta
518 3078 640 3132 ascendit
655 3081 842 3153 episcopusad
858 3088 962 3155 sedem,
980 3075 1006 3138 C
1021 3078 1172 3148 Pffldlffiul·
1194 3078 1258 3133 vela
1275 3079 1485 3150 ⁵¹¹³P⁰¹¹d⁸¹¹¹nls
1510 3081 1574 3153 (1¹lia
1598 3098 1671 3138 ”⁰¹¹⁰
1693 3082 1818 3139 ⁰⁰³¹⁰⁸ii⁸

167 3156 194 3203 et
216 3152 302 3207 seriei.
340 3156 464 3213 Christus
486 3178 569 3219 cursu
584 3182 634 3221 suo
651 3168 784 3239 disposito
799 3189 849 3242 pro
867 3192 968 3232 rouve-

166 3238 266 3295 uieutia
284 3242 353 3299 locat
369 3250 546 3321 presbyteros
571 3254 598 3307 in
624 3273 673 3312 suo
701 3260 809 3328 ordine,
835 3263 966 3321 diaconos

165 3325 192 3380 in
208 3332 462 3395 suo,subdiucouos
478 3339 504 3395 in
530 3358 589 3409 suo,
614 3353 785 3421 caeterosque
809 3351 913 3423 gradus
939 3354 966 3409 in

166 3415 238 3475 suis:
256 3434 372 3476 necnon
389 3435 415 3479 et
438 3428 586 3487 auditores.
611 3450 833 3511 unumquemque
860 3442 886 3495 in
902 3458 962 3499 suo.

166 3506 295 3561 Ascendit
309 3510 335 3564 iu
352 3514 459 3581 coelum,
478 3526 505 3573 ut
520 3521 615 3575 sedeat
630 3524 666 3577 ad
688 3526 828 3583 dexteram
853 3531 963 3588 Patris:

166 3590 298 3647 sedebunt
314 3610 374 3651 cnm
386 3614 429 3661 eo,
439 3602 537 3672 quibus
547 3604 644 3661 dicitur
656 3626 662 3662 :
674 3608 816 3669 sedebitis
828 3630 913 3686 super
922 3632 962 3672 re·

166 3676 213 3733 des
227 3680 374 3741 duodecim
384 3688 553 3759 judicabitis
578 3695 722 3753 duodecim
746 3704 835 3759 tribes
864 3704 961 3761 irruet.

164 3766 253 3839 ntiqui
269 3772 364 3827 sedent
380 3792 442 3832 cum
456 3796 499 3844 eo,
515 3782 599 3855 aliqui
614 3795 696 3840 stant.
713 3787 764 3857 Qui
779 3792 874 3849 sedent
901 3804 963 3851 suut

161 3860 291 3914 membra
306 3861 406 3919 Christi
421 3866 447 3921 in
462 3883 530 3938 pace
544 3873 734 3943 quiescentia:
760 3880 804 3950 qui
827 3890 908 3949 stant,
933 3885 962 3939 in

162 3949 310 4005 certamine
326 3954 426 4022 posita.
447 3958 533 4029 Caput
558 3973 584 4015 et
607 3967 730 4021 membra
755 3985 839 4025 unum
860 3986 960 4043 corpus

160 4046 265 4092 sumus.
283 4040 312 4092 lu
328 4041 462 4113 aliquibus
478 4050 555 4105 sedet
566 4051 699 4122 Christus,
709 4056 734 4109 in
745 4058 881 4128 aliquibus
889 4068 955 4117 stat.

160 4122 248 4179 Altior
262 4126 340 4183 locus
356 4134 461 4199 positus
476 4145 518 4190 est
533 4138 688 4210 episcopis,
707 4151 735 4197 ut
750 4145 803 4213 ipsi
829 4150 960 4218 superin-

162 4213 282 4280 tendant,
299 4224 326 4271 et
340 4222 468 4289 populum
495 4227 652 4283 custodient
667 4247 673 4285 :
690 4240 717 4285 et
741 4240 868 4305 tanquam
893 4238 960 4293 riui·

162 4299 215 4353 tori
230 4300 309 4357 altior
324 4304 400 4360 iocus
415 4310 448 4363 sit
462 4312 497 4365 ad
513 4317 720 4373 custodiendam
736 4320 842 4378 vineam
868 4342 956 4393 suam,

161 4474 243 4531 siam.

197 4572 288 4631 Lectio
302 4578 400 4636 dicitur
414 4599 430 4638 a
445 4585 572 4659 legendo,
590 4592 654 4663 quia
669 4611 723 4651 uon
741 4607 881 4656 cantatur:
893 4618 955 4659 cum

160 4662 218 4719 bec
240 4663 348 4738 legitur,
366 4670 488 4730 solemus
503 4678 610 4735 sedere.
628 4683 771 4741 ilectioest
782 4690 950 4759 praedicatio,

159 4753 247 4807 sessio
261 4757 414 4823 obauditio;
434 4762 611 4835 Responsum
626 4774 795 4831 credentium
808 4779 955 4837 consessio.

159 4840 267 4903 Aliter:
284 4861 332 4914 ρετ
347 4848 501 4918 lectionem,
520 4855 622 4913 Veteris
637 4862 811 4939 Testamenti,
829 4884 890 4938 quas
913 4871 957 4925 hu·

158 4930 249 4984 milior
263 4942 314 4998 est,
333 4939 506 5008 praedieatio;
529 4961 580 5015 per
601 4947 773 5020 Responsum
798 4957 955 5025 praedicatio

157 5016 227 5075 Novi
241 5020 417 5093 Testamenti,
435 5048 495 5101 qnae
508 5036 685 5093 excellentior
699 5049 750 5095 est.

305 5141 373 5197 Car.
396 5144 444 5199 xl.
462 5176 495 5187 -
514 5148 555 5205 De
571 5152 793 5211 anniversariis.

194 5235 298 5303 Corpus
314 5247 436 5295 nostrum
452 5254 555 5299 constat
573 5264 604 5301 ex
622 5258 737 5319 quatuor
752 5251 907 5321 elementis,
928 5256 957 5313 id

158 5331 200 5377 est
214 5325 311 5391 calido,
325 5330 408 5395 sicco,
426 5328 533 5401 frigido,
552 5336 672 5403 humido,
695 5347 724 5393 ut
745 5353 866 5410 peccata,
897 5361 958 5416 qnae

158 5428 206 5481 per
222 5430 322 5483 corpus
336 5419 482 5490 gessimus,
499 5432 648 5495 purgentur
658 5426 685 5479 iu
701 5439 799 5499 quarta
814 5430 869 5485 die.
894 5434 958 5488 Post

158 5502 266 5556 tertium
283 5504 363 5571 diem,
384 5506 409 5561 id
429 5518 470 5563 est
484 5514 602 5579 septimo
620 5522 681 5583 post
702 5526 815 5572 mortem
841 5518 958 5590 alicujus

160 5588 300 5644 offerimus
326 5610 375 5660 pro
395 5612 428 5649 eo
452 5598 631 5656 sacrificium.
649 5604 746 5659 Aliter.
771 5606 880 5678 Septem
897 5610 957 5666 dies

159 5685 224 5739 aaut
237 5678 264 5733 in
280 5680 464 5753 hebdomada,
485 5696 513 5743 ut
533 5690 664 5761 quidquid
690 5692 717 5747 iu
742 5702 799 5752 toto
822 5705 955 5771 tempore,

1022 3165 1102 3221 nobis
1117 3166 1296 3222 occultantur.
1313 3169 1380 3222 Tres
1395 3169 1456 3223 dies
1469 3178 1532 3225 aute
1548 3170 1652 3227 Pascha
1666 3179 1723 3226 tres
1734 3170 1818 3226 seruis

1021 3270 1107 3309 annos
1122 3253 1278 3327 significant
1293 3257 1393 3328 quibus
1407 3259 1589 3314 Antichristus
1604 3259 1740 3330 reguabit.
1762 3257 1817 3328 Qui

1021 3350 1149 3397 nascetur
1171 3343 1198 3398 iu
1222 3344 1386 3417 Babylonia,
1413 3346 1546 3402 nutrietur
1567 3348 1594 3401 iu
1618 3346 1762 3403 Corozaim
1790 3356 1818 3401 et

1021 3431 1205 3494 bethsaidae
1225 3433 1365 3502 malelicis,
1388 3434 1485 3504 plenus
1509 3435 1619 3491 diabolo
1637 3450 1643 3489 :
1659 3435 1705 3508 qui
1729 3451 1813 3491 mun·

1020 3520 1084 3574 dum
1099 3521 1150 3574 sibi
1165 3522 1321 3595 subjugabit
1335 3532 1450 3594 quatuor
1465 3523 1565 3578 modis.
1585 3524 1711 3581 Potentes
1727 3539 1813 3596 pecn-

1018 3608 1082 3664 uia:
1099 3611 1189 3665 omnis
1202 3611 1275 3665 enim
1289 3610 1412 3667 occultus
1434 3614 1579 3668 thesaurus
1603 3612 1654 3669 erit
1676 3614 1702 3670 ei
1722 3613 1812 3668 mani-

1017 3681 1115 3754 iesius.
1135 3699 1230 3754 Plebes
1244 3708 1348 3755 terrore
1365 3700 1477 3757 :omnia
1492 3702 1565 3756 enim
1579 3718 1683 3775 genera
1693 3710 1814 3758 tormen-

1017 3797 1104 3843 torum
1129 3788 1279 3844 exercebit.
1303 3789 1410 3844 Clarum
1435 3790 1590 3861 sapientia:
1607 3807 1717 3847 omnem
1741 3791 1815 3847 enim

1016 3876 1182 3947 Scriptorum
1198 3876 1317 3948 perieote
1331 3877 1407 3942 sciet,
1423 3887 1450 3933 et
1466 3880 1661 3935 convenienter
1676 3881 1711 3936 de
1726 3880 1813 3935 seiu-

1015 3966 1217 4035 terpretabitur,
1235 3968 1383 4022 monachos
1397 3974 1423 4021 et
1438 3980 1548 4024 sanctos
1572 3968 1711 4023 miraculis
1728 3987 1735 4024 :
1752 3984 1812 4024 om·

1014 4052 1060 4109 nia
1074 4054 1147 4109 euim
1162 4063 1257 4109 sancta
1272 4056 1353 4128 sigua
1363 4063 1489 4125 potenter
1498 4056 1588 4126 iaciet,
1602 4065 1630 4112 ut
1640 4057 1723 4113 etiam
1732 4072 1810 4113 mor-

1014 4150 1075 4199 tuos
1090 4144 1214 4199 suscitet.
1232 4144 1298 4199 idco
1314 4144 1407 4200 Gloria
1422 4144 1507 4201 Patri
1523 4162 1576 4201 uon
1596 4155 1722 4211 cauetur,
1747 4145 1810 4218 quia

1014 4239 1079 4287 tunc
1091 4231 1125 4286 ab
1138 4232 1211 4287 omui
1226 4232 1306 4287 laude
1323 4232 1371 4288 Dei
1385 4232 1492 4289 siletur.
1513 4235 1660 4305 Campana
1681 4250 1735 4290 non
1761 4250 1810 4290 so-

1013 4330 1121 4387 nantur,
1137 4307 1202 4393 quia
1225 4321 1384 4390 predicatio
1402 4322 1532 4377 cessabit.
1560 4324 1679 4379 Lumina
1701 4325 1810 4379 exstin-

161 4384 189 4439 id
224 4397 264 4442 est
296 4392 430 4451 civitatem
453 4416 542 4468 surani,
573 4414 696 4461 sanctam
721 4409 827 4467 scilicet
857 4414 1134 4491 Enete-Dguoutm
1157 4409 1222 4481 quia
1245 4408 1337 4464 omnia
1354 4410 1465 4465 oracula
1489 4410 1622 4467 Ecclesiae
1635 4410 1809 4467 auiemutur.

1014 4497 1178 4553 Poenitentes
1198 4496 1416 4566 introducuntur,
1445 4503 1510 4570 quia
1540 4500 1628 4556 Judaei
1659 4500 1693 4556 ad
1727 4499 1810 4557 iidem

1013 4586 1113 4642 Christi
1128 4593 1333 4652 convertuntur,
1350 4586 1474 4641 Chrisme
1488 4587 1643 4655 conficitur,
1659 4590 1721 4661 qnia
1731 4590 1810 4645 Chri·

1013 4675 1092 4730 stiani
1111 4674 1275 4731 efficiuntur.
1292 4675 1377 4730 Pedes
1392 4684 1418 4729 et
1439 4676 1562 4733 Ecclesia
1588 4678 1722 4743 lavantur,
1747 4679 1810 4751 quia

1012 4763 1097 4819 Judaei
1114 4764 1299 4834 baptizantur.
1327 4764 1423 4819 Passio
1444 4765 1554 4820 Domini
1578 4767 1720 4833 recolitur,
1746 4766 1809 4837 quia

1011 4869 1113 4923 corpus
1128 4852 1238 4919 Christi,
1256 4852 1282 4905 id
1301 4861 1342 4907 est
1365 4852 1492 4910 Ecclesia
1514 4872 1627 4927 gravem
1651 4858 1806 4926 passionem

1010 4942 1123 5013 patitur.
1143 4940 1247 4995 Altaria
1262 4941 1405 5007 nudantur,
1422 4942 1485 5013 quia
1497 4944 1590 5000 omnia
1604 4953 1701 5000 sancta
1714 4960 1729 4997 a
1740 4959 1808 5015 gen·

1010 5030 1083 5086 tibus
1097 5028 1246 5085 calcantur.
1265 5030 1339 5084 Crux
1356 5030 1500 5095 salutatur,
1517 5049 1577 5103 quae
1590 5040 1658 5089 tunc
1683 5033 1719 5088 ad
1742 5031 1807 5087 irri-

1010 5127 1114 5183 sionem
1130 5128 1259 5199 erigetur.
1276 5128 1428 5199 Baptismus
1449 5130 1547 5202 agitur,
1568 5147 1631 5202 quta
1655 5139 1720 5188 tune
1741 5148 1806 5186 san-

1011 5227 1095 5300 guine
1108 5226 1284 5298 baptizantur.
1309 5227 1409 5284 Cereus
1435 5230 1579 5285 vetiturus
1607 5231 1682 5302 ignis
1703 5246 1807 5289 couse-

1011 5324 1123 5378 cratur;
1145 5317 1207 5387 quia
1230 5316 1317 5389 gratia
1343 5316 1384 5372 rel
1409 5333 1487 5373 amor
1507 5318 1624 5391 Spiritus
1648 5321 1734 5376 sancti
1760 5336 1808 5376 eos

1011 5402 1176 5460 consoletur.
1195 5405 1337 5460 Parcussio
1353 5405 1451 5461 tabulae
1466 5416 1507 5462 est
1521 5416 1612 5466 terror
1626 5408 1806 5476 Antichristi3

1012 5502 1116 5557 sonitus
1131 5518 1247 5574 magnus
1262 5502 1309 5573 qui
1324 5504 1357 5557 nd
1375 5506 1541 5561 Benedictus
1560 5505 1597 5573 fit,
1615 5515 1657 5562 est
1671 5508 1810 5581 ingensti·

1010 5614 1072 5654 mor
1086 5608 1111 5655 et
1127 5606 1222 5671 stupor
1235 5597 1386 5656 inlideltum
1400 5600 1435 5657 de
1451 5611 1538 5659 morte
1551 5602 1703 5660 infidelium
1723 5604 1808 5661 nnti-

1010 5696 1119 5754 christi.
