3942 6067
127 314 181 367 805

779 298 1116 361 ssctsltENTtttttltt.

1725 312 1777 365 806
1814 315 1818 328 ¹

125 433 240 503 altaris,
255 432 314 490 Deo
328 435 527 489 commendans
542 430 672 504 quidquid
685 438 727 487 est
738 429 882 501 reliquum.
894 427 930 481 Et
943 424 971 487 Α
985 428 1076 483 tabula
1087 428 1208 501 reliqniis
1222 428 1395 501 superposita
1408 428 1517 487 ridetur
1531 439 1606 489 recte
1620 430 1789 504 siguificare.
1820 488 1824 493 .

125 522 181 580 boc
193 532 234 580 est
248 522 322 595 quod
335 521 363 579 lit
377 536 410 577 ex
425 527 563 594 praecepto
577 520 678 577 veteris
691 520 772 593 legis.

166 618 309 675 Posthac
335 616 484 689 episeopus
516 625 545 673 ut
576 617 749 675 commendet
777 614 927 672 orationem

126 724 209 766 suam
222 706 349 775 Domino,
365 706 456 763 adolet
469 707 621 776 incensum,
646 706 741 765 dicens
757 725 764 761 :
783 705 928 776 Dlrlpntur

126 788 928 864 oraliomeerieutt'rreertattmr'aeonspectulun.Sequitur

125 882 220 938 unctio
234 880 337 949 altaris,
363 888 390 937 et
413 896 459 937 res
480 879 589 953 quidem
611 881 709 937 ordine
729 878 862 951 procedit.
893 878 929 933 Ut

125 971 202 1027 enim
215 970 244 1027 in
268 968 436 1042 baptismate
449 984 500 1041 per
516 969 594 1041 prius
609 970 731 1027 abluitur
746 966 830 1035 lente,
855 974 929 1039 post·

124 1076 160 1116 ea
187 1058 375 1115 sanctificatur
403 1059 543 1127 unctione,
577 1058 676 1114 deinde
698 1063 776 1115 reste
800 1064 928 1122 ornatur,

124 1147 238 1205 tandem
253 1146 448 1205 communione
472 1156 566 1205 sancta
594 1154 737 1221 repetatur
754 1164 761 1201 :
778 1145 818 1202 sie
843 1143 930 1203 altare

123 1237 203 1309 prins
216 1236 380 1311 aspergitur,
396 1245 496 1309 postea
509 1237 659 1311 inungitur,
677 1236 870 1301 deindeveste,
882 1232 931 1289 sed

124 1326 278 1383 seeundum
293 1325 430 1400 quosdam
444 1334 545 1395 cerata,
556 1325 733 1398 cooperitur;
749 1323 851 1397 quippe
868 1339 930 1381 eum

123 1416 180 1473 hoc
191 1417 219 1471 in
234 1431 319 1487 puero
333 1416 540 1487 quodammodo
553 1416 653 1488 agitur,
669 1415 735 1471 dum
749 1415 776 1469 iu
789 1429 838 1470 sua
848 1428 930 1469 manu

123 1504 242 1561 caudela
256 1504 381 1575 ponitur.
409 1504 450 1561 ud
475 1515 627 1561 extremum
651 1519 718 1561 vero
739 1504 823 1559 missa
847 1518 931 1575 snper

122 1594 193 1650 illud
208 1594 371 1651 celebratur.
393 1594 510 1668 Ungltur
530 1602 621 1651 autem
644 1594 728 1650 altere
752 1592 854 1665 duplici
876 1610 928 1648 nn·

125 1684 228 1753 etione,
243 1683 306 1741 oleo
321 1682 427 1741 scillcet
441 1691 468 1740 et
482 1684 649 1751 chrismate3
666 1684 794 1755 queniam
806 1682 931 1739 Ecclesia

985 514 1068 578 Quod
1081 528 1172 573 autem
1189 518 1278 573 velum
1291 519 1371 574 altari
1385 522 1638 591 superextenditur,
1650 520 1786 595 significat

984 603 1051 659 illud
1065 607 1138 676 qnod
1162 606 1260 663 dicitur
1275 624 1282 662 ε
1307 608 1437 680 lollntur
1446 607 1563 681 impius,
1575 626 1612 665 rte
1626 610 1719 667 vident
1736 612 1794 683 ple·

986 689 1062 746 rium
1071 690 1131 757 Dei,
1147 691 1220 762 qued
1234 691 1284 747 erit
1297 691 1409 763 proprie
1423 699 1549 763 tempore
1561 689 1681 769 judieii..

1023 776 1107 833 altari
1123 777 1302 843 sanctificato,
1318 794 1332 834 a
1348 779 1437 835 levitis
1449 780 1516 836 illud
1533 780 1656 837 vestibus
1668 782 1794 854 cooperi·

987 874 1040 932 tur,
1055 866 1119 938 quia
1130 867 1308 937 jucunditatis
1322 876 1397 925 reste
1411 878 1527 927 sanctos
1537 869 1631 926 induet
1639 872 1790 933 Dominus:

986 954 1140 1028 stolamque
1167 956 1381 1014 immortalitatis
1410 974 1484 1015 nunc
1514 967 1627 1031 praestat
1655 958 1791 1033 benignus

984 1053 1145 1101 sanctornm
1174 1046 1327 1102 animabus.
1349 1046 1399 1103 Est
1423 1048 1495 1103 enim
1523 1047 1667 1105 levitarum
1690 1048 1785 1105 divino

985 1134 1069 1191 cultui
1081 1135 1221 1201 insistere,
1237 1144 1264 1191 el
1278 1150 1352 1192 nnnc
1366 1152 1491 1193 menmm
1506 1138 1627 1203 Domini,
1643 1138 1715 1195 sicut
1737 1155 1790 1194 an-

986 1225 1097 1297 tiquitus
1112 1240 1204 1279 arram
1219 1224 1333 1281 ioederia
1356 1240 1534 1298 componere.
1551 1229 1586 1283 tu
1600 1228 1651 1299 ipsi
1679 1228 1791 1301 quidem

986 1328 1041 1369 non
1055 1314 1223 1385 accipientes
1236 1312 1425 1369 nereditatem
1440 1314 1468 1369 in
1483 1315 1535 1372 boe
1556 1317 1669 1383 mundo,
1697 1316 1793 1388 probi-

986 1402 1067 1459 bente
1089 1402 1207 1459 Domino
1230 1402 1258 1458 in
1281 1402 1376 1459 Veteri
1395 1402 1572 1461 Testamento
1600 1414 1742 1461 merentur
1763 1405 1792 1461 in

984 1491 1057 1549 coelo
1083 1492 1192 1547 Domini
1207 1492 1309 1548 babere
1329 1492 1530 1549 haereditatem.
1549 1494 1725 1567 blesitoergo
1737 1511 1788 1550 ve-

985 1582 1070 1637 stiunt
1094 1581 1193 1647 altare,
1219 1581 1264 1654 qui
1294 1581 1356 1651 jure
1386 1582 1560 1639 hereditario
1592 1585 1747 1641 vestiuntur
1775 1599 1792 1640 a

986 1671 1104 1727 Domino
1121 1671 1202 1727 beata
1217 1670 1435 1727 immortalitate.

122 1780 220 1830 sancta
243 1789 309 1829 vere
331 1780 371 1828 est
395 1788 413 1829 a
440 1772 542 1845 Spiritu
570 1780 665 1829 sancto
693 1772 803 1829 inuncta
828 1769 932 1843 duplici
945 1790 973 1855 B
1023 1778 1130 1849 Quibus
1140 1778 1176 1832 ita
1189 1778 1332 1849 eompletis
1346 1779 1460 1833 missam
1475 1779 1622 1851 episcopus
1636 1788 1732 1852 postea
1742 1780 1789 1837 iu-

120 1861 261 1930 nnctione,
278 1860 404 1917 uidelicet
429 1860 481 1917 Dei
501 1870 527 1918 et
549 1860 663 1933 proximi
685 1860 843 1917 dilectione.
874 1859 929 1916 Sed

121 1950 220 2007 unctio
233 1948 285 2006 Dei
301 1948 362 2021 ipsa
376 1948 454 2021 prior
470 1958 521 2016 est,
539 1958 674 2022 quatenus
688 1948 796 2005 dilectio
813 1948 930 2020 proximi

121 2039 159 2094 sit
173 2039 299 2113 quaedam
314 2040 359 2097 ria
374 2038 458 2096 eundi
473 2040 509 2095 sd
533 2039 708 2096 dilectionem
730 2039 790 2095 Dei.
811 2038 929 2110 Ungitnr

119 2135 215 2184 autern
236 2129 322 2187 altere
344 2136 401 2185 tum
415 2128 443 2185 in
458 2127 549 2185 medio
574 2136 629 2185 turn
658 2145 708 2201 per
736 2134 849 2201 quatusr
877 2142 931 2183 an-

126 2216 211 2291 gulos
225 2218 325 2275 eadem
340 2218 452 2290 quidem
475 2216 685 2291 significatione,
715 2233 770 2289 qua
788 2232 929 2273 commen-

118 2314 203 2370 datur
216 2322 295 2379 aqum
310 2306 449 2379 aspersio.
466 2308 500 2364 ttr
515 2316 606 2363 autem
625 2307 773 2379 episcopua
796 2306 848 2362 hoe
864 2322 929 2362 esse

117 2384 270 2469 figuratum
295 2394 417 2452 notificet
439 2396 468 2451 in
491 2396 583 2453 Veteri
602 2394 797 2465 Testamenta,
835 2394 929 2466 incipit

116 2482 284 2557 antiphonas
298 2492 421 2555 sumptas
446 2501 478 2541 ex
495 2484 555 2555 ipso
571 2500 578 2539 τ
596 2486 675 2541 dlcrte
695 2500 813 2557 torpeas
833 2484 927 2551 laceb,

117 2580 178 2629 ete.
194 2574 314 2638 3Ereeit
330 2574 422 2643 laceb,
443 2583 508 2642 etc,
524 2575 597 2630 Dum
616 2576 719 2643 exiret,
746 2582 799 2629 etc.
816 2572 927 2629 Interim

117 2678 188 2734 pars
203 2678 319 2735 quaeqoe
344 2662 455 2720 inuncta
475 2662 589 2720 incenso
613 2662 767 2729 adolentur,
794 2670 927 2734 quatenus

117 2752 255 2809 orationis
274 2752 352 2809 loeus
372 2768 434 2808 esse
448 2760 625 2821 monstretur,
639 2760 665 2809 et
676 2749 856 2809 sanctificatio
867 2752 926 2807 Deo

116 2840 340 2899 commendetur.
360 2842 477 2914 Dagitnr
490 2858 557 2898 tero
571 2841 688 2899 ecclesia
711 2842 771 2899 sola
785 2840 925 2907 unctione,

116 2925 209 2983 altiori
223 2925 330 2983 seilicet
344 2927 502 2993 chrismate,
519 2927 594 2999 qnia,
609 2942 672 2984 cum
688 2925 923 2999 sitsponsaChri-

116 3010 234 3085 sti„soii
248 3012 306 3068 Deo
320 3012 562 3083 perdilectionem
578 3012 660 3069 debet
673 3012 808 3083 aepulari.

157 3112 270 3183 Deinde,
288 3116 435 3171 revertitur
448 3114 594 3188 episcopus
614 3116 649 3171 ad
670 3116 765 3183 altare,
790 3124 819 3171 nt
842 3130 922 3172 com-

116 3204 191 3278 pleat
206 3202 324 3261 officium
340 3204 539 3261 benedictionis
555 3220 624 3262 suae.

155 3292 184 3350 Si
198 3301 290 3351 autern
305 3291 406 3349 luerint
419 3293 543 3367 reliquiae
557 3294 730 3366 reponendae,
743 3292 780 3350 ibi
794 3292 837 3351 vel
853 3293 918 3349 mit-

116 3389 157 3439 tet
170 3380 206 3439 ad
227 3397 276 3439 eas
290 3382 423 3439 Dominus
442 3380 575 3454 pontilsx.
605 3384 684 3453 Quod
711 3398 773 3439 eum
800 3382 920 3455 reliquias

114 3471 269 3542 lusissent,
285 3471 443 3544 significant
466 3479 625 3530 sanctorum
649 3472 919 3545 peregrinationem:

982 1870 1061 1941 cipit.
1081 1870 1193 1931 Verum,
1208 1867 1233 1921 si
1246 1866 1345 1922 inerint
1358 1867 1484 1924 ecclesiae
1493 1878 1656 1927 ornamenta
1666 1869 1787 1927 sanetifi-

984 1960 1081 2028 canda,
1098 1958 1144 2013 illa
1159 1965 1223 2012 ante
1237 1955 1350 2012 missam
1367 1956 1526 2016 benedicat.

1019 2072 1146 2131 Christus
1161 2082 1203 2129 est
1217 2082 1312 2146 pastor
1326 2073 1430 2146 gregis,
1454 2073 1482 2129 id
1506 2081 1546 2130 est
1572 2075 1705 2133 Ecclesiae
1719 2093 1725 2129 :
1743 2077 1792 2148 qui

983 2162 1112 2221 baculum
1126 2169 1219 2235 perlat
1232 2171 1261 2217 nt
1272 2178 1340 2219 ovea
1353 2162 1464 2229 Christi,
1481 2162 1509 2218 id
1522 2172 1564 2221 est
1577 2162 1685 2231 fideles,
1696 2164 1732 2221 ad
1742 2180 1791 2237 pa-

983 2266 1050 2307 scua
1070 2251 1141 2316 vitre,
1164 2249 1192 2306 id
1207 2258 1250 2306 est
1262 2250 1291 2305 in
1315 2251 1487 2322 paradisum,
1502 2258 1576 2325 agat.
1593 2252 1643 2307 Per
1657 2251 1789 2309 boculnm

983 2338 1085 2395 infirmi
1108 2347 1305 2407 sustentantur,
1328 2348 1355 2396 et
1376 2338 1576 2412 indisciplinati
1598 2339 1784 2415 corriguntur.

982 2438 1111 2495 baculum
1124 2438 1271 2511 episcopus
1285 2446 1384 2510 portat,
1403 2447 1432 2494 nt
1451 2438 1575 2495 infirmos
1590 2437 1617 2492 in
1635 2436 1689 2493 fida
1705 2439 1789 2496 verbo

982 2535 1010 2583 et
1024 2527 1150 2598 exemplo
1165 2526 1307 2595 sustineat,
1325 2536 1351 2585 et
1366 2527 1505 2601 inquietos
1519 2544 1570 2599 pus
1585 2528 1789 2600 eorreptionem

980 2617 1115 2690 corrigat.
1135 2615 1189 2685 Qui
1202 2616 1231 2671 in
1244 2616 1402 2673 summitate
1417 2616 1455 2673 sit
1470 2631 1618 2683 recursus,
1629 2626 1658 2672 ul
1666 2624 1787 2673 errantes

979 2722 1030 2777 per
1043 2705 1265 2777 praedicationem
1277 2706 1313 2761 ad
1327 2706 1482 2762 Ecclesium
1500 2706 1633 2772 retrabat,
1650 2714 1677 2762 et
1692 2707 1720 2762 in
1734 2704 1788 2762 line

979 2796 1015 2851 sit
1030 2794 1103 2852 ierne
1116 2804 1222 2863 acutus,
1238 2803 1267 2850 nt
1282 2794 1399 2851 rebelles
1414 2811 1464 2866 per
1475 2795 1788 2852 excommunicationem

978 2880 1113 2936 extrudat.
1124 2881 1154 2934 ln
1165 2878 1269 2935 liernra
1281 2879 1317 2934 sit
1326 2879 1458 2951 scripturn
1473 2897 1480 2933 :
1497 2881 1567 2936 Gom
1578 2880 1673 2937 iratus
1682 2882 1785 2951 fueris,

976 2968 1180 3027 misericordie
1188 2969 1392 3036 recordaberis,
1404 2976 1432 3023 nt
1448 2984 1558 3041 semper
1569 2968 1789 3026 misericordiam

978 3059 1162 3131 superexaltet
1175 3058 1293 3129 jndicio.
1311 3057 1379 3129 Qua
1394 3058 1498 3115 liexurs
1512 3058 1562 3114 liat
1574 3059 1610 3115 ds
1625 3074 1700 3115 osse.
1720 3056 1790 3129 Quia

938 3148 1082 3221 Cpatiens
1097 3164 1159 3205 asse
1170 3148 1253 3203 debet
1266 3147 1295 3202 in
1310 3147 1444 3204 adversis.
1462 3147 1588 3205 llotnnda
1602 3148 1715 3219 sphaera
1731 3148 1791 3219 jun·

974 3247 1020 3311 gal
1035 3237 1176 3311 utrinque,
1191 3237 1256 3311 quia
1276 3236 1387 3293 dilectio
1408 3236 1501 3310 jungit
1515 3234 1642 3293 homines
1664 3237 1722 3293 Deo
1740 3253 1746 3292 :
1762 3237 1791 3294 in

974 3340 1028 3396 qua
1040 3322 1174 3393 scriptum
1189 3322 1225 3377 sit
1240 3322 1331 3383 home.
1349 3330 1377 3377 ut
1391 3338 1422 3377 se
1437 3321 1539 3394 cogitet
1553 3319 1694 3378 bominem
1709 3338 1788 3393 esse,

973 3428 1009 3469 ne
1024 3411 1170 3469 extollatur
1184 3412 1219 3467 de
1234 3418 1379 3483 potestate.
1396 3410 1428 3465 ln
1438 3409 1491 3467 fine
1503 3410 1537 3466 sil
1548 3410 1677 3476 circulus,
1690 3410 1719 3466 in
1735 3427 1790 3485 qno

973 3502 1105 3573 scriptum
1119 3500 1153 3556 sit
1165 3517 1263 3573 perce,
1281 3508 1309 3555 ut
1327 3508 1423 3571 parcat
1433 3499 1629 3571 poenitentibus
1640 3514 1710 3573 quos
1720 3516 1788 3557 acu·

116 3562 194 3635 ‘1⁰⁰⁶
206 3576 267 3618 Μ
281 3570 425 3633 mm?
439 3562 468 3617 in
482 3562 646 3631 meme
658 3561 922 3634 'issnifl⁰⁸¹¹²⁰⁰fflm
974 3598 1030 3646 tum
1053 3590 1155 3647 terrum
1170 3588 1459 3645 excommunicationis
1474 3589 1579 3661 expulit
1599 3596 1629 3645 ut
1654 3589 1789 3647 rebelles.

114 3659 300 3732 Ρθιῑιὶῑῑθῦθῑῐ1
323 3658 351 3715 5¹¹
364 3658 505 3717 ⁰oe¹0⁸¹⁶¹¹¹
517 3660 681 3717 Jellffilem·
708 3660 742 3715 Εῑ
770 3658 842 3732 quod
870 3672 922 3731 ΡΟ·
971 3680 1127 3751 Episcopus
1140 3687 1182 3736 est
1195 3680 1413 3750 paranymphus,
1427 3678 1456 3733 id
1470 3686 1514 3733 est
1530 3684 1625 3735 custos
1650 3677 1788 3737 Ecclesiae

114 3756 220 3805 mmm?
232 3750 261 3804 1¹1
274 3747 363 3815 fimi·
379 3748 517 3823 ιίῦῦῑῆΰῦῑ
530 3750 605 3823 ll>sos
628 3766 660 3807 ’θ
683 3750 741 3807 ⁰0⁰
763 3747 922 3805 im¹¹¹⁰¹⁸⁸⁵0
972 3784 1022 3841 pro
1036 3784 1158 3840 spons03
1173 3766 1236 3824 ideo
1249 3766 1319 3840 gerit
1332 3766 1465 3823 annulum
1485 3783 1536 3838 pro
1552 3768 1646 3822 arrha.
1676 3768 1787 3839 Chyro-

114 3847 147 3904 in
162 3860 211 3902 ars
225 3844 330 3915 cordis,
345 3845 545 3905 dnmriverent
558 3848 586 3903 in
597 3862 714 3919 corpore
730 3847 791 3903 :rel
802 3847 829 3901 in
841 3846 921 3901 altari
973 3857 1061 3914 thecis
1088 3865 1166 3913 ornat
1190 3872 1318 3926 manum,
1335 3856 1363 3911 id
1385 3864 1426 3912 est
1446 3854 1678 3927 praedicationem
1705 3856 1787 3913 bonis

115 3944 305 4002 reconduntur
320 3944 446 4017 reliquie
461 3954 628 4016 sanctornm,
646 3946 708 4019 quis
722 3946 751 4000 in
776 3945 846 4002 eoelo
870 3944 921 3999 snb
974 3946 1115 4020 operibus.
1143 3945 1263 4001 Cidarim
1284 3944 1422 4017 incapite
1443 3952 1543 4017 portat,
1568 3942 1632 4017 quia
1656 3959 1788 4002 coronam

115 4028 439 4102 altariDeirequlascunt
449 4031 549 4091 aalma
559 4031 813 4104 sanctorumqaod
824 4027 921 4087 alteris
973 4036 1036 4094 vitm
1048 4034 1165 4111 accipiat
1179 4051 1231 4107 pro
1247 4034 1344 4092 labora
1362 4033 1453 4107 (137).

155 4156 229 4231 (tlt)
239 4156 291 4214 llic
300 4164 341 4216 est
357 4156 418 4215 finis
429 4158 638 4218 Sacramentarii
652 4158 680 4214 in
691 4157 786 4216 codice
798 4154 919 4215 Gemnic
