3942 6067
164 183 167 189 ‘
236 226 307 289 snae
571 222 722 291 uovonu
738 220 992 290 nuonsrobuu.
1016 224 1093 287 ote.
1115 230 1203 294 enas
1223 236 1269 296 ut.
1290 274 1325 287 .-
1343 240 1547 304 uruaovca.
1579 230 1582 235 '
1817 249 1891 304 toto

237 356 304 414 dum
319 369 353 415 ae
365 350 490 431 grarher
506 354 623 413 flammis
649 356 778 427 cmcisri,
807 358 942 415 Laemum
968 371 1035 415 uero
1048 353 1077 413 Α
1090 360 1225 428 reprobos
1239 342 1266 421 in
1289 368 1434 440 supplicio,
1456 375 1485 425 ut
1514 367 1630 440 amplius
1655 368 1793 441 gaudeant
1813 372 1893 444 quod

236 445 1033 520 cerneretgremiodbrahselstari,magnaeiulatuhbra·
1086 450 1138 506 hoc
1150 452 1459 526 gratialleiedjuvante
1484 464 1646 523 evaserant;
1672 467 1733 529 post
1754 457 1892 529 judicium

237 532 305 593 ham
318 534 437 607 postulat
450 535 624 591 ethecarum
638 534 727 592 mittat
741 536 914 608 quintiniano
934 534 1033 609 digitto
1086 554 1151 596 vero
1174 541 1238 597 honi
1264 560 1373 615 semper
1402 545 1512 618 quidam
1540 546 1627 601 melos
1656 547 1795 614 videbunt,
1825 548 1892 603 mali

236 632 340 697 guttam
354 622 555 696 eqaoeinstillet
568 632 595 680 ct
608 624 729 698 linguam
744 626 803 695 ejus
816 626 958 681 ardentem
982 640 1032 681 re·
1086 632 1174 681 sutem
1189 642 1329 701 nunquam
1351 631 1437 689 honos
1464 630 1608 688 videbunt.
1640 631 1796 689 Notandum
1819 648 1889 689 vero

235 713 362 787 frigeret.
381 712 437 769 Sed
451 712 515 784 quia
528 712 574 771 hic
586 713 713 771 mendico
728 713 874 787 denegavit
887 713 965 786 panis
978 713 1033 769 mi·
1086 713 1159 786 quud
1174 716 1198 771 ia
1213 716 1314 790 linguan
1331 718 1487 791 specialiter
1513 720 1581 791 petit
1606 719 1780 793 refrigerium
1804 737 1887 794 quem

234 817 306 870 mm,
321 799 359 857 ihi
372 800 432 873 ipae
444 800 585 859 mendicus
599 817 655 859 non
673 801 774 859 meruit
801 818 880 876 aquas
907 806 1027 876 guttam.
1085 800 1113 857 in
1128 804 1255 862 omnibus
1270 808 1401 863 memhris
1416 808 1550 881 coquebat
1563 808 1733 865 incendium.
1760 810 1811 866 Par
1832 811 1888 868 hoc

234 888 381 962 Postquam
395 904 462 946 vero
476 890 512 945 de
525 905 556 946 se
571 890 728 962 desperavit
741 906 794 963 pro
808 890 898 947 salute
919 892 1032 947 fratrum
1085 889 1166 948 datur
1188 892 1303 967 intelligi
1331 896 1479 968 quemlibet
1500 897 1527 953 iu
1555 912 1590 954 eo
1617 897 1740 953 manbre
1767 898 1887 971 amplius

233 978 351 1052 rogavit.
371 976 447 1047 Quos
461 978 717 1050 Abrahamseripta
730 980 817 1053 Moysi
832 987 859 1036 et
879 980 1031 1052 propheta·
1084 985 1219 1039 tormenta
1233 1000 1378 1055 passurum
1392 986 1419 1041 in
1436 1002 1491 1059 quo
1514 987 1644 1057 majorem
1669 988 1787 1043 exercuit
1817 1004 1885 1059 pee-

233 1082 295 1123 rutn
309 1066 413 1124 babere
426 1066 567 1135 indicavit,
583 1068 682 1140 quibua
697 1068 720 1123 si
733 1084 788 1124 nnn
803 1070 956 1139 crederent,
979 1084 1032 1126 uec
1085 1070 1168 1125 candi
1183 1089 1263 1129 usum
1282 1093 1289 1142 ;
1312 1080 1339 1131 et
1354 1073 1418 1147 quia
1431 1075 1476 1132 bio
1497 1074 1604 1131 deditus
1632 1076 1760 1131 edacitati
1781 1076 1886 1149 jugiter

232 1156 357 1224 mortuis,
371 1156 395 1211 si
409 1154 445 1212 ad
460 1170 508 1212 eos
520 1156 601 1223 irent,
617 1156 770 1213 credituros
784 1157 930 1214 affirmavit
948 1158 1029 1229 (Luc.
1084 1157 1251 1217 inserviebat
1265 1162 1432 1235 loquacituti,
1446 1165 1519 1232 juste
1532 1164 1632 1221 dicitur
1655 1165 1682 1219 in
1706 1164 1800 1237 lingua
1822 1166 1885 1238 plus

231 1246 293 1319 xv).
310 1243 360 1303 ilic
373 1245 456 1301 homo
469 1260 517 1301 rex
532 1244 617 1301 fuisse
639 1245 793 1302 insinuatur
818 1263 883 1303 cum
910 1264 1030 1319 purpura
1084 1245 1201 1302 eruciari
1216 1262 1298 1318 quiam
1313 1264 1422 1319 semper
1437 1249 1543 1305 laxabat
1558 1250 1646 1305 inania
1668 1249 1727 1307 fari.
1758 1250 1793 1306 Et
1820 1252 1886 1323 quis

229 1333 345 1391 reatus
357 1341 537 1399 memoratur,
553 1334 616 1406 quia
637 1333 702 1391 olim
725 1335 778 1391 soli
803 1352 884 1408 reges
909 1351 1031 1408 purpura
1084 1328 1153 1403 [del.
1173 1333 1246 1407 quis]
1262 1336 1413 1390 nomadum
1429 1336 1503 1407 quod
1522 1336 1588 1391 nulli
1611 1336 1713 1406 legitur
1735 1337 1884 1409 quiequam

230 1424 399 1488 utebantur3
414 1422 465 1479 sed
480 1423 1029 1496 quiareraregendoestdietus,etipse
1083 1422 1218 1493 rapuisse,
1234 1424 1283 1479 aed
1307 1424 1494 1482 tantummodo
1516 1422 1624 1497 proprisi
1652 1440 1706 1481 nnn
1736 1426 1881 1483 tribuisse.

163 1582 170 1591 ι
231 1522 329 1564 servus
343 1506 448 1578 peceati
462 1506 543 1563 viciis
564 1513 623 1563 erat
644 1506 793 1578 subjectns,
820 1523 874 1565 non
902 1525 951 1565 rer
978 1508 1028 1565 aed
1081 1510 1116 1566 ltt
1131 1511 1154 1566 si
1168 1511 1201 1579 is,
1218 1511 1326 1579 fratres,
1342 1520 1420 1569 tanto
1434 1512 1567 1585 supplicio
1587 1514 1713 1585 plectitur
1740 1514 1788 1586 qui
1816 1531 1885 1586 pro-

230 1599 315 1652 homo
326 1596 490 1669 appellatur,
505 1596 571 1669 quia
584 1594 726 1654 vociferati
739 1596 900 1671 {voracitati}
924 1605 1027 1653 mutum
1081 1600 1140 1671 pria
1155 1600 1265 1656 minima
1281 1601 1407 1675 largitur,
1424 1602 1489 1674 quid
1512 1602 1547 1659 de
1570 1601 1613 1657 bis
1640 1610 1682 1659 ast
1709 1604 1883 1659 assuendum

229 1692 259 1740 et
273 1683 379 1739 libidini
389 1691 419 1739 ut
430 1684 531 1740 animal
544 1684 702 1741 irrationale
721 1685 913 1743 famulabatur.
942 1686 1067 1777 CuiuaB
1083 1689 1129 1760 qui
1143 1704 1253 1759 semper
1267 1690 1355 1761 parati
1370 1698 1433 1745 seint
1447 1691 1483 1747 ad
1497 1692 1681 1762 rapiendum?
1705 1691 1776 1747 Dicit
1805 1692 1883 1749 Seri-

228 1787 329 1829 nomen
341 1772 405 1829 ideo
416 1788 473 1829 nou
487 1772 649 1845 exprimitur
663 1774 725 1846 qnia
737 1774 766 1829 iu
788 1773 859 1832 libro
877 1775 1025 1831 urendum
1080 1784 1160 1849 ptura
1173 1778 1208 1833 de
1232 1778 1324 1835 ociose
1347 1779 1581 1835 commedentibus
1610 1779 1683 1837 Sulci
1700 1798 1706 1835 :
1726 1779 1885 1837 clamabunt

227 1860 392 1933 semiustis
415 1877 472 1919 nou
499 1862 636 1919 scribitur.
663 1862 780 1919 nunnus
807 1872 899 1920 autem
922 1880 1028 1935 pauper
1080 1868 1211 1923 adversus
1226 1868 1341 1936 eos3de
1355 1867 1461 1925 furibus
1484 1877 1546 1926 aute
1567 1876 1594 1925 at
1617 1869 1773 1943 rapacibus,
1796 1870 1886 1927 Terra

226 1950 385 2009 nominatur
398 1951 463 2023 quia
477 1966 578 2008 nomen
592 1951 655 2024 ejus
669 1950 697 2007 in
711 1951 1027 2024 eoeloscriptum,inve·
1082 1964 1257 2013 convertetur
1284 1958 1325 2013 eis
1351 1956 1378 2013 in
1406 1962 1494 2029 picem
1522 1966 1550 2015 et
1578 1957 1698 2029 sulphur
1720 1959 1879 2015 ardentem.

226 2039 365 2097 aiebatur.
384 2039 469 2097 hiras
482 2040 511 2095 in
525 2038 635 2097 inferno
650 2041 773 2112 sepultus
787 2040 1025 2115 legitur,qniain·
1081 2041 1131 2096 iiie
1145 2040 1222 2097 dives
1237 2041 1328 2113 aliqua
1342 2040 1414 2097 hona
1436 2058 1485 2113 pro
1509 2042 1628 2097 humana
1655 2042 1736 2098 laude
1763 2041 1828 2099 fecit
1857 2051 1886 2099 et

226 2126 320 2185 femus
334 2129 474 2185 subterra
487 2127 670 2195 autefertur:
693 2138 721 2185 et
743 2129 791 2203 qui
814 2130 852 2185 ibi
879 2131 1023 2204 mergitur,
1079 2129 1178 2185 bonam
1194 2130 1346 2186 mercedem
1358 2131 1455 2186 horum
1480 2146 1530 2203 per
1549 2132 1622 2187 bona
1646 2131 1805 2203 temporalia
1834 2147 1884 2189 re·

223 2225 297 2275 terra
309 2218 473 2289 cooperitur,
489 2218 560 2275 sicut
573 2232 673 2290 corpus
695 2218 809 2289 putrere
830 2233 895 2276 cum
924 2221 952 2275 in
980 2227 1025 2274 tu·
1079 2217 1169 2289 cepit;
1186 2219 1302 2275 lazarus
1318 2235 1381 2276 vero
1396 2219 1488 2292 aliqua
1501 2220 1575 2275 mala
1596 2228 1721 2293 gesserat
1748 2238 1811 2293 que
1836 2220 1884 2276 hic

223 2305 300 2363 mdo
310 2307 455 2378 sepelitur.
478 2306 559 2365 Sinus
574 2306 691 2364 Abrahae
705 2316 762 2363 erat
785 2308 863 2365 loeus
891 2324 907 2365 a
934 2308 1025 2379 pieriis
1079 2305 1172 2363 dolore
1188 2308 1311 2379 corporis
1325 2308 1425 2364 luerat.
1445 2308 1569 2375 Pansste,
1595 2324 1698 2379 quasso,
1731 2308 1882 2375 karissimi,

223 2394 333 2469 quietus
346 2395 375 2451 in
388 2410 444 2469 quo
458 2394 596 2452 Christum
611 2395 771 2468 expectabat
787 2406 943 2454 sanctorum
964 2412 1024 2454 coe-
1079 2411 1158 2466 quarn
1174 2394 1296 2453 districte
1311 2405 1374 2453 stunt
1385 2396 1490 2466 judicia
1505 2398 1565 2453 Dei.
1592 2397 1624 2468 (f⁰
1652 2400 1704 2455 282
1736 2398 1774 2467 vr)
1803 2398 1880 2453 Ecce

221 2494 276 2541 tus.
291 2488 361 2542 Ante
376 2484 474 2541 Christi
488 2486 636 2542 adventum
650 2501 747 2541 omnes
764 2484 966 2542 descenderunt
988 2485 1024 2542 ad
1078 2492 1183 2556 guttam
1195 2500 1275 2558 aquae
1290 2486 1356 2557 petit
1371 2486 1416 2558 qui
1431 2485 1516 2543 missa
1539 2486 1619 2558 panis
1645 2501 1701 2543 non
1728 2486 1821 2553 dedit;
1850 2494 1879 2541 et

224 2572 378 2641 infemam;
394 2572 458 2630 etsi
473 2573 687 2631 nomismatum
701 2575 803 2630 Lazaro
827 2574 898 2645 apud
919 2574 1023 2630 inferos
1078 2574 1142 2646 quia
1156 2573 1241 2631 micas
1260 2574 1369 2648 negavit
1388 2582 1491 2647 guttam
1520 2591 1575 2631 non
1602 2575 1760 2648 impetravit
1787 2576 1871 2645 (fue.

221 2661 279 2729 fuit,
297 2662 427 2736 quantur
440 2662 578 2734 quomodo
593 2661 671 2720 dives
692 2662 806 2720 eleuatis
824 2663 913 2720 oculis
934 2678 983 2719 eoa
1005 2679 1023 2719 a
1077 2664 1141 2734 xv).

221 2750 305 2825 longe
319 2751 428 2808 viderit.
444 2752 507 2808 Duo
519 2751 652 2826 leguntur·
665 2751 774 2819 inferni,
790 2750 902 2808 inferior
925 2760 953 2808 et
975 2767 1022 2808 su·

219 2843 312 2911 perior
327 2854 335 2895 t
350 2838 474 2907 inferior,
488 2839 516 2895 in
532 2855 588 2913 quo
601 2840 699 2897 animm
712 2841 891 2911 reproborum
913 2848 1022 2913 torque-
1111 2833 1188 2890 Unde
1202 2848 1265 2903 vos,
1287 2833 1391 2891 domini
1417 2834 1483 2901 mei,
1513 2834 1611 2905 quibus
1636 2834 1711 2891 Deus
1740 2832 1884 2890 ⁰0¹¹⁰⁸⁵³il

217 2926 338 2993 bantur:
354 2927 491 3001 superior,
506 2928 534 2983 in
549 2944 604 3001 quo
616 2929 696 2985 electi
716 2929 850 2985 Christum
875 2930 1019 3001 praestols-
1074 2920 1189 2979 divicias
1207 2923 1287 2993 hujus
1301 2923 1405 2993 sarculi,
1421 2930 1514 2980 cavete
1529 2940 1563 2981 ne
1579 2939 1628 2980 vos
1644 2922 1746 2979 divitias
1760 2930 1790 2977 ut
1812 2938 1881 2977 ser-

218 3015 328 3072 bsntur.
358 3017 399 3073 lla
426 3016 551 3073 infcriori
574 3016 705 3074 scribitur
727 3034 734 3073 :
756 3018 868 3075 timisti
889 3021 1020 3077 animam
1075 3026 1125 3067 vos
1139 3012 1294 3083 possideant
1310 3019 1336 3067 et
1350 3028 1367 3067 a
1382 3013 1454 3069 veris
1468 3012 1575 3069 diviciis
1591 3027 1692 3070 vacuos
1716 3011 1750 3067 ad
1771 3018 1882 3067 tartara

216 3119 310 3163 nteum
321 3120 358 3162 aa
372 3105 490 3177 instrato
502 3106 635 3177 inferiori
645 3095 736 3178 (Ptol.
747 3108 869 3178 cxxxv);
885 3108 919 3162 de
933 3123 1018 3179 supa·
1034 3064 1059 3131 c
1077 3100 1244 3174 pertrahant.
1261 3100 1401 3157 Possidete
1415 3116 1465 3157 vos
1479 3101 1586 3157 divitias
1601 3101 1697 3175 egenis
1707 3099 1880 3155 distribuen-

215 3192 390 3250 rioriautem
405 3210 412 3249 ι
428 3194 504 3250 Educ
524 3194 557 3249 da
573 3194 690 3266 inferno
713 3195 842 3251 animam
865 3211 959 3252 meum
985 3196 1023 3251 ud
1076 3187 1113 3245 do
1127 3196 1154 3244 et
1169 3204 1247 3246 veras
1270 3189 1383 3247 divicias
1403 3206 1453 3261 per
1473 3191 1526 3247 has
1551 3188 1665 3246 fallaces
1692 3188 1879 3261 acquirendo.

214 3283 408 3352 confitendum
418 3283 529 3339 tramitti
539 3286 588 3339 fao
601 3284 691 3354 (Psoi.
715 3285 813 3354 xxix).
841 3285 874 3338 ln
896 3283 1022 3339 infcriori
1076 3276 1138 3334 Nou
1153 3286 1194 3333 est
1207 3278 1308 3335 malum
1322 3278 1438 3335 divicias
1461 3279 1574 3345 trabere,
1603 3277 1653 3335 sed
1681 3276 1760 3333 valde
1789 3292 1880 3350 grave

218 3379 312 3427 autem
324 3386 424 3427 novem
437 3369 574 3443 speciales
588 3387 681 3443 poenae
696 3387 758 3427 esse
769 3371 905 3441 feruntur,
917 3372 1023 3430 scilicet
1078 3374 1121 3423 est
1132 3382 1178 3425 eas
1192 3368 1219 3423 in
1235 3383 1347 3439 pravum
1362 3384 1439 3423 usum
1455 3375 1650 3439 contorquere.
1678 3365 1768 3421 David
1795 3364 1871 3421 euim

215 3459 289 3531 ignis
303 3457 534 3531 inextinguibilis,
549 3458 661 3533 frigoris
676 3460 776 3517 horror
799 3460 1021 3532 incomparabilis
1078 3463 1104 3511 et
1118 3457 1250 3513 Ezechias
1265 3464 1347 3529 atquc
1360 3456 1460 3523 iosias,
1477 3467 1507 3513 ut
1521 3462 1585 3527 puta
1598 3471 1689 3528 reges,
1705 3454 1806 3525 aliique
1828 3470 1878 3509 co·

214 3564 325 3605 vermes
352 3547 541 3614 immortales,
576 3548 646 3605 fetor
673 3548 882 3616 intollerabilis,
914 3548 1022 3625 (fidi)
1077 3560 1137 3599 rum
1153 3544 1255 3601 similes
1270 3544 1368 3600 multas
1388 3544 1501 3601 divicias
1525 3544 1719 3616 possederunt,
1749 3542 1799 3597 scd
1823 3557 1877 3612 per

215 3637 310 3694 mallei
336 3636 531 3709 percutientes,
552 3638 674 3694 tenebras
702 3638 864 3710 palpabiles,
895 3637 1021 3695 confusio
1076 3632 1324 3690 easindehciantes
1339 3634 1647 3705 sibicomparaverunt.
1667 3632 1793 3705 Cyruset
1815 3633 1877 3687 An·

100 3720 106 3728 ’
214 3734 401 3799 peecatorum,
416 3724 485 3784 vtsia
507 3726 672 3794 daemonum,
697 3735 725 3784 et
752 3727 858 3784 auditio
888 3728 1021 3784 insultan—
1076 3723 1189 3793 tyochus
1204 3731 1285 3795 etque
1309 3722 1417 3790 Cresus,
1441 3722 1542 3794 aliique
1567 3721 1676 3777 illorum
1703 3719 1874 3786 consimiles,

213 3816 292 3884 tium,
307 3814 511 3889 macerinoula
535 3816 708 3889 singulorum
735 3816 934 3874 membromm.
964 3817 1020 3873 Su·
1075 3809 1128 3866 viri
1144 3810 1300 3867 diviciarum
1314 3820 1391 3867 erant
1406 3811 1468 3883 quis
1484 3826 1530 3865 aas
1546 3810 1581 3865 ad
1606 3808 1762 3881 superbiam
1783 3815 1811 3862 et
1835 3808 1877 3862 lu-

214 3904 305 3979 perior
316 3917 409 3961 sutem
424 3903 546 3960 iniamus
561 3912 622 3961 erat
635 3904 731 3961 ultima
743 3922 809 3977 pars
824 3913 913 3973 terrae,
936 3905 1018 3962 locus
1075 3900 1176 3954 auriam
1193 3907 1403 3966 convellefflssli
1420 3906 1446 3955 θῑ
1462 3898 1526 3971 ‘luia
1540 3895 1584 3955 ¹¹5⁰
1599 3912 1715 3968 leffium
1737 3894 1874 3953 0oe¹⁰fflm

215 3992 324 4050 inferno
338 3993 454 4062 vicinus,
469 3993 547 4049 seda
560 3993 825 4064 peanisdisiuuctua,
842 3994 871 4048 in
894 4009 949 4065 quc
969 3994 1018 4063 ju-
1073 3987 1235 4055 hubuerunt,
1251 3988 1383 4044 obeuntes
1398 3987 1463 4042 nihil
1480 3986 1646 4043 inmanibus
1671 3987 1728 4041 suis
1752 3985 1871 4041 invene-

215 4083 251 4138 sti
266 4081 348 4157 positi
362 4088 536 4154 potueranta
558 4081 638 4137 malis
660 4081 784 4154 conspici
806 4082 853 4154 qui
882 4090 961 4138 erant
990 4083 1018 4138 in
1072 4084 1144 4145 runt,
1161 4076 1209 4133 sed
1224 4093 1289 4133 oum
1304 4077 1351 4133 illo
1366 4076 1448 4133 divite
1462 4075 1490 4131 in
1514 4084 1617 4133 aeterna
1645 4082 1767 4147 egestate
1794 4074 1874 4130 dole·

216 4170 354 4226 inferiori.
374 4169 626 4239 Quidamdubitant
641 4178 732 4226 utrum
746 4185 777 4225 se
794 4170 894 4225 animm
914 4169 944 4225 iu
965 4170 1017 4227 aha
1071 4164 1146 4221 hunt.
1163 4164 1203 4222 De
1219 4166 1317 4221 talibus
1332 4165 1431 4221 dieitur
1448 4183 1454 4220 :
1470 4164 1595 4221 Facilius
1608 4168 1650 4221 esi
1661 4162 1801 4220 camelum
1817 4178 1874 4234 per

211 4258 268 4316 vita
281 4266 466 4331 cognoscant;
482 4258 532 4314 aed
546 4274 608 4315 cum
626 4259 703 4316 dives
716 4259 857 4314 Abraham
879 4273 1017 4332 cognove·
1069 4251 1872 4328 soromeuoeoatrunairequumdiuitemirtrcgcemcoelu·

213 4347 250 4403 rit
264 4364 346 4420 qoam
360 4362 499 4419 nunquam
513 4354 578 4403 aute
591 4347 707 4415 videret,
723 4355 829 4404 oousmt
855 4349 930 4421 quod
949 4348 1013 4404 mali
1068 4358 1134 4401 “otu
1149 4343 1260 4415 (fluitis.
1276 4350 1351 4416 xix).

212 4436 302 4493 bonos
321 4434 618 4508 intumescentem
641 4450 707 4493 vero
733 4436 872 4493 Abraham
900 4422 1054 4495 divitemD
1283 4505 1288 4516 Ι
1393 4504 1399 4517 .
1548 4504 1554 4515 ¹

212 4525 252 4582 phi
264 4526 435 4598 cognoverit,
455 4538 537 4597 quem
550 4532 613 4581 ,mg
637 4539 776 4597 „unquam
797 4526 913 4593 videm,
937 4536 1013 4599 pm
1100 4505 1197 4561 Narrat
1211 4504 1343 4561 Dominus
1357 4504 1464 4563 cuidam
1483 4505 1617 4577 plurimas
1640 4503 1754 4561 divicias
1781 4500 1867 4559 afssa-

213 4615 286 4689 quod
301 4614 382 4671 egam
396 4614 461 4670 boni
474 4618 562 4670 maios
575 4613 614 4670 ibi
628 4623 790 4688 ⁸3⁰0„ng
807 4615 925 4672 purgum
936 4633 1012 4689 ω,
1065 4592 1141 4651 xisse
1153 4637 1160 4662 ,
1172 4595 1299 4667 huncque
1323 4594 1470 4652 destructis
1493 4594 1599 4650 horreis
1620 4594 1723 4663 majora
1743 4599 1871 4649 constru-

212 4704 383 4761 fflurugfflffl
395 4702 529 4774 justorum
544 4702 642 4761 3011„ae
664 4704 810 4777 quicquam
834 4704 868 4762 ge
897 4704 1013 4762 menti,
1066 4684 1148 4751 aisse,
1170 4692 1252 4757 atque
1275 4684 1331 4741 illic
1355 4684 1483 4741 omnihus
1506 4684 1587 4739 honis
1615 4682 1738 4739 collectis
1763 4680 1866 4738 enimse

106 4828 111 4839 ,
212 4793 264 4849 bug
284 4792 446 4862 intelligant,
471 4792 515 4850 ,ep
542 4792 641 4850 ΜΞ
667 4808 815 4865 pravorum
842 4793 948 4867 „liquid
976 4794 1012 4850 dg
1066 4772 1240 4829 suaedirisse
1255 4780 1284 4827 ut
1303 4773 1470 4845 epularetur,
1495 4772 1642 4838 laetaretur,
1672 4770 1736 4841 quia
1762 4770 1867 4827 multos

214 4881 283 4939 ,ivis
297 4883 430 4950 mgna„
445 4882 495 4937 ,gg
509 4897 572 4938 cum
593 4882 735 4938 mmm
757 4882 831 4939 dmg
848 4899 855 4937 :
871 4886 1012 4957 3000ng
1065 4876 1150 4917 annos
1165 4862 1286 4919 victurus
1300 4866 1376 4919 esset
1391 4870 1416 4917 et
1431 4862 1459 4917 iu
1472 4860 1515 4917 his
1536 4860 1615 4917 bonis
1629 4860 1706 4916 laetos
1729 4858 1788 4915 dica
1817 4858 1869 4957 du·

214 4980 399 5038 mmm
415 4985 466 5038 pm,
484 4984 512 5037 α
537 4982 660 5037 gamm
684 4981 773 5047 mapa,
803 4988 911 5038 consp„
938 4982 1011 5054 quod
1065 4959 1172 5008 aturrus.
1188 4950 1292 5007 Eadem
1315 4959 1395 5008 nocte
1414 4948 1507 5006 infelix
1530 4956 1654 5005 mortuus
1678 4947 1774 5004 alienis
1799 4947 1869 5004 divi·

1064 5038 1122 5096 cisa
1136 5056 1200 5095 suas
1213 5040 1331 5113 reliquit,
1347 5040 1405 5111 ipse
1421 5040 1479 5096 sola
1493 5046 1605 5111 pascua
1629 5052 1723 5095 aecum
1752 5046 1867 5109 portans

1065 5136 1167 5185 tartara
1180 5129 1291 5187 subivit.
1311 5128 1382 5197 Quid
1405 5128 1469 5185 huic
1493 5127 1655 5201 profuerunt
1683 5124 1790 5183 divinia
1818 5126 1868 5199 qui

1063 5215 1107 5273 his
1121 5214 1242 5287 neglexit
1256 5222 1372 5271 aetetnss
1387 5212 1555 5287 acquireret

214 5076 279 5131 boni
295 5075 420 5132 homines
433 5082 512 5131 aetus
525 5075 674 5132 viventium
696 5074 838 5146 aspiciant,
858 5076 1011 5148 presertim

213 5188 275 5232 cum
303 5190 334 5229 se
361 5172 551 5230 invocantibus
577 5172 706 5229 continuo
734 5172 909 5229 subveniant.
942 5174 1010 5230 Cum

212 5288 278 5330 vern
306 5272 383 5328 dives
405 5286 457 5343 pro
479 5270 610 5328 fratribus
640 5271 710 5327 male
737 5270 890 5328 viventibus
912 5288 1011 5345 preces

211 5370 318 5441 fundat,
332 5378 406 5443 9³²ss
420 5370 494 5443 (1⁰0⁶
515 5370 639 5426 dflmflflli
667 5367 803 5441 (luoedflfflr
833 5386 889 5426 ¹¹⁰⁰
918 5379 1010 5429 ¹⁸¹⁰&ss
1099 5384 1130 5439 Iu
1154 5384 1238 5439 llllor
1263 5386 1358 5455 parles
1385 5382 1510 5439 homines
1536 5380 1695 5437 dividuntur
1721 5397 1726 5433 :
1750 5378 1865 5451 quidam

211 5468 314 5536 omnia,
328 5468 364 5525 de
378 5468 447 5526 vivis
457 5467 557 5525 sciant.
571 5466 783 5537 antejudicium
792 5477 884 5525 autem
898 5470 1010 5544 reprobi
1063 5472 1161 5529 divites
1176 5514 1183 5543 ,
1200 5481 1229 5528 ut
1238 5473 1376 5529 Abraham
1387 5472 1483 5541 etfoh,
1494 5470 1635 5527 solrautur
1649 5488 1655 5534 ;
1672 5468 1783 5542 quddam
1794 5484 1865 5525 vero

211 5562 317 5621 electos
337 5565 365 5620 in
387 5565 490 5638 gaudio
512 5565 694 5637 conspiciunt,
724 5572 754 5623 ut
781 5567 871 5640 magis
898 5568 1010 5626 doleant
1063 5570 1169 5644 divites
1178 5578 1206 5627 ut
1216 5571 1364 5639 cheneres,
1377 5572 1490 5637 Pharao,
1502 5567 1770 5636 Nabuchodonosor,
1783 5564 1866 5622 dam·

211 5659 351 5730 quodhos
363 5663 475 5736 aasaqrui
493 5662 694 5737 neglexermtr
717 5661 854 5739 aspiciunt
873 5665 956 5726 electi
980 5674 1009 5727 et
1061 5677 1175 5738 nantum
1191 5668 1301 5743 quidam
1315 5682 1457 5743 pauperes,
1473 5675 1503 5725 ut
1524 5666 1640 5727 tanus
1668 5672 1696 5725 et
1721 5664 1863 5735 monaehi,
