3942 6067
128 292 182 346 989

548 286 729 345 SPECULUM
749 282 942 343 ECCLESlAE.
965 312 1000 325 —-
1020 282 1069 339 DE
1089 282 1120 339 S.
1144 280 1363 340 techebalu.

1736 285 1787 341 99⁰

126 412 177 469 sed
192 411 307 471 viriliter
328 410 463 471 dimicans
484 410 626 485 antiquum
648 412 757 469 bostem
782 427 847 468 cnm
870 408 928 466 suis
941 405 1089 481 Aspondet
1102 424 1133 465 so
1147 408 1307 465 thesaurum
1322 407 1472 465 ostendere
1486 406 1510 465 ιι
1525 406 1550 465 ιι
1569 406 1661 467 triduo
1683 408 1784 467 dentur

125 502 258 559 membris
273 501 370 558 stravit
385 511 412 558 ct
426 500 490 559 idao
505 516 566 559 cum
582 501 673 575 gloria
684 501 711 557 in
727 501 805 558 cmlis
823 499 924 557 trium·

124 592 230 665 pharit.
248 593 299 651 ilic
313 595 448 651 inuentae
458 597 501 650 cst
512 594 574 649 sine
584 594 699 651 macula
714 592 780 649 dum
794 592 869 648 velut
880 607 928 649 an-

124 695 187 734 rum
201 680 371 736 examinatus
386 687 428 735 est
447 678 474 733 in
496 677 637 734 craticula.
659 681 726 737 Post
747 693 848 737 curem
868 694 926 734 non

123 768 206 835 abitt,
218 771 309 826 necin
315 771 438 842 pecnnia
446 775 475 825 ct
486 768 771 841 thesaurirapcrauif,
779 768 827 824 sed
838 766 927 839 potins

122 874 221 913 aurum
234 866 261 914 ιι
275 858 417 914 thesauros
427 856 563 915 Ecclesia
573 857 744 929 pauperibus
755 856 924 913 distribuens

120 948 249 1003 coelcstes
272 946 384 1003 divicias
408 944 590 1017 comparavit.
619 945 726 1003 ideireo
748 944 928 1002 haneborhe

122 1034 278 1102 laudemus,
294 1043 321 1092 et
330 1034 486 1092 mirabilem
498 1036 585 1091 Deum
599 1034 628 1090 in
641 1035 745 1091 sanetis
759 1035 816 1091 suis
833 1034 925 1105 (Paul.

119 1125 211 1197 cxvii)
225 1123 422 1198 glorificemus,
438 1140 489 1197 per
503 1141 583 1197 quem
600 1125 762 1181 Laurentius
783 1124 930 1181 mirabilia

118 1216 154 1270 in
162 1215 284 1271 ulturno
292 1215 374 1286 fecit,
391 1213 437 1286 qui
453 1213 537 1270 vitam
558 1214 686 1269 omnibus
709 1213 838 1270 dilectam
863 1228 929 1284 per-

118 1304 293 1370 horrescens,
305 1319 356 1375 pro
372 1318 436 1359 vera
456 1301 512 1359 vita
536 1302 647 1372 abiecit,
678 1310 798 1358 mortem
823 1300 931 1359 eunetis

117 1407 231 1449 exosam
241 1392 410 1465 amplectens
433 1407 519 1449 causa
544 1391 608 1450 vitta
623 1391 735 1463 excepit
748 1410 755 1456 ;
771 1392 819 1464 qni
833 1407 930 1446 aumm

117 1498 146 1554 iu
159 1498 214 1554 qno
228 1482 354 1539 homines
370 1480 512 1539 confidunt
526 1486 557 1537 ut
572 1481 660 1537 lutum
684 1481 853 1545 contemnit;
879 1495 927 1536 or-

118 1578 248 1629 namenta
260 1572 290 1626 in
311 1570 410 1644 quibus
424 1570 562 1643 principes
580 1569 731 1644 gloriantur
753 1573 851 1645 egenis
876 1568 932 1623 im.

116 1660 231 1733 pendit;
247 1660 295 1733 qui
309 1659 446 1718 fenestras
460 1659 508 1717 diu
522 1660 550 1715 in
566 1659 636 1716 facie
660 1674 797 1717 cneorum
821 1658 933 1718 clausas

979 486 1111 555 indueiae.
1130 497 1234 569 Quibus
1247 498 1319 556 datis
1332 497 1531 555 multitudinem
1554 514 1705 570 pauperum
1724 498 1785 555 cul-

979 589 1048 661 legit
1058 604 1127 660 qnos
1141 586 1227 645 tercio
1249 588 1293 645 die
1309 602 1403 645 secum
1418 588 1445 643 in
1456 587 1592 661 palacium
1601 586 1687 643 duxit.
1707 610 1718 635 u
1735 588 1791 657 lin,

981 678 1108 751 inquiens
1123 678 1157 733 ad
1175 677 1322 745 Caesarem,
1339 678 1432 734 cernis
1448 682 1609 735 thesauram
1631 676 1786 752 Ecclesiae5
1809 670 1813 677 ’

981 767 1079 825 borum
1102 781 1199 823 manus
1221 767 1365 823 thesauros
1381 782 1451 840 quos
1477 764 1597 841 requiris
1623 766 1787 839 deportate·

981 864 1043 913 runt
1058 857 1084 913 in
1100 855 1316 931 gazophilacium
1330 856 1450 913 coelestis
1465 857 1558 914 curia.
1580 876 1591 909 ι
1619 854 1680 925 Quo
1698 855 1788 913 audito

982 952 1116 1019 tyrannus
1131 945 1278 1014 infremuit,
1295 946 1469 1003 Laurentium
1483 945 1606 1005 vestibus
1621 946 1696 1003 exuit
1706 960 1788 1017 quem

983 1036 1109 1093 Christus
1123 1036 1195 1091 stola
1206 1035 1416 1091 immortalitatis
1427 1035 1523 1093 induit.
1548 1034 1654 1093 Deinde
1677 1034 1788 1093 victima

983 1124 1086 1181 Christi
1108 1125 1136 1180 in
1159 1132 1264 1181 catasta
1297 1124 1461 1191 extenditur,
1488 1140 1549 1182 cum
1580 1124 1781 1197 scorpionibus,

983 1214 1089 1271 scilieet
1103 1213 1220 1287 flagellis
1235 1214 1262 1268 in
1278 1212 1389 1269 modum
1405 1214 1581 1285 scorpionum
1595 1212 1710 1281 aculeis,
1726 1230 1785 1270 em-

984 1304 1058 1359 ditnr
1079 1302 1233 1377 iterumque
1258 1302 1286 1358 in
1310 1318 1449 1375 carcerem
1474 1302 1637 1361 retruditur.
1664 1302 1705 1359 Ex
1732 1304 1786 1360 boc

985 1392 1102 1449 eductus
1133 1392 1168 1448 ad
1188 1392 1384 1450 immolandam
1410 1392 1501 1464 ydolis
1522 1392 1706 1467 compellitur,
1734 1394 1785 1450 sed

985 1482 1137 1538 terroribus
1155 1497 1210 1538 non
1233 1481 1369 1551 flectitur,
1393 1482 1465 1538 unde
1487 1482 1582 1552 jussus
1607 1490 1648 1538 est
1669 1480 1786 1539 fustibus

984 1570 1141 1627 diutissime
1155 1571 1232 1637 caedi,
1247 1571 1346 1629 deinde
1361 1572 1388 1627 in
1399 1573 1494 1629 eculeo
1508 1571 1639 1644 suspendi
1649 1588 1682 1629 nc
1693 1570 1786 1645 ignita

985 1660 1094 1718 laminae
1122 1660 1252 1718 lateribus
1271 1661 1409 1719 attrociter
1429 1662 1493 1719 torti
1507 1662 1639 1733 appendi.
1659 1660 1727 1717 Cum
1741 1661 1785 1715 in-

117 1748 310 1815 reserantem
331 1750 411 1821 signo
431 1750 522 1807 crucis
545 1749 666 1806 tenebris
688 1748 791 1823 iugatis
806 1748 963 1842 claraqle
987 1747 1074 1804 victus
1097 1745 1198 1803 Christi
1221 1747 1300 1802 miles
1316 1748 1367 1803 hoe
1381 1747 1514 1819 supplicio
1528 1762 1583 1803 non
1598 1754 1785 1818 superaretur,

116 1843 170 1898 ate
185 1842 225 1910 vl)
238 1839 300 1896 luce
313 1839 465 1909 reseravit;
483 1838 529 1912 qni
553 1839 680 1895 crudeles
702 1837 829 1911 corporis
856 1853 921 1895 cru-

117 1929 208 1987 ciatus
222 1928 335 2000 sprevit,
348 1945 379 1985 se
393 1928 482 2000 ipsum
498 1927 615 1985 hostiam
639 1928 732 1985 vivam
755 1928 783 1983 in
811 1926 925 1983 odorem

116 2018 259 2075 suavitatis
273 2019 331 2075 Deo
343 2034 395 2089 per
407 2018 501 2091 ignem
516 2018 590 2074 dedit
604 2017 717 2091 (Epioe.
733 2018 763 2083 v)
777 2036 785 2085 ς
811 2026 838 2072 ιι
861 2018 926 2089 quia

57 2142 63 2154 ‹
115 2106 247 2179 passione
255 2113 411 2179 temptatus,
423 2106 560 2179 pacientia
566 2110 716 2181 perfectus
727 2110 769 2163 ιιι
777 2106 922 2179 probatus,

116 2198 364 2271 incleinnplorln
378 2199 605 2254 crileoronnlcr.
628 2196 678 2253 llic
703 2196 849 2253 thesauros
873 2195 926 2251 ba·

118 2286 189 2343 bens
195 2286 356 2360 transgredi
364 2288 471 2359 potnit,
483 2286 533 2343 sed
547 2286 637 2357 legem
649 2286 700 2341 Dei
715 2285 759 2341 sui
768 2284 927 2363 transgredi

117 2378 232 2446 nolult,·
246 2379 341 2448 fucere
350 2376 428 2433 muln
438 2376 537 2443 noluit,
548 2376 599 2432 sed
608 2374 699 2448 poenis
709 2382 821 2432 coactus
831 2377 927 2446 facere

116 2466 223 2525 notuit.
234 2464 374 2523 fdconnnl
384 2465 547 2522 bonoillius
558 2465 716 2522 inhomino
734 2463 864 2521 stabilita
879 2478 928 2535 pro

117 2554 218 2629 qulbus
232 2570 306 2611 nunc
315 2555 437 2625 possidet
448 2553 561 2627 praemia
576 2552 693 2611 infinita.
707 2555 741 2611 lif
753 2554 926 2610 elemosinas

118 2645 328 2701 illinacncrrnt
337 2645 430 2701 omnia
441 2643 569 2701 Ecclesia
579 2647 757 2709 rotulorum,
768 2642 833 2698 dum
842 2641 927 2699 biein

120 2733 358 2791 omniumeelebri
381 2740 505 2790 versatur
524 2732 660 2789 memoria
689 2740 715 2789 et
743 2732 771 2787 in
798 2730 844 2786 illa
873 2730 929 2789 vita

131 2822 246 2880 allinunt
259 2822 286 2879 ei
297 2822 403 2879 divisim
416 2831 443 2879 et
457 2822 556 2897 gloria.

155 2938 216 3005 llic,
230 2938 362 2995 Romana
376 2936 509 2995 Ecclaaiae
521 2936 744 3004 archidiaconns,
761 2937 834 2995 beati
851 2935 928 3009 Syrti

118 3042 199 3100 papae
225 3027 312 3083 extitit
334 3026 499 3098 discipulus.
526 3026 580 3097 Qui
605 3027 702 3083 heatus
725 3026 847 3100 pontifex
862 3026 928 3081 dum

117 3130 169 3187 pro
183 3130 272 3190 grege
284 3116 337 3173 sibi
352 3117 501 3173 commisso
522 3116 729 3189 adpersionem
756 3117 924 3183 traheretur,
940 3148 965 3213 G

117 3204 279 3261 [amentius
302 3204 408 3275 ejulans
431 3205 560 3275 accurrit,
585 3221 685 3278 rogans
700 3221 762 3261 eum
776 3213 805 3261 ut
831 3220 925 3261 aecum

117 3294 153 3351 ad
165 3310 262 3367 poenaa
275 3295 476 3351 admitteretur.
483 3294 533 3350 Cui
543 3310 625 3368 papa,
637 3304 702 3352 tnnc
711 3294 812 3351 Christi
823 3295 923 3363 hostia,

115 3386 263 3441 thesauros
278 3383 415 3442 Ecclesiae
430 3384 633 3441 commendavit
646 3399 680 3442 ee
693 3384 812 3455 benigne
828 3399 928 3441 conso·

117 3473 180 3529 lans
193 3482 256 3546 post
268 3475 388 3530 triduum
400 3482 553 3546 martyrem
574 3472 692 3530 futurum
712 3471 922 3546 praenunciavit.

118 3563 158 3619 At
171 3562 218 3619 ille
232 3570 344 3635 accepta
359 3564 475 3633 pecnnia
488 3579 544 3620 non
560 3570 588 3619 ut
607 3579 707 3619 arares
727 3563 836 3635 operuit
864 3578 925 3619 enm

118 3662 202 3715 terra,
227 3648 278 3703 sed
302 3646 604 3718 sollicitnscircuions,
627 3647 748 3719 pupillos
773 3653 801 3704 et
828 3647 927 3705 viduas

118 3740 249 3807 visitavit,
264 3748 294 3796 nt
318 3740 407 3797 bonus
430 3741 603 3813 dispensator
625 3740 756 3798 creditam
780 3742 926 3813 pecuniam

118 3830 264 3887 conservis
291 3830 480 3903 indigentibus
505 3830 638 3903 erogarit,
665 3830 752 3903 pedes
773 3846 926 3903 pauperum

119 3918 195 3989 lavit,
211 3927 332 3993 aegrotos
346 3921 450 3977 orendo
463 3920 582 3977 sanavit.
606 3920 742 3976 Omnibus
764 3920 848 3992 igitur
875 3936 925 3977 ex·

117 4010 213 4082 pensis
227 4010 261 4065 ad
277 4011 440 4083 magistrum
455 4008 545 4066 fidelis
570 4010 695 4067 minister
714 4012 874 4080 revertitur,
899 4018 927 4067 ιι

118 4113 185 4155 ecce
199 4101 300 4172 syxtus
317 4116 381 4155 cum
402 4099 508 4155 dnobus
519 4098 681 4156 diaconibus
705 4100 876 4157 Felicissimo
898 4107 926 4157 et

117 4189 237 4260 Agapito
260 4189 294 4243 nd
318 4188 527 4245 decollationem
557 4188 676 4245 ducitur.
707 4192 743 4244 ut
764 4190 926 4246 Laurentius

117 4277 193 4334 clara
207 4292 276 4334 rocc
290 4278 433 4335 thesauros
448 4276 501 4334 sibi
515 4278 631 4334 traditos
645 4293 678 4335 se
691 4277 720 4335 in
730 4294 865 4351 pauperes
876 4294 926 4335 ex-

117 4366 248 4438 pendisse
263 4366 393 4435 clamitat,
411 4375 439 4424 et
452 4376 480 4423 ιιι
494 4382 590 4424 secum
602 4367 627 4424 ei
648 4368 706 4439 pati
732 4368 813 4425 liceat
841 4365 925 4425 flebili

116 4471 186 4513 voce
200 4457 329 4529 postulat.
345 4457 444 4512 llilites
464 4465 555 4514 autam
579 4458 690 4513 beatum
718 4458 832 4530 syxtum
859 4473 923 4515 cum

116 4544 201 4602 sociis
214 4548 283 4614 suis,
300 4546 387 4618 capite
403 4554 542 4615 truncato,
558 4547 594 4602 ad
609 4548 725 4617 syderea
747 4562 835 4621 regna
858 4547 922 4603 lan-

116 4636 239 4691 reandos
263 4637 483 4703 transmiserunt,
511 4636 688 4692 Laurentium
711 4652 778 4692 vero
797 4644 922 4694 tenentes

117 4720 202 4777 Decio
216 4720 377 4793 imperatori
389 4720 574 4777 adduxerunt.
594 4718 682 4790 Quem
696 4720 756 4792 ipse
776 4721 923 4779 Valeriano

115 4808 245 4881 protecto
259 4808 406 4867 tradiditor
419 4813 576 4868 thesaurum
590 4808 724 4867 Ecclesia
744 4811 778 4866 ab
803 4826 837 4867 eo
865 4811 924 4867 exi-

114 4905 173 4973 gat,
189 4899 279 4971 ydolis
293 4899 436 4956 immolare
450 4899 600 4971 compellat
620 4899 774 4971 imperarit.
800 4899 924 4957 Valeria·

114 5004 166 5044 rma
182 4996 272 5046 autem
288 4988 396 5047 cuidam
410 4988 518 5062 Ypolito
533 5004 597 5045 enm
608 4987 820 5057 commendavit,
845 4990 924 5063 isque

115 5078 224 5133 eumin
249 5093 363 5136 carcere
382 5094 444 5135 cnm
462 5078 589 5151 pluribus
614 5077 725 5150 locarit,
753 5080 828 5137 inter
852 5095 923 5153 quos

115 5166 227 5239 quidam
241 5183 330 5225 caeru
343 5166 394 5223 fuit
408 5168 454 5241 qni
467 5183 517 5240 per
531 5167 644 5224 beatum
660 5168 836 5225 Laurentium
858 5185 920 5227 ere·

113 5256 184 5313 dens
197 5257 349 5329 baptizatus
364 5256 456 5313 lumen
470 5258 615 5331 percipere
631 5258 737 5314 meruit.
764 5258 846 5328 Quod
870 5274 923 5316 au·

113 5345 220 5402 dientes
235 5346 345 5418 plurimi
359 5346 426 5403 caeci
450 5346 485 5403 ad
500 5346 611 5403 beatum
635 5348 812 5403 morantium
838 5364 923 5405 rene·

113 5438 185 5498 runt,
201 5432 246 5504 qni
260 5446 358 5488 omnes
372 5448 422 5503 per
436 5432 641 5503 impositionem
666 5448 762 5488 manus
787 5432 847 5503 ejus
878 5434 924 5490 lu-

112 5530 178 5572 men
195 5516 258 5573 coeli
278 5516 416 5573 viderunt.
432 5516 491 5573 iioc
515 5517 575 5574 viso
599 5516 731 5589 Ypolytus
761 5533 824 5575 mim
850 5519 926 5576 omni

112 5605 195 5662 domo
210 5620 260 5661 sna
273 5605 392 5663 credidit
416 5612 444 5662 et
461 5606 563 5662 Christi
583 5613 689 5663 vestem
713 5622 762 5679 per
787 5606 923 5679 baptisma

127 5692 224 5751 induit.
243 5696 307 5752 l’ost
319 5696 379 5753 baec
391 5694 554 5753 Laurentius
568 5696 602 5752 ad
622 5696 759 5769 palacium
781 5698 858 5755 Decii
878 5700 927 5755 ad·

115 5781 233 5853 ducitur,
256 5784 403 5841 thesaurus
426 5785 461 5841 ab
484 5800 519 5843 eo
543 5785 689 5861 inquiritur
711 5786 749 5859 (ιο
766 5788 843 5858 aaa).
869 5785 926 5862 Qui

979 1848 1065 1887 immo
1088 1832 1122 1889 de
1145 1832 1234 1905 poenis
1260 1841 1289 1888 ut
1302 1833 1337 1889 de
1351 1833 1439 1906 epulis
1453 1832 1646 1907 gratularetur,
1656 1832 1788 1904 plumba-

979 1920 1024 1989 tis,
1041 1920 1144 1978 scilicet
1158 1920 1274 1995 flagellis
1293 1921 1405 1993 plumbo
1420 1922 1448 1977 in
1469 1921 1640 1979 extremitate
1659 1920 1786 1993 corrigiae

978 2010 1089 2079 innexo,
1104 2010 1227 2079 creditur,
1252 2010 1352 2067 deinde
1367 2011 1559 2083 scorpionibus
1582 2010 1729 2069 crudeliter
1743 2018 1790 2066 at-

980 2095 1088 2152 teritur.
1117 2096 1223 2151 Interea
1247 2095 1357 2169 qnidam
1381 2096 1470 2161 miles,
1497 2094 1636 2151 Romanus
1663 2094 1783 2159 nornine,

980 2184 1113 2255 conspicit
1125 2184 1253 2255 juvenem
1276 2184 1398 2258 gloriosa
1419 2183 1489 2241 faeie
1514 2192 1603 2240 astare
1623 2192 1650 2241 et
1675 2183 1786 2240 beatum

981 2273 1152 2330 Laurentium
1168 2273 1331 2345 sanguinem
1350 2274 1412 2347 ejus
1427 2272 1597 2348 extergendo
1612 2272 1782 2331 confortare.

981 2362 1034 2435 Qui
1048 2380 1112 2420 mox
1127 2362 1151 2421 ei
1167 2364 1201 2421 ad
1217 2364 1302 2435 pedes
1316 2363 1425 2431 cecidit,
1442 2378 1473 2420 se
1488 2362 1619 2437 baptizari
1630 2362 1788 2437 petiitque.

981 2452 1079 2510 viderit
1095 2468 1190 2510 eornm
1203 2452 1329 2510 omnibus
1340 2452 1442 2521 retulit,
1469 2454 1606 2525 baptisma
1625 2450 1786 2526 promeruit.

982 2542 1036 2613 Qui
1058 2541 1183 2615 protinus
1203 2542 1284 2615 jussu
1306 2542 1382 2599 Decii
1407 2558 1476 2600 cum
1499 2542 1617 2598 fustibus
1636 2540 1788 2598 diutissime

982 2639 1127 2700 mactatur,
1143 2632 1245 2689 deinde
1268 2632 1358 2704 eapite
1372 2640 1528 2688 truncatur.
1550 2634 1637 2687 Porro
1662 2630 1789 2687 Lauren-

982 2721 1138 2779 tinsdenuo
1165 2722 1195 2778 ιιι
1210 2737 1352 2781 carcerem
1376 2720 1461 2793 recipi
1482 2720 1592 2791 jubetur
1615 2726 1644 2775 ut
1665 2719 1788 2777 Christus

982 2811 1083 2883 saepius
1106 2810 1135 2867 in
1157 2827 1274 2885 corpore
1289 2812 1348 2881 ejus
1362 2808 1544 2887 glorificetur.
1564 2810 1595 2867 ln
1618 2818 1698 2867 nocte
1721 2824 1788 2867 vero

982 2901 1099 2959 eductus
1115 2916 1161 2959 cor
1176 2902 1236 2973 eius
1255 2900 1284 2957 in
1299 2900 1446 2957 dilectione
1460 2898 1560 2955 Christi
1574 2900 1715 2973 probatur,
1725 2914 1789 2956 caro

983 2991 1044 3063 ejus
1066 2989 1159 3047 multis
1181 2990 1275 3062 flagris
1305 2989 1437 3059 visitatur,
1463 2989 1528 3063 igue
1551 2988 1739 3056 examinatum
1763 2994 1789 3045 ct

984 3080 1049 3154 quia
1062 3080 1090 3135 in
1101 3096 1134 3137 eo
1145 3079 1337 3153 iniquitasnon
1355 3078 1501 3149 invenitur,
1523 3094 1626 3135 corona
1636 3076 1789 3150 perhennis

980 3169 1076 3244 gloriae
1092 3169 1241 3227 redimitur.
1260 3170 1328 3225 hnte
1349 3169 1463 3226 Decium
1487 3184 1605 3241 namque
1630 3166 1728 3229 ductus
1753 3166 1789 3223 ad

980 3258 1140 3315 idolatriam
1162 3265 1313 3325 coartatur,
1329 3258 1379 3315 sed
1403 3257 1504 3315 Christi
1532 3272 1636 3314 nomen
1650 3256 1738 3327 magis
1752 3255 1788 3311 ab
1891 3272 1892 3275 ¹

980 3363 1014 3404 eo
1029 3347 1166 3415 laudatur,
1182 3347 1254 3403 unde
1269 3362 1300 3403 os
1311 3348 1371 3417 ejus
1385 3346 1522 3419 lapidibus
1543 3344 1674 3403 contundi
1701 3344 1788 3416 impe-

980 3445 1066 3493 ratur.
1087 3438 1183 3494 Denuo
1198 3444 1274 3493 reste
1288 3437 1449 3509 expoliatur,
1465 3435 1583 3511 flagellis
1605 3434 1734 3491 atrociter
1747 3432 1789 3489 di·

980 3526 1124 3594 laceratur,
1136 3524 1245 3583 demum
1261 3534 1289 3581 et
1303 3526 1410 3599 angelis
1425 3532 1452 3582 et
1466 3524 1623 3581 hominibus
1647 3526 1789 3597 spectacu-

979 3615 1036 3671 lum
1054 3614 1144 3671 faotus
1163 3630 1247 3687 super
1270 3615 1426 3671 craticulam
1450 3622 1590 3672 catenatus
1609 3613 1687 3671 vivus
1708 3628 1789 3669 assa·

980 3711 1035 3772 tur,
1051 3712 1077 3760 et
1092 3702 1132 3759 sic
1147 3702 1265 3759 invictus
1290 3704 1402 3775 spiritus
1423 3704 1483 3776 ejus
1494 3702 1609 3761 cestibus
1620 3708 1786 3769 sanctornm,

979 3791 1182 3867 ymnizantibus
1197 3793 1316 3867 angelis,
1332 3794 1360 3849 in
1374 3792 1455 3850 astris
1470 3793 1597 3849 sociatur.
1617 3790 1714 3847 Statim
1740 3808 1788 3847 sc-

980 3882 1108 3939 miustnm
1120 3896 1220 3953 corpus
1231 3882 1290 3951 ejus
1299 3884 1382 3955 eoepit
1390 3881 1453 3937 miri
1463 3880 1555 3938 odoris
1565 3878 1711 3953 fraglantia
1722 3879 1786 3951 (alc)

979 3972 1143 4036 exuberare,
1156 3971 1481 4040 protestansanimamin
1499 3977 1649 4041 conspeetu
1666 3984 1784 4025 summm

979 4063 1122 4121 suavitatis
1136 4064 1267 4121 exultare.
1285 4064 1429 4135 Postquam
1440 4060 1480 4118 sic
1490 4058 1652 4115 Laurentius
1664 4056 1788 4117 transisit

978 4173 1028 4231 per
1041 4155 1133 4230 ignem
1148 4157 1178 4211 in
1191 4152 1364 4223 refrigerium
1377 4150 1410 4219 (ιο
1421 4150 1472 4205 ent
1484 4156 1534 4221 ιι),
1546 4146 1671 4219 Ypolitus
1683 4146 1786 4219 sepeli-

979 4247 1017 4303 vit
1032 4262 1133 4318 corpus
1147 4247 1207 4315 ejus
1218 4243 1278 4315 jam
1294 4240 1394 4298 factum
1409 4239 1532 4295 solamen
1554 4234 1686 4293 tldelmm.
1707 4236 1785 4293 Unde

976 4336 1055 4407 jussu
1071 4336 1147 4391 Decii
1172 4330 1334 4389 amilitihus
1357 4329 1471 4400 capitur,
1494 4326 1614 4383 fustibus
1642 4333 1787 4394 mactatur,

979 4424 1127 4483 Valeriano
1143 4422 1271 4489 traditur,
1286 4420 1332 4493 qui
1345 4419 1427 4489 jussit
1441 4432 1551 4475 ornnem
1566 4414 1694 4472 familiam
1709 4431 1786 4473 suam

936 4515 1012 4576 Deo
1027 4521 1160 4587 prasente
1175 4510 1317 4577 decollari,
1336 4516 1365 4565 ct
1389 4516 1454 4565 tunc
1478 4507 1568 4579 ipsum
1592 4505 1629 4563 ad
1652 4505 1723 4563 colla
1745 4504 1787 4561 in-

976 4604 1144 4661 domitorum
1160 4616 1296 4674 equorum
1310 4598 1391 4671 ligari
1406 4605 1432 4654 et
1446 4596 1486 4653 sic
1500 4612 1551 4669 per
1566 4595 1686 4653 carduos
1702 4598 1729 4651 ιι
1740 4592 1787 4649 ιιι·

977 4694 1057 4751 balos
1073 4708 1138 4749 snos
1162 4688 1334 4747 mortificari.
1350 4688 1398 4743 llis
1421 4686 1566 4741 transactis
1593 4682 1696 4741 Decius
1723 4698 1785 4741 oum

976 4784 1123 4841 Valeriano
1139 4781 1167 4837 in
1182 4796 1266 4838 curru
1281 4792 1331 4835 suo
1346 4775 1487 4834 descendit
1501 4776 1535 4831 ad
1543 4772 1783 4847 amphitheatrum,

976 4878 1007 4930 ιιι
1022 4870 1122 4929 Christi
1140 4868 1265 4928 hostibus
1281 4866 1403 4940 praebeat
1417 4865 1452 4921 de
1466 4860 1627 4920 Christianis
1640 4868 1784 4934 spectacu-

977 4962 1068 5021 culum
1084 4974 1222 5033 :moxque
1247 4964 1364 5029 nterque
1385 4972 1403 5013 a
1422 4955 1546 5012 damone
1566 4958 1692 5023 arreptus
1713 4964 1799 5023 gra--

977 5052 1047 5109 viter
1061 5058 1195 5117 vexatur3
1214 5048 1286 5105 alter
1301 5062 1331 5103 se
1343 5062 1359 5101 a
1373 5042 1530 5111 Laurentio,
1546 5040 1653 5097 alterae
1663 5040 1699 5096 ab
1709 5040 1782 5115 fpo—

976 5141 1025 5198 lito
1039 5140 1128 5215 igneis
1142 5138 1251 5197 catonis
1266 5152 1296 5193 se
1312 5132 1464 5207 constringi
1474 5130 1630 5191 vociferans
1640 5136 1779 5201 protesta-

978 5241 1033 5289 tur.
1050 5231 1114 5288 llico
1130 5227 1291 5286 Valerianus
1305 5242 1321 5281 n
1336 5224 1460 5283 damone
1480 5218 1657 5295 praefocatur,
1683 5218 1784 5277 Decius

980 5322 1015 5378 ad
1030 5320 1166 5393 palacium
1178 5316 1317 5383 reductus,
1333 5313 1424 5371 triduo
1437 5328 1453 5367 a
1468 5308 1639 5368 daemonibus
1660 5307 1781 5382 agitatur

981 5410 1043 5467 sine
1057 5410 1218 5475 cessatione,
1235 5420 1306 5463 uano
1320 5420 1350 5461 se
1365 5418 1381 5459 a
1396 5399 1540 5461 Laurentio
1563 5414 1636 5455 nnnc
1657 5398 1691 5453 ab
1706 5397 1784 5469 Ypo·

979 5500 1027 5556 lito
1041 5498 1156 5557 cruciari
1171 5496 1351 5562 vociferatum
1368 5492 1477 5549 denium
1489 5488 1568 5547 tertia
1583 5487 1628 5545 die
1642 5502 1706 5545 cnm
1726 5502 1785 5543 ma-

979 5605 1035 5663 gno
1050 5594 1182 5645 tormento
1203 5586 1238 5643 de
1259 5598 1344 5642 carne
1363 5580 1499 5647 ¹evellitur,
1528 5584 1630 5637 ιιιιιιιι
1650 5584 1786 5636 tormenta

979 5686 1040 5744 sine
1053 5686 1106 5745 fine
1120 5685 1175 5758 pati
1189 5682 1372 5755 compellitur.
1391 5682 1466 5737 Tunc
1481 5676 1658 5751 Triphoniam
1672 5692 1786 5735 uxorem

980 5784 1056 5843 Decii
1075 5784 1213 5861 filiamque
1237 5782 1296 5852 ains
1318 5779 1448 5857 cyrillam
1473 5794 1508 5837 ac
1527 5776 1714 5853 quadraginta
1738 5788 1786 5833 sex
