<?xml version="1.0" encoding="UTF-8"?>
<!DOCTYPE html PUBLIC "-//W3C//DTD XHTML 1.0 Transitional//EN"
    "http://www.w3.org/TR/xhtml1/DTD/xhtml1-transitional.dtd">
<html xmlns="http://www.w3.org/1999/xhtml" xml:lang="en" lang="en">
 <head>
  <title>
</title>
<meta http-equiv="Content-Type" content="text/html;charset=utf-8" />
  <meta name='ocr-system' content='tesseract 3.04.00' />
  <meta name='ocr-capabilities' content='ocr_page ocr_carea ocr_par ocr_line ocrx_word'/>
</head>
<body>
  <div class='ocr_page' id='page_1' title='image "./patrologiaecurs120unkngoog_0666.png"; bbox 0 0 3942 6067; ppageno 0'>
   <div class='ocr_carea' id='block_1_1' title="bbox 210 296 1870 369">
    <p class='ocr_par' dir='ltr' id='par_1_1' title="bbox 210 296 1870 369">
     <span class='ocr_line' id='line_1_1' title="bbox 210 296 1870 369; baseline 0.005 -13"><span class='ocrx_word' id='word_1_1' title='bbox 210 313 278 367; x_wconf 76' lang='lat' dir='ltr'><strong>lats</strong></span> <span class='ocrx_word' id='word_1_2' title='bbox 719 299 877 357; x_wconf 79' lang='lat' dir='ltr'><strong>obstant</strong></span> <span class='ocrx_word' id='word_1_3' title='bbox 893 296 1176 354; x_wconf 81' lang='lat' dir='ltr'><strong>ttNGOLtSllENStS</strong></span> <span class='ocrx_word' id='word_1_4' title='bbox 1194 300 1353 359; x_wconf 71' lang='lat' dir='ltr'><strong>artscort</strong></span> <span class='ocrx_word' id='word_1_5' title='bbox 1800 314 1870 369; x_wconf 74' lang='lat' dir='ltr'><strong>laet</strong></span> 
     </span>
    </p>
   </div>
   <div class='ocr_carea' id='block_1_2' title="bbox 134 423 1872 2449">
    <p class='ocr_par' dir='ltr' id='par_1_2' title="bbox 134 423 1872 2012">
     <span class='ocr_line' id='line_1_2' title="bbox 211 423 1872 507; baseline -0.007 -17"><span class='ocrx_word' id='word_1_6' title='bbox 211 432 325 490; x_wconf 89' lang='lat' dir='ltr'><strong>nonicas</strong></span> <span class='ocrx_word' id='word_1_7' title='bbox 356 428 549 488; x_wconf 82' lang='lat' dir='ltr'><strong>excusationes</strong></span> <span class='ocrx_word' id='word_1_8' title='bbox 571 426 744 500; x_wconf 72' lang='lat' dir='ltr'><strong>praetendere</strong></span> <span class='ocrx_word' id='word_1_9' title='bbox 772 423 924 489; x_wconf 71' lang='lat' dir='ltr'><strong>audientes,</strong></span> <span class='ocrx_word' id='word_1_10' title='bbox 954 423 1051 483; x_wconf 81' lang='lat' dir='ltr'><strong>unaA</strong></span> <span class='ocrx_word' id='word_1_11' title='bbox 1066 438 1136 491; x_wconf 88' lang='lat' dir='ltr'><strong>mus,</strong></span> <span class='ocrx_word' id='word_1_12' title='bbox 1165 426 1334 499; x_wconf 81' lang='lat' dir='ltr'><strong>consilioque</strong></span> <span class='ocrx_word' id='word_1_13' title='bbox 1362 430 1515 501; x_wconf 89' lang='lat' dir='ltr'><strong>sapientum</strong></span> <span class='ocrx_word' id='word_1_14' title='bbox 1545 432 1662 490; x_wconf 87' lang='lat' dir='ltr'><strong>viromm</strong></span> <span class='ocrx_word' id='word_1_15' title='bbox 1697 436 1872 507; x_wconf 72' lang='lat' dir='ltr'><strong>adjudicavi.</strong></span> 
     </span>
     <span class='ocr_line' id='line_1_3' title="bbox 134 504 1869 589; baseline -0.007 -7"><span class='ocrx_word' id='word_1_16' title='bbox 134 504 144 517; x_wconf 56' lang='lat'>⁵</span> <span class='ocrx_word' id='word_1_17' title='bbox 213 538 274 580; x_wconf 88' lang='lat' dir='ltr'><strong>cam</strong></span> <span class='ocrx_word' id='word_1_18' title='bbox 289 520 419 576; x_wconf 85' lang='lat' dir='ltr'><strong>iratribus</strong></span> <span class='ocrx_word' id='word_1_19' title='bbox 434 518 536 575; x_wconf 91' lang='lat' dir='ltr'><strong>nostris</strong></span> <span class='ocrx_word' id='word_1_20' title='bbox 551 517 630 573; x_wconf 84' lang='lat' dir='ltr'><strong>Petro</strong></span> <span class='ocrx_word' id='word_1_21' title='bbox 653 513 817 572; x_wconf 77' lang='lat' dir='ltr'><strong>santonensi</strong></span> <span class='ocrx_word' id='word_1_22' title='bbox 832 513 929 579; x_wconf 91' lang='lat' dir='ltr'><strong>electo,</strong></span> <span class='ocrx_word' id='word_1_23' title='bbox 952 511 1010 565; x_wconf 83' lang='lat' dir='ltr'><strong>iiu-</strong></span> <span class='ocrx_word' id='word_1_24' title='bbox 1064 528 1133 581; x_wconf 88' lang='lat' dir='ltr'><strong>mus,</strong></span> <span class='ocrx_word' id='word_1_25' title='bbox 1150 522 1178 569; x_wconf 92' lang='lat' dir='ltr'><strong>ut</strong></span> <span class='ocrx_word' id='word_1_26' title='bbox 1192 516 1452 589; x_wconf 74' lang='lat' dir='ltr'><strong>Kamperlegienses</strong></span> <span class='ocrx_word' id='word_1_27' title='bbox 1478 521 1577 579; x_wconf 84' lang='lat' dir='ltr'><strong>iratres</strong></span> <span class='ocrx_word' id='word_1_28' title='bbox 1592 536 1654 579; x_wconf 89' lang='lat' dir='ltr'><strong>curn</strong></span> <span class='ocrx_word' id='word_1_29' title='bbox 1668 524 1797 581; x_wconf 74' lang='lat' dir='ltr'><strong>omnihus</strong></span> <span class='ocrx_word' id='word_1_30' title='bbox 1811 525 1869 581; x_wconf 71' lang='lat' dir='ltr'><strong>sibi</strong></span> 
     </span>
     <span class='ocr_line' id='line_1_4' title="bbox 211 599 1870 685; baseline -0.002 -17"><span class='ocrx_word' id='word_1_31' title='bbox 211 626 284 685; x_wconf 78' lang='lat' dir='ltr'><strong>gone</strong></span> <span class='ocrx_word' id='word_1_32' title='bbox 298 609 395 665; x_wconf 81' lang='lat' dir='ltr'><strong>abbate</strong></span> <span class='ocrx_word' id='word_1_33' title='bbox 417 606 507 664; x_wconf 87' lang='lat' dir='ltr'><strong>Sancti</strong></span> <span class='ocrx_word' id='word_1_34' title='bbox 531 604 669 677; x_wconf 81' lang='lat' dir='ltr'><strong>Eparchii,</strong></span> <span class='ocrx_word' id='word_1_35' title='bbox 686 602 768 659; x_wconf 89' lang='lat' dir='ltr'><strong>lterio</strong></span> <span class='ocrx_word' id='word_1_36' title='bbox 783 601 916 674; x_wconf 80' lang='lat' dir='ltr'><strong>magistro</strong></span> <span class='ocrx_word' id='word_1_37' title='bbox 929 599 1011 656; x_wconf 91' lang='lat' dir='ltr'><strong>scho-</strong></span> <span class='ocrx_word' id='word_1_38' title='bbox 1064 600 1162 657; x_wconf 89' lang='lat' dir='ltr'><strong>ablatis</strong></span> <span class='ocrx_word' id='word_1_39' title='bbox 1187 618 1219 659; x_wconf 87' lang='lat' dir='ltr'><strong>ev</strong></span> <span class='ocrx_word' id='word_1_40' title='bbox 1240 602 1349 679; x_wconf 78' lang='lat' dir='ltr'><strong>integro</strong></span> <span class='ocrx_word' id='word_1_41' title='bbox 1373 608 1527 675; x_wconf 90' lang='lat' dir='ltr'><strong>revestiret,</strong></span> <span class='ocrx_word' id='word_1_42' title='bbox 1557 610 1636 685; x_wconf 88' lang='lat' dir='ltr'><strong>alque</strong></span> <span class='ocrx_word' id='word_1_43' title='bbox 1664 621 1870 685; x_wconf 83' lang='lat' dir='ltr'><strong>competentem</strong></span> 
     </span>
     <span class='ocr_line' id='line_1_5' title="bbox 209 686 1867 773; baseline 0.003 -18"><span class='ocrx_word' id='word_1_44' title='bbox 209 700 300 757; x_wconf 87' lang='lat' dir='ltr'><strong>larum</strong></span> <span class='ocrx_word' id='word_1_45' title='bbox 312 696 484 763; x_wconf 83' lang='lat' dir='ltr'><strong>Santoneusi,</strong></span> <span class='ocrx_word' id='word_1_46' title='bbox 506 696 622 768; x_wconf 69' lang='lat' dir='ltr'><strong>liugane</strong></span> <span class='ocrx_word' id='word_1_47' title='bbox 635 690 852 751; x_wconf 81' lang='lat' dir='ltr'><strong>cenomannensi</strong></span> <span class='ocrx_word' id='word_1_48' title='bbox 866 686 1009 755; x_wconf 89' lang='lat' dir='ltr'><strong>canonico,</strong></span> <span class='ocrx_word' id='word_1_49' title='bbox 1065 691 1206 748; x_wconf 82' lang='lat' dir='ltr'><strong>terminum</strong></span> <span class='ocrx_word' id='word_1_50' title='bbox 1236 696 1408 764; x_wconf 78' lang='lat' dir='ltr'><strong>praefecimus</strong></span> <span class='ocrx_word' id='word_1_51' title='bbox 1430 714 1483 769; x_wconf 82' lang='lat' dir='ltr'><strong>quo</strong></span> <span class='ocrx_word' id='word_1_52' title='bbox 1513 700 1542 756; x_wconf 90' lang='lat' dir='ltr'><strong>id</strong></span> <span class='ocrx_word' id='word_1_53' title='bbox 1563 700 1714 772; x_wconf 87' lang='lat' dir='ltr'><strong>adimplere</strong></span> <span class='ocrx_word' id='word_1_54' title='bbox 1740 704 1867 773; x_wconf 79' lang='lat' dir='ltr'><strong>dobner,</strong></span> 
     </span>
     <span class='ocr_line' id='line_1_6' title="bbox 210 779 1869 856; baseline -0.005 -14"><span class='ocrx_word' id='word_1_55' title='bbox 210 787 363 844; x_wconf 85' lang='lat' dir='ltr'><strong>Gurbando</strong></span> <span class='ocrx_word' id='word_1_56' title='bbox 376 782 617 856; x_wconf 79' lang='lat' dir='ltr'><strong>Kamperlegicnsi</strong></span> <span class='ocrx_word' id='word_1_57' title='bbox 630 780 722 837; x_wconf 86' lang='lat' dir='ltr'><strong>abbati</strong></span> <span class='ocrx_word' id='word_1_58' title='bbox 737 779 926 834; x_wconf 76' lang='lat' dir='ltr'><strong>investituram</strong></span> <span class='ocrx_word' id='word_1_59' title='bbox 940 792 1010 847; x_wconf 84' lang='lat' dir='ltr'><strong>prra-</strong></span> <span class='ocrx_word' id='word_1_60' title='bbox 1063 779 1138 851; x_wconf 89' lang='lat' dir='ltr'><strong>quod</strong></span> <span class='ocrx_word' id='word_1_61' title='bbox 1153 781 1180 835; x_wconf 90' lang='lat' dir='ltr'><strong>ni</strong></span> <span class='ocrx_word' id='word_1_62' title='bbox 1196 780 1298 838; x_wconf 89' lang='lat' dir='ltr'><strong>laceret</strong></span> <span class='ocrx_word' id='word_1_63' title='bbox 1318 792 1346 840; x_wconf 91' lang='lat' dir='ltr'><strong>et</strong></span> <span class='ocrx_word' id='word_1_64' title='bbox 1359 786 1510 843; x_wconf 89' lang='lat' dir='ltr'><strong>sacerdotis</strong></span> <span class='ocrx_word' id='word_1_65' title='bbox 1532 795 1560 844; x_wconf 88' lang='lat' dir='ltr'><strong>et</strong></span> <span class='ocrx_word' id='word_1_66' title='bbox 1583 788 1690 846; x_wconf 72' lang='lat' dir='ltr'><strong>abbatie</strong></span> <span class='ocrx_word' id='word_1_67' title='bbox 1704 790 1825 849; x_wconf 58' lang='lat' dir='ltr'><strong>officium</strong></span> <span class='ocrx_word' id='word_1_68' title='bbox 1840 794 1869 849; x_wconf 63' lang='lat' dir='ltr'><strong>ep</strong></span> 
     </span>
     <span class='ocr_line' id='line_1_7' title="bbox 211 866 1869 944; baseline 0.003 -13"><span class='ocrx_word' id='word_1_69' title='bbox 211 874 291 933; x_wconf 82' lang='lat' dir='ltr'><strong>dictae</strong></span> <span class='ocrx_word' id='word_1_70' title='bbox 316 872 412 930; x_wconf 78' lang='lat' dir='ltr'><strong>insulse</strong></span> <span class='ocrx_word' id='word_1_71' title='bbox 439 872 590 944; x_wconf 86' lang='lat' dir='ltr'><strong>plenariam</strong></span> <span class='ocrx_word' id='word_1_72' title='bbox 619 867 836 939; x_wconf 75' lang='lat' dir='ltr'><strong>adjudicavimus</strong></span> <span class='ocrx_word' id='word_1_73' title='bbox 857 882 864 930; x_wconf 92' lang='grc'><strong>;</strong></span> <span class='ocrx_word' id='word_1_74' title='bbox 892 878 1009 935; x_wconf 86' lang='lat' dir='ltr'><strong>eumque</strong></span> <span class='ocrx_word' id='word_1_75' title='bbox 1062 866 1261 937; x_wconf 77' lang='lat' dir='ltr'><strong>interdiximus,</strong></span> <span class='ocrx_word' id='word_1_76' title='bbox 1274 870 1380 944; x_wconf 80' lang='lat' dir='ltr'><strong>sibique</strong></span> <span class='ocrx_word' id='word_1_77' title='bbox 1395 880 1422 929; x_wconf 92' lang='lat' dir='ltr'><strong>et</strong></span> <span class='ocrx_word' id='word_1_78' title='bbox 1437 875 1496 929; x_wconf 89' lang='lat' dir='ltr'><strong>suia</strong></span> <span class='ocrx_word' id='word_1_79' title='bbox 1509 876 1650 933; x_wconf 86' lang='lat' dir='ltr'><strong>monacbis</strong></span> <span class='ocrx_word' id='word_1_80' title='bbox 1663 878 1802 935; x_wconf 90' lang='lat' dir='ltr'><strong>introitum</strong></span> <span class='ocrx_word' id='word_1_81' title='bbox 1816 892 1869 937; x_wconf 84' lang='lat' dir='ltr'><strong>ea-</strong></span> 
     </span>
     <span class='ocr_line' id='line_1_8' title="bbox 210 952 1868 1038; baseline -0.002 -17"><span class='ocrx_word' id='word_1_82' title='bbox 210 972 341 1038; x_wconf 89' lang='lat' dir='ltr'><strong>quantum</strong></span> <span class='ocrx_word' id='word_1_83' title='bbox 368 962 404 1019; x_wconf 90' lang='lat' dir='ltr'><strong>ed</strong></span> <span class='ocrx_word' id='word_1_84' title='bbox 427 978 478 1018; x_wconf 86' lang='lat' dir='ltr'><strong>uos</strong></span> <span class='ocrx_word' id='word_1_85' title='bbox 505 959 634 1032; x_wconf 84' lang='lat' dir='ltr'><strong>pertinuit</strong></span> <span class='ocrx_word' id='word_1_86' title='bbox 660 958 738 1016; x_wconf 91' lang='lat' dir='ltr'><strong>salvo</strong></span> <span class='ocrx_word' id='word_1_87' title='bbox 758 957 819 1025; x_wconf 80' lang='lat' dir='ltr'><strong>jure</strong></span> <span class='ocrx_word' id='word_1_88' title='bbox 845 952 1009 1011; x_wconf 85' lang='lat' dir='ltr'><strong>ilotoneusis</strong></span> <span class='ocrx_word' id='word_1_89' title='bbox 1063 954 1154 1011; x_wconf 80' lang='lat' dir='ltr'><strong>clesiae</strong></span> <span class='ocrx_word' id='word_1_90' title='bbox 1173 956 1381 1028; x_wconf 82' lang='lat' dir='ltr'><strong>prohibuimus.</strong></span> <span class='ocrx_word' id='word_1_91' title='bbox 1409 962 1503 1019; x_wconf 83' lang='lat' dir='ltr'><strong>Abbas</strong></span> <span class='ocrx_word' id='word_1_92' title='bbox 1531 981 1598 1021; x_wconf 90' lang='lat' dir='ltr'><strong>vero</strong></span> <span class='ocrx_word' id='word_1_93' title='bbox 1625 967 1791 1025; x_wconf 83' lang='lat' dir='ltr'><strong>liotonensis</strong></span> <span class='ocrx_word' id='word_1_94' title='bbox 1814 985 1868 1024; x_wconf 74' lang='lat' dir='ltr'><strong>sua</strong></span> 
     </span>
     <span class='ocr_line' id='line_1_9' title="bbox 208 1038 1868 1126; baseline -0.001 -16"><span class='ocrx_word' id='word_1_95' title='bbox 208 1052 368 1109; x_wconf 87' lang='lat' dir='ltr'><strong>monasterii</strong></span> <span class='ocrx_word' id='word_1_96' title='bbox 382 1049 582 1116; x_wconf 78' lang='lat' dir='ltr'><strong>investivimus,</strong></span> <span class='ocrx_word' id='word_1_97' title='bbox 597 1056 678 1121; x_wconf 90' lang='lat' dir='ltr'><strong>atque</strong></span> <span class='ocrx_word' id='word_1_98' title='bbox 692 1045 783 1102; x_wconf 91' lang='lat' dir='ltr'><strong>abbati</strong></span> <span class='ocrx_word' id='word_1_99' title='bbox 795 1040 944 1101; x_wconf 85' lang='lat' dir='ltr'><strong>Rotonensi</strong></span> <span class='ocrx_word' id='word_1_100' title='bbox 959 1038 1010 1113; x_wconf 88' lang='lat' dir='ltr'><strong>qui</strong></span> <span class='ocrx_word' id='word_1_101' title='bbox 1063 1044 1352 1120; x_wconf 74' lang='lat' dir='ltr'><strong>Kemperlepiensibus</strong></span> <span class='ocrx_word' id='word_1_102' title='bbox 1394 1049 1526 1107; x_wconf 86' lang='lat' dir='ltr'><strong>iratribus</strong></span> <span class='ocrx_word' id='word_1_103' title='bbox 1559 1068 1616 1109; x_wconf 89' lang='lat' dir='ltr'><strong>aon</strong></span> <span class='ocrx_word' id='word_1_104' title='bbox 1653 1055 1783 1126; x_wconf 88' lang='lat' dir='ltr'><strong>restituit,</strong></span> <span class='ocrx_word' id='word_1_105' title='bbox 1810 1072 1868 1113; x_wconf 89' lang='lat' dir='ltr'><strong>no-</strong></span> 
     </span>
     <span class='ocr_line' id='line_1_10' title="bbox 206 1129 1869 1215; baseline -0.008 0"><span class='ocrx_word' id='word_1_106' title='bbox 206 1157 330 1215; x_wconf 65' lang='lat' dir='ltr'><strong>llloesfflss</strong></span> <span class='ocrx_word' id='word_1_107' title='bbox 343 1141 449 1208; x_wconf 62' lang='lat' dir='ltr'><strong>&amp;demi</strong></span> <span class='ocrx_word' id='word_1_108' title='bbox 466 1137 648 1212; x_wconf 56' lang='lat' dir='ltr'><strong>timebimus</strong></span> <span class='ocrx_word' id='word_1_109' title='bbox 669 1146 698 1191; x_wconf 95' lang='lat' dir='ltr'><strong>ut</strong></span> <span class='ocrx_word' id='word_1_110' title='bbox 714 1133 839 1191; x_wconf 67' lang='lat' dir='ltr'><strong>imminet</strong></span> <span class='ocrx_word' id='word_1_111' title='bbox 854 1146 921 1187; x_wconf 71' lang='lat' dir='ltr'><strong>suos</strong></span> <span class='ocrx_word' id='word_1_112' title='bbox 944 1129 1009 1185; x_wconf 79' lang='lat' dir='ltr'><strong>inde</strong></span> <span class='ocrx_word' id='word_1_113' title='bbox 1062 1141 1147 1189; x_wconf 90' lang='lat' dir='ltr'><strong>strum</strong></span> <span class='ocrx_word' id='word_1_114' title='bbox 1174 1135 1351 1194; x_wconf 90' lang='lat' dir='ltr'><strong>interdictum</strong></span> <span class='ocrx_word' id='word_1_115' title='bbox 1375 1138 1431 1195; x_wconf 88' lang='lat' dir='ltr'><strong>imo</strong></span> <span class='ocrx_word' id='word_1_116' title='bbox 1453 1150 1556 1198; x_wconf 79' lang='lat' dir='ltr'><strong>sanctae</strong></span> <span class='ocrx_word' id='word_1_117' title='bbox 1579 1142 1708 1200; x_wconf 75' lang='lat' dir='ltr'><strong>Romane</strong></span> <span class='ocrx_word' id='word_1_118' title='bbox 1731 1145 1869 1203; x_wconf 78' lang='lat' dir='ltr'><strong>Ecclesiae</strong></span> 
     </span>
     <span class='ocr_line' id='line_1_11' title="bbox 206 1220 1865 1301; baseline 0.002 -14"><span class='ocrx_word' id='word_1_119' title='bbox 206 1239 358 1301; x_wconf 85' lang='lat' dir='ltr'><strong>revocaret,</strong></span> <span class='ocrx_word' id='word_1_120' title='bbox 386 1238 412 1285; x_wconf 91' lang='lat' dir='ltr'><strong>et</strong></span> <span class='ocrx_word' id='word_1_121' title='bbox 437 1228 529 1285; x_wconf 89' lang='lat' dir='ltr'><strong>abbati</strong></span> <span class='ocrx_word' id='word_1_122' title='bbox 557 1222 795 1297; x_wconf 73' lang='lat' dir='ltr'><strong>Kemperlegiensi</strong></span> <span class='ocrx_word' id='word_1_123' title='bbox 818 1220 1008 1277; x_wconf 89' lang='lat' dir='ltr'><strong>investituram</strong></span> <span class='ocrx_word' id='word_1_124' title='bbox 1062 1220 1152 1295; x_wconf 75' lang='lat' dir='ltr'><strong>fregit,</strong></span> <span class='ocrx_word' id='word_1_125' title='bbox 1168 1232 1194 1279; x_wconf 91' lang='lat' dir='ltr'><strong>et</strong></span> <span class='ocrx_word' id='word_1_126' title='bbox 1209 1226 1297 1283; x_wconf 86' lang='lat' dir='ltr'><strong>adhuc</strong></span> <span class='ocrx_word' id='word_1_127' title='bbox 1312 1226 1441 1301; x_wconf 78' lang='lat' dir='ltr'><strong>frangere</strong></span> <span class='ocrx_word' id='word_1_128' title='bbox 1456 1230 1606 1300; x_wconf 75' lang='lat' dir='ltr'><strong>presumit.</strong></span> <span class='ocrx_word' id='word_1_129' title='bbox 1637 1232 1715 1289; x_wconf 86' lang='lat' dir='ltr'><strong>Unde</strong></span> <span class='ocrx_word' id='word_1_130' title='bbox 1730 1233 1865 1291; x_wconf 81' lang='lat' dir='ltr'><strong>fraterni-</strong></span> 
     </span>
     <span class='ocr_line' id='line_1_12' title="bbox 207 1306 1866 1399; baseline -0.008 -22"><span class='ocrx_word' id='word_1_131' title='bbox 207 1336 288 1399; x_wconf 83' lang='lat' dir='ltr'><strong>suam</strong></span> <span class='ocrx_word' id='word_1_132' title='bbox 314 1320 404 1392; x_wconf 92' lang='lat' dir='ltr'><strong>quiete</strong></span> <span class='ocrx_word' id='word_1_133' title='bbox 428 1317 586 1372; x_wconf 90' lang='lat' dir='ltr'><strong>dimitteret.</strong></span> <span class='ocrx_word' id='word_1_134' title='bbox 616 1313 801 1369; x_wconf 79' lang='lat' dir='ltr'><strong>interfuerunt</strong></span> <span class='ocrx_word' id='word_1_135' title='bbox 827 1317 917 1365; x_wconf 90' lang='lat' dir='ltr'><strong>autom</strong></span> <span class='ocrx_word' id='word_1_136' title='bbox 945 1306 1009 1365; x_wconf 90' lang='lat' dir='ltr'><strong>huic</strong></span> <span class='ocrx_word' id='word_1_137' title='bbox 1061 1311 1109 1367; x_wconf 87' lang='lat' dir='ltr'><strong>tati</strong></span> <span class='ocrx_word' id='word_1_138' title='bbox 1128 1320 1228 1371; x_wconf 79' lang='lat' dir='ltr'><strong>vestre</strong></span> <span class='ocrx_word' id='word_1_139' title='bbox 1242 1315 1403 1373; x_wconf 87' lang='lat' dir='ltr'><strong>mandamus</strong></span> <span class='ocrx_word' id='word_1_140' title='bbox 1426 1326 1454 1373; x_wconf 91' lang='lat' dir='ltr'><strong>ut</strong></span> <span class='ocrx_word' id='word_1_141' title='bbox 1473 1318 1501 1373; x_wconf 90' lang='lat' dir='ltr'><strong>iu</strong></span> <span class='ocrx_word' id='word_1_142' title='bbox 1521 1319 1646 1377; x_wconf 88' lang='lat' dir='ltr'><strong>ecclesiis</strong></span> <span class='ocrx_word' id='word_1_143' title='bbox 1667 1328 1693 1377; x_wconf 92' lang='lat' dir='ltr'><strong>et</strong></span> <span class='ocrx_word' id='word_1_144' title='bbox 1716 1322 1866 1381; x_wconf 88' lang='lat' dir='ltr'><strong>conventi.</strong></span> 
     </span>
     <span class='ocr_line' id='line_1_13' title="bbox 206 1396 1864 1478; baseline 0.001 -13"><span class='ocrx_word' id='word_1_145' title='bbox 206 1417 301 1466; x_wconf 88' lang='lat' dir='ltr'><strong>nostro</strong></span> <span class='ocrx_word' id='word_1_146' title='bbox 326 1407 429 1477; x_wconf 88' lang='lat' dir='ltr'><strong>judicio</strong></span> <span class='ocrx_word' id='word_1_147' title='bbox 453 1404 576 1477; x_wconf 80' lang='lat' dir='ltr'><strong>praedicti</strong></span> <span class='ocrx_word' id='word_1_148' title='bbox 600 1404 697 1459; x_wconf 85' lang='lat' dir='ltr'><strong>iratres</strong></span> <span class='ocrx_word' id='word_1_149' title='bbox 718 1401 764 1473; x_wconf 91' lang='lat' dir='ltr'><strong>qui</strong></span> <span class='ocrx_word' id='word_1_150' title='bbox 784 1414 840 1454; x_wconf 93' lang='lat' dir='ltr'><strong>una</strong></span> <span class='ocrx_word' id='word_1_151' title='bbox 863 1396 1007 1453; x_wconf 90' lang='lat' dir='ltr'><strong>nobiscum</strong></span> <span class='ocrx_word' id='word_1_152' title='bbox 1061 1399 1111 1455; x_wconf 92' lang='lat' dir='ltr'><strong>bus</strong></span> <span class='ocrx_word' id='word_1_153' title='bbox 1126 1402 1224 1457; x_wconf 90' lang='lat' dir='ltr'><strong>vestris</strong></span> <span class='ocrx_word' id='word_1_154' title='bbox 1239 1418 1300 1459; x_wconf 88' lang='lat' dir='ltr'><strong>eam</strong></span> <span class='ocrx_word' id='word_1_155' title='bbox 1311 1404 1467 1475; x_wconf 87' lang='lat' dir='ltr'><strong>publicetis,</strong></span> <span class='ocrx_word' id='word_1_156' title='bbox 1484 1414 1511 1463; x_wconf 89' lang='lat' dir='ltr'><strong>et</strong></span> <span class='ocrx_word' id='word_1_157' title='bbox 1526 1423 1576 1478; x_wconf 92' lang='lat' dir='ltr'><strong>pro</strong></span> <span class='ocrx_word' id='word_1_158' title='bbox 1591 1409 1764 1468; x_wconf 88' lang='lat' dir='ltr'><strong>schismatico</strong></span> <span class='ocrx_word' id='word_1_159' title='bbox 1774 1419 1802 1468; x_wconf 87' lang='lat' dir='ltr'><strong>et</strong></span> <span class='ocrx_word' id='word_1_160' title='bbox 1810 1429 1864 1468; x_wconf 83' lang='lat' dir='ltr'><strong>ea-</strong></span> 
     </span>
     <span class='ocr_line' id='line_1_14' title="bbox 203 1484 1862 1569; baseline 0.001 -15"><span class='ocrx_word' id='word_1_161' title='bbox 203 1499 407 1569; x_wconf 87' lang='lat' dir='ltr'><strong>judicaverunt,</strong></span> <span class='ocrx_word' id='word_1_162' title='bbox 423 1494 561 1551; x_wconf 86' lang='lat' dir='ltr'><strong>Renaldus</strong></span> <span class='ocrx_word' id='word_1_163' title='bbox 589 1506 699 1564; x_wconf 86' lang='lat' dir='ltr'><strong>quoque</strong></span> <span class='ocrx_word' id='word_1_164' title='bbox 726 1488 803 1562; x_wconf 91' lang='lat' dir='ltr'><strong>prior</strong></span> <span class='ocrx_word' id='word_1_165' title='bbox 819 1484 1004 1550; x_wconf 81' lang='lat' dir='ltr'><strong>vertanensis,</strong></span> <span class='ocrx_word' id='word_1_166' title='bbox 1060 1490 1262 1548; x_wconf 86' lang='lat' dir='ltr'><strong>communicato</strong></span> <span class='ocrx_word' id='word_1_167' title='bbox 1276 1492 1410 1559; x_wconf 88' lang='lat' dir='ltr'><strong>habeatis,</strong></span> <span class='ocrx_word' id='word_1_168' title='bbox 1426 1502 1453 1550; x_wconf 87' lang='lat' dir='ltr'><strong>et</strong></span> <span class='ocrx_word' id='word_1_169' title='bbox 1467 1496 1637 1567; x_wconf 80' lang='lat' dir='ltr'><strong>parochianis</strong></span> <span class='ocrx_word' id='word_1_170' title='bbox 1654 1500 1755 1557; x_wconf 88' lang='lat' dir='ltr'><strong>vestris</strong></span> <span class='ocrx_word' id='word_1_171' title='bbox 1768 1516 1862 1557; x_wconf 88' lang='lat' dir='ltr'><strong>enun-</strong></span> 
     </span>
     <span class='ocr_line' id='line_1_15' title="bbox 205 1572 1862 1655; baseline -0.008 -12"><span class='ocrx_word' id='word_1_172' title='bbox 205 1587 281 1655; x_wconf 85' lang='lat' dir='ltr'><strong>Tiso,</strong></span> <span class='ocrx_word' id='word_1_173' title='bbox 298 1584 402 1655; x_wconf 77' lang='lat' dir='ltr'><strong>vitalis,</strong></span> <span class='ocrx_word' id='word_1_174' title='bbox 424 1580 609 1638; x_wconf 90' lang='lat' dir='ltr'><strong>Nannetensis</strong></span> <span class='ocrx_word' id='word_1_175' title='bbox 622 1577 744 1651; x_wconf 89' lang='lat' dir='ltr'><strong>episcopi</strong></span> <span class='ocrx_word' id='word_1_176' title='bbox 758 1576 860 1642; x_wconf 89' lang='lat' dir='ltr'><strong>clerici,</strong></span> <span class='ocrx_word' id='word_1_177' title='bbox 891 1572 1005 1629; x_wconf 86' lang='lat' dir='ltr'><strong>Guillcl·</strong></span> <span class='ocrx_word' id='word_1_178' title='bbox 1058 1576 1131 1631; x_wconf 89' lang='lat' dir='ltr'><strong>lietis</strong></span> <span class='ocrx_word' id='word_1_179' title='bbox 1153 1587 1285 1650; x_wconf 83' lang='lat' dir='ltr'><strong>quatenus</strong></span> <span class='ocrx_word' id='word_1_180' title='bbox 1310 1582 1465 1638; x_wconf 76' lang='lat' dir='ltr'><strong>liotonnnse</strong></span> <span class='ocrx_word' id='word_1_181' title='bbox 1489 1585 1686 1641; x_wconf 65' lang='lat' dir='ltr'><strong>monasterium</strong></span> <span class='ocrx_word' id='word_1_182' title='bbox 1709 1602 1763 1643; x_wconf 89' lang='lat' dir='ltr'><strong>noo</strong></span> <span class='ocrx_word' id='word_1_183' title='bbox 1792 1588 1862 1643; x_wconf 63' lang='lat' dir='ltr'><strong>pisi.</strong></span> 
     </span>
     <span class='ocr_line' id='line_1_16' title="bbox 204 1661 1862 1741; baseline -0.008 -10"><span class='ocrx_word' id='word_1_184' title='bbox 204 1692 276 1741; x_wconf 90' lang='lat' dir='ltr'><strong>mus,</strong></span> <span class='ocrx_word' id='word_1_185' title='bbox 291 1671 494 1736; x_wconf 90' lang='lat' dir='ltr'><strong>Guardrardus,</strong></span> <span class='ocrx_word' id='word_1_186' title='bbox 510 1668 684 1735; x_wconf 90' lang='lat' dir='ltr'><strong>Guillelmus,</strong></span> <span class='ocrx_word' id='word_1_187' title='bbox 701 1664 849 1731; x_wconf 89' lang='lat' dir='ltr'><strong>Geraldus,</strong></span> <span class='ocrx_word' id='word_1_188' title='bbox 866 1661 1005 1717; x_wconf 79' lang='lat' dir='ltr'><strong>tiroaldus</strong></span> <span class='ocrx_word' id='word_1_189' title='bbox 1058 1672 1125 1735; x_wconf 89' lang='lat' dir='ltr'><strong>tent,</strong></span> <span class='ocrx_word' id='word_1_190' title='bbox 1142 1680 1193 1723; x_wconf 91' lang='lat' dir='ltr'><strong>noc</strong></span> <span class='ocrx_word' id='word_1_191' title='bbox 1207 1682 1237 1723; x_wconf 91' lang='lat' dir='ltr'><strong>se</strong></span> <span class='ocrx_word' id='word_1_192' title='bbox 1252 1668 1287 1723; x_wconf 89' lang='lat' dir='ltr'><strong>ad</strong></span> <span class='ocrx_word' id='word_1_193' title='bbox 1302 1668 1466 1741; x_wconf 88' lang='lat' dir='ltr'><strong>sepulturam</strong></span> <span class='ocrx_word' id='word_1_194' title='bbox 1482 1670 1519 1727; x_wconf 87' lang='lat' dir='ltr'><strong>ihi</strong></span> <span class='ocrx_word' id='word_1_195' title='bbox 1536 1672 1658 1729; x_wconf 74' lang='lat' dir='ltr'><strong>tradunt,</strong></span> <span class='ocrx_word' id='word_1_196' title='bbox 1680 1674 1710 1729; x_wconf 76' lang='lat' dir='ltr'><strong>{n</strong></span> <span class='ocrx_word' id='word_1_197' title='bbox 1725 1674 1862 1731; x_wconf 62' lang='lat' dir='ltr'><strong>obedien.</strong></span> 
     </span>
     <span class='ocr_line' id='line_1_17' title="bbox 206 1749 1862 1831; baseline -0.005 -12"><span class='ocrx_word' id='word_1_198' title='bbox 206 1764 393 1819; x_wconf 88' lang='lat' dir='ltr'><strong>Santonenses</strong></span> <span class='ocrx_word' id='word_1_199' title='bbox 416 1760 520 1825; x_wconf 88' lang='lat' dir='ltr'><strong>clerici,</strong></span> <span class='ocrx_word' id='word_1_200' title='bbox 546 1757 708 1821; x_wconf 86' lang='lat' dir='ltr'><strong>llicbardus,</strong></span> <span class='ocrx_word' id='word_1_201' title='bbox 724 1755 856 1821; x_wconf 88' lang='lat' dir='ltr'><strong>lubanus,</strong></span> <span class='ocrx_word' id='word_1_202' title='bbox 873 1751 1044 1829; x_wconf 75' lang='lat' dir='ltr'><strong>haimon-13</strong></span> <span class='ocrx_word' id='word_1_203' title='bbox 1059 1749 1226 1822; x_wconf 88' lang='lat' dir='ltr'><strong>tiisquoqae</strong></span> <span class='ocrx_word' id='word_1_204' title='bbox 1243 1762 1268 1808; x_wconf 88' lang='lat' dir='ltr'><strong>at</strong></span> <span class='ocrx_word' id='word_1_205' title='bbox 1282 1753 1359 1809; x_wconf 88' lang='lat' dir='ltr'><strong>cellis</strong></span> <span class='ocrx_word' id='word_1_206' title='bbox 1376 1770 1469 1810; x_wconf 85' lang='lat' dir='ltr'><strong>eorum</strong></span> <span class='ocrx_word' id='word_1_207' title='bbox 1485 1771 1554 1827; x_wconf 86' lang='lat' dir='ltr'><strong>quas</strong></span> <span class='ocrx_word' id='word_1_208' title='bbox 1575 1754 1603 1811; x_wconf 89' lang='lat' dir='ltr'><strong>in</strong></span> <span class='ocrx_word' id='word_1_209' title='bbox 1627 1758 1727 1813; x_wconf 88' lang='lat' dir='ltr'><strong>vestris</strong></span> <span class='ocrx_word' id='word_1_210' title='bbox 1750 1760 1862 1831; x_wconf 86' lang='lat' dir='ltr'><strong>episeo-</strong></span> 
     </span>
     <span class='ocr_line' id='line_1_18' title="bbox 205 1839 1862 1919; baseline -0.002 -12"><span class='ocrx_word' id='word_1_211' title='bbox 205 1852 267 1919; x_wconf 92' lang='lat' dir='ltr'><strong>dus,</strong></span> <span class='ocrx_word' id='word_1_212' title='bbox 281 1850 428 1914; x_wconf 71' lang='lat' dir='ltr'><strong>aldradus,</strong></span> <span class='ocrx_word' id='word_1_213' title='bbox 442 1847 581 1903; x_wconf 79' lang='lat' dir='ltr'><strong>&#39;leduinus</strong></span> <span class='ocrx_word' id='word_1_214' title='bbox 596 1844 821 1917; x_wconf 80' lang='lat' dir='ltr'><strong>Engolismeusas</strong></span> <span class='ocrx_word' id='word_1_215' title='bbox 834 1840 963 1897; x_wconf 89' lang='lat' dir='ltr'><strong>canonici</strong></span> <span class='ocrx_word' id='word_1_216' title='bbox 977 1847 1006 1895; x_wconf 88' lang='lat' dir='ltr'><strong>et</strong></span> <span class='ocrx_word' id='word_1_217' title='bbox 1060 1839 1168 1910; x_wconf 88' lang='lat' dir='ltr'><strong>petibus</strong></span> <span class='ocrx_word' id='word_1_218' title='bbox 1179 1841 1276 1897; x_wconf 86' lang='lat' dir='ltr'><strong>habent</strong></span> <span class='ocrx_word' id='word_1_219' title='bbox 1290 1842 1415 1899; x_wconf 86' lang='lat' dir='ltr'><strong>divinum</strong></span> <span class='ocrx_word' id='word_1_220' title='bbox 1428 1842 1548 1901; x_wconf 86' lang='lat' dir='ltr'><strong>cilicium</strong></span> <span class='ocrx_word' id='word_1_221' title='bbox 1564 1844 1621 1901; x_wconf 86' lang='lat' dir='ltr'><strong>lieri</strong></span> <span class='ocrx_word' id='word_1_222' title='bbox 1638 1846 1793 1917; x_wconf 89' lang='lat' dir='ltr'><strong>prohibete.</strong></span> <span class='ocrx_word' id='word_1_223' title='bbox 1812 1850 1862 1905; x_wconf 88' lang='lat' dir='ltr'><strong>la-</strong></span> 
     </span>
     <span class='ocr_line' id='line_1_19' title="bbox 203 1932 1863 2012; baseline -0.003 -16"><span class='ocrx_word' id='word_1_224' title='bbox 203 1940 298 2012; x_wconf 89' lang='lat' dir='ltr'><strong>plures</strong></span> <span class='ocrx_word' id='word_1_225' title='bbox 313 1938 358 1994; x_wconf 91' lang='lat' dir='ltr'><strong>alii</strong></span> <span class='ocrx_word' id='word_1_226' title='bbox 374 1936 469 1995; x_wconf 90' lang='lat' dir='ltr'><strong>clerici</strong></span> <span class='ocrx_word' id='word_1_227' title='bbox 483 1934 601 1992; x_wconf 89' lang='lat' dir='ltr'><strong>etlaiei.</strong></span> <span class='ocrx_word' id='word_1_228' title='bbox 1061 1942 1144 2000; x_wconf 89' lang='lat' dir='ltr'><strong>super</strong></span> <span class='ocrx_word' id='word_1_229' title='bbox 1171 1944 1204 1985; x_wconf 84' lang='lat' dir='ltr'><strong>ex</strong></span> <span class='ocrx_word' id='word_1_230' title='bbox 1233 1940 1310 2001; x_wconf 89' lang='lat' dir='ltr'><strong>parte</strong></span> <span class='ocrx_word' id='word_1_231' title='bbox 1341 1940 1435 1989; x_wconf 74' lang='lat' dir='ltr'><strong>nemra</strong></span> <span class='ocrx_word' id='word_1_232' title='bbox 1465 1932 1609 1990; x_wconf 59' lang='lat' dir='ltr'><strong>&amp;uanum</strong></span> <span class='ocrx_word' id='word_1_233' title='bbox 1637 1935 1764 1992; x_wconf 88' lang='lat' dir='ltr'><strong>comitem</strong></span> <span class='ocrx_word' id='word_1_234' title='bbox 1793 1936 1863 1992; x_wconf 88' lang='lat' dir='ltr'><strong>dili-</strong></span> 
     </span>
    </p>

    <p class='ocr_par' dir='ltr' id='par_1_3' title="bbox 201 2014 1862 2275">
     <span class='ocr_line' id='line_1_20' title="bbox 239 2014 1859 2096; baseline -0.001 -13"><span class='ocrx_word' id='word_1_235' title='bbox 239 2028 273 2083; x_wconf 87' lang='lat' dir='ltr'><strong>Et</strong></span> <span class='ocrx_word' id='word_1_236' title='bbox 287 2033 316 2082; x_wconf 91' lang='lat' dir='ltr'><strong>ut</strong></span> <span class='ocrx_word' id='word_1_237' title='bbox 331 2027 385 2082; x_wconf 89' lang='lat' dir='ltr'><strong>hoc</strong></span> <span class='ocrx_word' id='word_1_238' title='bbox 411 2031 537 2080; x_wconf 90' lang='lat' dir='ltr'><strong>nostrum</strong></span> <span class='ocrx_word' id='word_1_239' title='bbox 562 2022 695 2092; x_wconf 74' lang='lat' dir='ltr'><strong>iudicium</strong></span> <span class='ocrx_word' id='word_1_240' title='bbox 724 2014 830 2074; x_wconf 69' lang='lat' dir='ltr'><strong>firmius</strong></span> <span class='ocrx_word' id='word_1_241' title='bbox 856 2026 883 2074; x_wconf 91' lang='lat' dir='ltr'><strong>et</strong></span> <span class='ocrx_word' id='word_1_242' title='bbox 905 2015 1007 2074; x_wconf 89' lang='lat' dir='ltr'><strong>certius</strong></span> <span class='ocrx_word' id='word_1_243' title='bbox 1062 2027 1158 2089; x_wconf 76' lang='lat' dir='ltr'><strong>genter</strong></span> <span class='ocrx_word' id='word_1_244' title='bbox 1185 2020 1339 2087; x_wconf 84' lang='lat' dir='ltr'><strong>convenite,</strong></span> <span class='ocrx_word' id='word_1_245' title='bbox 1368 2029 1397 2076; x_wconf 91' lang='lat' dir='ltr'><strong>ut</strong></span> <span class='ocrx_word' id='word_1_246' title='bbox 1424 2020 1499 2078; x_wconf 88' lang='lat' dir='ltr'><strong>inira</strong></span> <span class='ocrx_word' id='word_1_247' title='bbox 1527 2023 1637 2096; x_wconf 74' lang='lat' dir='ltr'><strong>triginta</strong></span> <span class='ocrx_word' id='word_1_248' title='bbox 1667 2024 1727 2081; x_wconf 87' lang='lat' dir='ltr'><strong>dies</strong></span> <span class='ocrx_word' id='word_1_249' title='bbox 1755 2032 1859 2081; x_wconf 90' lang='lat' dir='ltr'><strong>tantam</strong></span> 
     </span>
     <span class='ocr_line' id='line_1_21' title="bbox 201 2105 1862 2189; baseline -0.002 -18"><span class='ocrx_word' id='word_1_250' title='bbox 201 2105 373 2189; x_wconf 87' lang='lat' dir='ltr'><strong>permaneat,</strong></span> <span class='ocrx_word' id='word_1_251' title='bbox 391 2113 501 2187; x_wconf 91' lang='lat' dir='ltr'><strong>propria</strong></span> <span class='ocrx_word' id='word_1_252' title='bbox 522 2127 607 2166; x_wconf 88' lang='lat' dir='ltr'><strong>manu</strong></span> <span class='ocrx_word' id='word_1_253' title='bbox 630 2118 724 2166; x_wconf 87' lang='lat' dir='ltr'><strong>nostra</strong></span> <span class='ocrx_word' id='word_1_254' title='bbox 748 2106 960 2178; x_wconf 80' lang='lat' dir='ltr'><strong>subscripsimus</strong></span> <span class='ocrx_word' id='word_1_255' title='bbox 979 2121 1007 2177; x_wconf 65' lang='lat' dir='ltr'><strong>ep</strong></span> <span class='ocrx_word' id='word_1_256' title='bbox 1062 2113 1172 2179; x_wconf 86' lang='lat' dir='ltr'><strong>tamque</strong></span> <span class='ocrx_word' id='word_1_257' title='bbox 1200 2118 1443 2179; x_wconf 75' lang='lat' dir='ltr'><strong>presumptuosam</strong></span> <span class='ocrx_word' id='word_1_258' title='bbox 1470 2110 1640 2168; x_wconf 88' lang='lat' dir='ltr'><strong>invasionem</strong></span> <span class='ocrx_word' id='word_1_259' title='bbox 1666 2113 1771 2187; x_wconf 85' lang='lat' dir='ltr'><strong>absque</strong></span> <span class='ocrx_word' id='word_1_260' title='bbox 1792 2114 1862 2170; x_wconf 92' lang='lat' dir='ltr'><strong>dila·</strong></span> 
     </span>
     <span class='ocr_line' id='line_1_22' title="bbox 203 2194 1862 2275; baseline -0.01 -13"><span class='ocrx_word' id='word_1_261' title='bbox 203 2204 371 2263; x_wconf 87' lang='lat' dir='ltr'><strong>auctoritatis</strong></span> <span class='ocrx_word' id='word_1_262' title='bbox 385 2210 487 2259; x_wconf 77' lang='lat' dir='ltr'><strong>nostrae</strong></span> <span class='ocrx_word' id='word_1_263' title='bbox 500 2200 594 2275; x_wconf 72' lang='lat' dir='ltr'><strong>sigillo</strong></span> <span class='ocrx_word' id='word_1_264' title='bbox 608 2198 711 2255; x_wconf 90' lang='lat' dir='ltr'><strong>muniri</strong></span> <span class='ocrx_word' id='word_1_265' title='bbox 728 2197 856 2254; x_wconf 83' lang='lat' dir='ltr'><strong>lecimus.</strong></span> <span class='ocrx_word' id='word_1_266' title='bbox 1061 2194 1135 2252; x_wconf 91' lang='lat' dir='ltr'><strong>tione</strong></span> <span class='ocrx_word' id='word_1_267' title='bbox 1150 2196 1271 2269; x_wconf 77' lang='lat' dir='ltr'><strong>corrigat</strong></span> <span class='ocrx_word' id='word_1_268' title='bbox 1288 2214 1295 2255; x_wconf 76' lang='grc' dir='ltr'><strong><em>ε</em></strong></span> <span class='ocrx_word' id='word_1_269' title='bbox 1320 2199 1392 2270; x_wconf 87' lang='lat' dir='ltr'><strong>quod</strong></span> <span class='ocrx_word' id='word_1_270' title='bbox 1408 2198 1436 2254; x_wconf 89' lang='lat' dir='ltr'><strong>ni</strong></span> <span class='ocrx_word' id='word_1_271' title='bbox 1459 2198 1563 2269; x_wconf 83' lang='lat' dir='ltr'><strong>iecerit,</strong></span> <span class='ocrx_word' id='word_1_272' title='bbox 1579 2199 1608 2255; x_wconf 87' lang='lat' dir='ltr'><strong>in</strong></span> <span class='ocrx_word' id='word_1_273' title='bbox 1622 2216 1683 2256; x_wconf 83' lang='lat' dir='ltr'><strong>enm</strong></span> <span class='ocrx_word' id='word_1_274' title='bbox 1694 2210 1720 2257; x_wconf 76' lang='lat' dir='ltr'><strong>et</strong></span> <span class='ocrx_word' id='word_1_275' title='bbox 1734 2202 1761 2257; x_wconf 74' lang='lat' dir='ltr'><strong>in</strong></span> <span class='ocrx_word' id='word_1_276' title='bbox 1776 2205 1862 2258; x_wconf 69' lang='lat' dir='ltr'><strong>torm</strong></span> 
     </span>
    </p>

    <p class='ocr_par' dir='ltr' id='par_1_4' title="bbox 201 2284 1858 2449">
     <span class='ocr_line' id='line_1_23' title="bbox 234 2284 1858 2363; baseline -0.009 -12"><span class='ocrx_word' id='word_1_277' title='bbox 234 2295 336 2351; x_wconf 76' lang='lat' dir='ltr'><strong>Actum</strong></span> <span class='ocrx_word' id='word_1_278' title='bbox 351 2300 392 2349; x_wconf 90' lang='lat' dir='ltr'><strong>est</strong></span> <span class='ocrx_word' id='word_1_279' title='bbox 406 2299 497 2348; x_wconf 91' lang='lat' dir='ltr'><strong>autem</strong></span> <span class='ocrx_word' id='word_1_280' title='bbox 517 2289 688 2363; x_wconf 71' lang='lat' dir='ltr'><strong>Eupolismae</strong></span> <span class='ocrx_word' id='word_1_281' title='bbox 716 2302 788 2342; x_wconf 89' lang='lat' dir='ltr'><strong>anno</strong></span> <span class='ocrx_word' id='word_1_282' title='bbox 807 2284 1005 2343; x_wconf 87' lang='lat' dir='ltr'><strong>iucarnationis</strong></span> <span class='ocrx_word' id='word_1_283' title='bbox 1060 2291 1165 2340; x_wconf 88' lang='lat' dir='ltr'><strong>terram</strong></span> <span class='ocrx_word' id='word_1_284' title='bbox 1189 2300 1268 2341; x_wconf 89' lang='lat' dir='ltr'><strong>suam</strong></span> <span class='ocrx_word' id='word_1_285' title='bbox 1294 2286 1417 2360; x_wconf 70' lang='lat' dir='ltr'><strong>plantum</strong></span> <span class='ocrx_word' id='word_1_286' title='bbox 1440 2288 1529 2345; x_wconf 91' lang='lat' dir='ltr'><strong>sancti</strong></span> <span class='ocrx_word' id='word_1_287' title='bbox 1554 2288 1672 2361; x_wconf 89' lang='lat' dir='ltr'><strong>Spiritus</strong></span> <span class='ocrx_word' id='word_1_288' title='bbox 1699 2290 1858 2347; x_wconf 60' lang='lat' dir='ltr'><strong>terribiliter</strong></span> 
     </span>
     <span class='ocr_line' id='line_1_24' title="bbox 201 2374 1218 2449; baseline -0.012 -8"><span class='ocrx_word' id='word_1_289' title='bbox 201 2380 588 2441; x_wconf 86' lang='lat' dir='ltr'><strong>Dominicaelll&#39;lindictiona</strong></span> <span class='ocrx_word' id='word_1_290' title='bbox 596 2378 712 2445; x_wconf 90' lang='lat' dir='ltr'><strong>decima,</strong></span> <span class='ocrx_word' id='word_1_291' title='bbox 723 2383 857 2449; x_wconf 75' lang='lat' dir='ltr'><strong>regnante</strong></span> <span class='ocrx_word' id='word_1_292' title='bbox 866 2374 1005 2431; x_wconf 84' lang='lat' dir='ltr'><strong>Ludom&#39;co</strong></span> <span class='ocrx_word' id='word_1_293' title='bbox 1060 2389 1218 2430; x_wconf 81' lang='lat' dir='ltr'><strong>exeremus.</strong></span> 
     </span>
    </p>
   </div>
   <div class='ocr_carea' id='block_1_3' title="bbox 200 2445 1542 2545">
    <p class='ocr_par' dir='ltr' id='par_1_5' title="bbox 200 2445 1542 2545">
     <span class='ocr_line' id='line_1_25' title="bbox 200 2445 1542 2545; baseline -0.021 -18"><span class='ocrx_word' id='word_1_294' title='bbox 200 2488 266 2545; x_wconf 78' lang='lat' dir='ltr'><strong>rege</strong></span> <span class='ocrx_word' id='word_1_295' title='bbox 281 2472 460 2541; x_wconf 81' lang='lat' dir='ltr'><strong>Francorum,</strong></span> <span class='ocrx_word' id='word_1_296' title='bbox 478 2468 554 2543; x_wconf 76' lang='lat' dir='ltr'><strong>regis</strong></span> <span class='ocrx_word' id='word_1_297' title='bbox 570 2466 689 2540; x_wconf 89' lang='lat' dir='ltr'><strong>Philippi</strong></span> <span class='ocrx_word' id='word_1_298' title='bbox 703 2464 771 2521; x_wconf 87' lang='lat' dir='ltr'><strong>lilio.</strong></span> <span class='ocrx_word' id='word_1_299' title='bbox 1431 2445 1481 2503; x_wconf 86' lang='lat' dir='ltr'><strong>vt.</strong></span> <span class='ocrx_word' id='word_1_300' title='bbox 1539 2492 1542 2497; x_wconf 95' lang='lat'><strong>.</strong></span> 
     </span>
    </p>
   </div>
   <div class='ocr_carea' id='block_1_4' title="bbox 583 2568 1860 2704">
    <p class='ocr_par' dir='ltr' id='par_1_6' title="bbox 583 2568 1860 2704">
     <span class='ocr_line' id='line_1_26' title="bbox 583 2568 1859 2678; baseline 0.012 -61"><span class='ocrx_word' id='word_1_301' title='bbox 583 2620 619 2678; x_wconf 65' lang='lat' dir='ltr'>w</span> <span class='ocrx_word' id='word_1_302' title='bbox 1060 2568 1130 2625; x_wconf 84' lang='lat' dir='ltr'><strong>ilem</strong></span> <span class='ocrx_word' id='word_1_303' title='bbox 1153 2568 1257 2626; x_wconf 80' lang='lat' dir='ltr'><strong>littere</strong></span> <span class='ocrx_word' id='word_1_304' title='bbox 1284 2568 1412 2657; x_wconf 74' lang='lat' dir='ltr'><strong>ejusdem</strong></span> <span class='ocrx_word' id='word_1_305' title='bbox 1439 2571 1476 2629; x_wconf 84' lang='lat' dir='ltr'><strong>od</strong></span> <span class='ocrx_word' id='word_1_306' title='bbox 1504 2572 1639 2631; x_wconf 76' lang='lat' dir='ltr'><strong>Heraeam</strong></span> <span class='ocrx_word' id='word_1_307' title='bbox 1673 2574 1859 2660; x_wconf 68' lang='lat' dir='ltr'><strong>tibiurensem</strong></span> 
     </span>
     <span class='ocr_line' id='line_1_27' title="bbox 621 2640 1860 2704; baseline 0.011 -14"><span class='ocrx_word' id='word_1_308' title='bbox 621 2660 629 2676; x_wconf 90' lang='lat'><strong>·</strong></span> <span class='ocrx_word' id='word_1_309' title='bbox 1094 2640 1271 2698; x_wconf 85' lang='lat' dir='ltr'><strong>abbatemde</strong></span> <span class='ocrx_word' id='word_1_310' title='bbox 1285 2643 1431 2701; x_wconf 77' lang='lat' dir='ltr'><strong>tarascone</strong></span> <span class='ocrx_word' id='word_1_311' title='bbox 1445 2646 1531 2701; x_wconf 81' lang='lat' dir='ltr'><strong>Belle</strong></span> <span class='ocrx_word' id='word_1_312' title='bbox 1553 2645 1860 2704; x_wconf 76' lang='lat' dir='ltr'><strong>tmtoeetderaeoe-</strong></span> 
     </span>
    </p>
   </div>
   <div class='ocr_carea' id='block_1_5' title="bbox 198 2712 1862 2913">
    <p class='ocr_par' dir='ltr' id='par_1_7' title="bbox 198 2712 1862 2913">
     <span class='ocr_line' id='line_1_28' title="bbox 198 2712 1220 2832; baseline -0.023 -23"><span class='ocrx_word' id='word_1_313' title='bbox 198 2752 319 2813; x_wconf 80' lang='lat' dir='ltr'><strong>Litterae</strong></span> <span class='ocrx_word' id='word_1_314' title='bbox 333 2753 404 2809; x_wconf 82' lang='lat' dir='ltr'><strong>ilem</strong></span> <span class='ocrx_word' id='word_1_315' title='bbox 420 2750 509 2823; x_wconf 81' lang='lat' dir='ltr'><strong>lopati</strong></span> <span class='ocrx_word' id='word_1_316' title='bbox 532 2746 658 2832; x_wconf 75' lang='lat' dir='ltr'><strong>ejusdem</strong></span> <span class='ocrx_word' id='word_1_317' title='bbox 677 2745 714 2802; x_wconf 88' lang='lat' dir='ltr'><strong>ad</strong></span> <span class='ocrx_word' id='word_1_318' title='bbox 734 2746 898 2803; x_wconf 83' lang='lat' dir='ltr'><strong>iloroonom</strong></span> <span class='ocrx_word' id='word_1_319' title='bbox 917 2744 1003 2803; x_wconf 77' lang='lat' dir='ltr'><strong>Vene-</strong></span> <span class='ocrx_word' id='word_1_320' title='bbox 1093 2712 1220 2771; x_wconf 56' lang='lat' dir='ltr'><strong>dmm·</strong></span> 
     </span>
     <span class='ocr_line' id='line_1_29' title="bbox 450 2826 1862 2913; baseline -0.02 5"><span class='ocrx_word' id='word_1_321' title='bbox 450 2826 560 2878; x_wconf 47' lang='lat' dir='ltr'><strong>*mem</strong></span> <span class='ocrx_word' id='word_1_322' title='bbox 574 2834 750 2891; x_wconf 65' lang='lat' dir='ltr'><strong>⁰p²⁸⁶⁰p¹m¹·</strong></span> <span class='ocrx_word' id='word_1_323' title='bbox 1094 2832 1259 2903; x_wconf 82' lang='lat' dir='ltr'><strong>Graanous,</strong></span> <span class='ocrx_word' id='word_1_324' title='bbox 1273 2836 1493 2912; x_wconf 63' lang='lat' dir='ltr'><strong>lingulismeusis</strong></span> <span class='ocrx_word' id='word_1_325' title='bbox 1504 2840 1686 2913; x_wconf 79' lang='lat' dir='ltr'><strong>episcoparet</strong></span> <span class='ocrx_word' id='word_1_326' title='bbox 1696 2848 1798 2899; x_wconf 68' lang='lat' dir='ltr'><strong>sancta</strong></span> <span class='ocrx_word' id='word_1_327' title='bbox 1809 2840 1862 2898; x_wconf 81' lang='lat' dir='ltr'><strong>tto-</strong></span> 
     </span>
    </p>
   </div>
   <div class='ocr_carea' id='block_1_6' title="bbox 234 2926 1861 3015">
    <p class='ocr_par' dir='ltr' id='par_1_8' title="bbox 234 2926 1861 3015">
     <span class='ocr_line' id='line_1_30' title="bbox 234 2926 1861 3015; baseline -0.015 -10"><span class='ocrx_word' id='word_1_328' title='bbox 234 2946 397 3014; x_wconf 85' lang='lat' dir='ltr'><strong>Gratauus,</strong></span> <span class='ocrx_word' id='word_1_329' title='bbox 412 2944 631 3015; x_wconf 74' lang='lat' dir='ltr'><strong>[ingolismensis</strong></span> <span class='ocrx_word' id='word_1_330' title='bbox 646 2942 831 3015; x_wconf 87' lang='lat' dir='ltr'><strong>episcopuset</strong></span> <span class='ocrx_word' id='word_1_331' title='bbox 846 2949 931 2997; x_wconf 79' lang='lat' dir='ltr'><strong>sante</strong></span> <span class='ocrx_word' id='word_1_332' title='bbox 945 2941 1003 2999; x_wconf 86' lang='lat' dir='ltr'><strong>llo·</strong></span> <span class='ocrx_word' id='word_1_333' title='bbox 1057 2937 1146 2981; x_wconf 57' lang='lat' dir='ltr'><strong>mm&amp;</strong></span> <span class='ocrx_word' id='word_1_334' title='bbox 1177 2926 1311 2985; x_wconf 51' lang='lat' dir='ltr'><strong>30⁰¹&amp;ae</strong></span> <span class='ocrx_word' id='word_1_335' title='bbox 1338 2927 1457 3001; x_wconf 65' lang='lat' dir='ltr'><strong>lesbius,</strong></span> <span class='ocrx_word' id='word_1_336' title='bbox 1485 2928 1603 2985; x_wconf 80' lang='lat' dir='ltr'><strong>Haavao</strong></span> <span class='ocrx_word' id='word_1_337' title='bbox 1632 2929 1782 2987; x_wconf 84' lang='lat' dir='ltr'><strong>llotoneusi</strong></span> <span class='ocrx_word' id='word_1_338' title='bbox 1808 2930 1861 2987; x_wconf 81' lang='lat' dir='ltr'><strong>ab·</strong></span> 
     </span>
    </p>
   </div>
   <div class='ocr_carea' id='block_1_7' title="bbox 198 3012 1862 3189">
    <p class='ocr_par' dir='ltr' id='par_1_9' title="bbox 198 3012 1862 3189">
     <span class='ocr_line' id='line_1_31' title="bbox 198 3012 1126 3106; baseline -0.014 -12"><span class='ocrx_word' id='word_1_339' title='bbox 198 3052 287 3093; x_wconf 82' lang='lat' dir='ltr'><strong>mauae</strong></span> <span class='ocrx_word' id='word_1_340' title='bbox 296 3028 1000 3106; x_wconf 75' lang='lat' dir='ltr'><strong>Ecclesiaelegatus,lionvarrolleueteusiepiseopo,</strong></span> <span class='ocrx_word' id='word_1_341' title='bbox 1057 3012 1126 3070; x_wconf 58' lang='lat' dir='ltr'><strong>blis-</strong></span> 
     </span>
     <span class='ocr_line' id='line_1_32' title="bbox 201 3104 1862 3189; baseline -0.01 -8"><span class='ocrx_word' id='word_1_342' title='bbox 201 3127 318 3183; x_wconf 90' lang='lat' dir='ltr'><strong>salutem</strong></span> <span class='ocrx_word' id='word_1_343' title='bbox 332 3132 358 3180; x_wconf 95' lang='lat' dir='ltr'><strong>ot</strong></span> <span class='ocrx_word' id='word_1_344' title='bbox 372 3120 605 3179; x_wconf 87' lang='lat' dir='ltr'><strong>benedictionem.</strong></span> <span class='ocrx_word' id='word_1_345' title='bbox 1016 3124 1042 3189; x_wconf 70' lang='lat' dir='ltr'><strong>c</strong></span> <span class='ocrx_word' id='word_1_346' title='bbox 1094 3105 1124 3159; x_wconf 92' lang='lat' dir='ltr'><strong>ln</strong></span> <span class='ocrx_word' id='word_1_347' title='bbox 1139 3104 1254 3162; x_wconf 79' lang='lat' dir='ltr'><strong>exordio</strong></span> <span class='ocrx_word' id='word_1_348' title='bbox 1270 3104 1393 3177; x_wconf 76' lang='lat' dir='ltr'><strong>epistole</strong></span> <span class='ocrx_word' id='word_1_349' title='bbox 1406 3114 1434 3164; x_wconf 91' lang='lat' dir='ltr'><strong>te</strong></span> <span class='ocrx_word' id='word_1_350' title='bbox 1448 3107 1607 3176; x_wconf 84' lang='lat' dir='ltr'><strong>salutarem,</strong></span> <span class='ocrx_word' id='word_1_351' title='bbox 1627 3108 1680 3165; x_wconf 91' lang='lat' dir='ltr'><strong>nisi</strong></span> <span class='ocrx_word' id='word_1_352' title='bbox 1694 3107 1756 3181; x_wconf 87' lang='lat' dir='ltr'><strong>quia</strong></span> <span class='ocrx_word' id='word_1_353' title='bbox 1772 3108 1862 3165; x_wconf 90' lang='lat' dir='ltr'><strong>inter-</strong></span> 
     </span>
    </p>
   </div>
   <div class='ocr_carea' id='block_1_8' title="bbox 236 3192 1970 3272">
    <p class='ocr_par' dir='ltr' id='par_1_10' title="bbox 236 3192 1970 3272">
     <span class='ocr_line' id='line_1_33' title="bbox 236 3192 1970 3272; baseline -0.002 -15"><span class='ocrx_word' id='word_1_354' title='bbox 236 3216 303 3272; x_wconf 78' lang='lat' dir='ltr'><strong>Cum</strong></span> <span class='ocrx_word' id='word_1_355' title='bbox 317 3211 418 3270; x_wconf 62' lang='lat' dir='ltr'><strong>[palpes</strong></span> <span class='ocrx_word' id='word_1_356' title='bbox 432 3211 520 3268; x_wconf 70' lang='lat' dir='ltr'><strong>nostri</strong></span> <span class='ocrx_word' id='word_1_357' title='bbox 541 3210 663 3267; x_wconf 61' lang='lat' dir='ltr'><strong>Heraeus</strong></span> <span class='ocrx_word' id='word_1_358' title='bbox 686 3208 774 3265; x_wconf 66' lang='lat' dir='ltr'><strong>abhas</strong></span> <span class='ocrx_word' id='word_1_359' title='bbox 794 3206 961 3267; x_wconf 62' lang='lat' dir='ltr'><strong>amonensis</strong></span> <span class='ocrx_word' id='word_1_360' title='bbox 974 3214 1002 3263; x_wconf 62' lang='lat' dir='ltr'><strong>et</strong></span> <span class='ocrx_word' id='word_1_361' title='bbox 1056 3192 1159 3249; x_wconf 84' lang='lat' dir='ltr'><strong>diclum</strong></span> <span class='ocrx_word' id='word_1_362' title='bbox 1175 3202 1300 3250; x_wconf 79' lang='lat' dir='ltr'><strong>nostrum</strong></span> <span class='ocrx_word' id='word_1_363' title='bbox 1323 3196 1486 3264; x_wconf 70' lang='lat' dir='ltr'><strong>contemnis,</strong></span> <span class='ocrx_word' id='word_1_364' title='bbox 1511 3207 1539 3254; x_wconf 71' lang='lat' dir='ltr'><strong>Ol</strong></span> <span class='ocrx_word' id='word_1_365' title='bbox 1562 3212 1623 3255; x_wconf 81' lang='lat' dir='ltr'><strong>cum</strong></span> <span class='ocrx_word' id='word_1_366' title='bbox 1648 3198 1791 3256; x_wconf 66' lang='lat' dir='ltr'><strong>mombis</strong></span> <span class='ocrx_word' id='word_1_367' title='bbox 1806 3198 1863 3255; x_wconf 69' lang='lat' dir='ltr'><strong>illi³</strong></span> <span class='ocrx_word' id='word_1_368' title='bbox 1969 3244 1970 3253; x_wconf 74' lang='lat'><strong>.</strong></span> 
     </span>
    </p>
   </div>
   <div class='ocr_carea' id='block_1_9' title="bbox 199 3282 1863 4069">
    <p class='ocr_par' dir='ltr' id='par_1_11' title="bbox 199 3282 1863 3905">
     <span class='ocr_line' id='line_1_34' title="bbox 200 3282 1862 3371; baseline -0.009 -13"><span class='ocrx_word' id='word_1_369' title='bbox 200 3302 365 3361; x_wconf 83' lang='lat' dir='ltr'><strong>Gurbandus</strong></span> <span class='ocrx_word' id='word_1_370' title='bbox 378 3302 465 3357; x_wconf 88' lang='lat' dir='ltr'><strong>abbas</strong></span> <span class='ocrx_word' id='word_1_371' title='bbox 480 3297 735 3371; x_wconf 73' lang='lat' dir='ltr'><strong>Kamperlegiensis</strong></span> <span class='ocrx_word' id='word_1_372' title='bbox 758 3312 905 3369; x_wconf 68' lang='lat' dir='ltr'><strong>promum</strong></span> <span class='ocrx_word' id='word_1_373' title='bbox 919 3296 1002 3353; x_wconf 70' lang='lat' dir='ltr'>[3011ae</span> <span class='ocrx_word' id='word_1_374' title='bbox 1057 3282 1236 3339; x_wconf 88' lang='lat' dir='ltr'><strong>schismaticis</strong></span> <span class='ocrx_word' id='word_1_375' title='bbox 1265 3283 1343 3341; x_wconf 84' lang='lat' dir='ltr'><strong>lactis</strong></span> <span class='ocrx_word' id='word_1_376' title='bbox 1367 3285 1487 3342; x_wconf 82' lang='lat' dir='ltr'><strong>scienter</strong></span> <span class='ocrx_word' id='word_1_377' title='bbox 1508 3286 1668 3359; x_wconf 82' lang='lat' dir='ltr'><strong>participas.</strong></span> <span class='ocrx_word' id='word_1_378' title='bbox 1696 3286 1862 3360; x_wconf 77' lang='lat' dir='ltr'><strong>Apostolieae</strong></span> 
     </span>
     <span class='ocr_line' id='line_1_35' title="bbox 200 3371 1860 3459; baseline -0.002 -26"><span class='ocrx_word' id='word_1_379' title='bbox 200 3390 300 3448; x_wconf 61' lang='lat' dir='ltr'><strong>lngulae</strong></span> <span class='ocrx_word' id='word_1_380' title='bbox 315 3388 430 3447; x_wconf 56' lang='lat' dir='ltr'><strong>incuria</strong></span> <span class='ocrx_word' id='word_1_381' title='bbox 443 3397 541 3443; x_wconf 59' lang='lat' dir='ltr'><strong>nostra</strong></span> <span class='ocrx_word' id='word_1_382' title='bbox 565 3394 714 3459; x_wconf 47' lang='lat' dir='ltr'><strong>praesentes</strong></span> <span class='ocrx_word' id='word_1_383' title='bbox 732 3386 871 3450; x_wconf 55' lang='lat' dir='ltr'><strong>adessem,</strong></span> <span class='ocrx_word' id='word_1_384' title='bbox 893 3386 1001 3454; x_wconf 59' lang='lat' dir='ltr'><strong>judica.</strong></span> <span class='ocrx_word' id='word_1_385' title='bbox 1056 3371 1192 3443; x_wconf 89' lang='lat' dir='ltr'><strong>siquidem</strong></span> <span class='ocrx_word' id='word_1_386' title='bbox 1216 3372 1291 3431; x_wconf 87' lang='lat' dir='ltr'><strong>sedis</strong></span> <span class='ocrx_word' id='word_1_387' title='bbox 1316 3374 1529 3431; x_wconf 86' lang='lat' dir='ltr'><strong>auctoritatate</strong></span> <span class='ocrx_word' id='word_1_388' title='bbox 1553 3376 1709 3445; x_wconf 87' lang='lat' dir='ltr'><strong>invitamus,</strong></span> <span class='ocrx_word' id='word_1_389' title='bbox 1734 3384 1764 3430; x_wconf 92' lang='lat' dir='ltr'><strong>ut</strong></span> <span class='ocrx_word' id='word_1_390' title='bbox 1789 3390 1860 3432; x_wconf 89' lang='lat' dir='ltr'><strong>con-</strong></span> 
     </span>
     <span class='ocr_line' id='line_1_36' title="bbox 200 3460 1862 3551; baseline -0.01 -15"><span class='ocrx_word' id='word_1_391' title='bbox 200 3480 293 3536; x_wconf 90' lang='lat' dir='ltr'><strong>vimus</strong></span> <span class='ocrx_word' id='word_1_392' title='bbox 304 3477 376 3551; x_wconf 87' lang='lat' dir='ltr'><strong>quod</strong></span> <span class='ocrx_word' id='word_1_393' title='bbox 390 3477 474 3533; x_wconf 89' lang='lat' dir='ltr'><strong>abbas</strong></span> <span class='ocrx_word' id='word_1_394' title='bbox 488 3473 653 3535; x_wconf 84' lang='lat' dir='ltr'><strong>liotoneusis</strong></span> <span class='ocrx_word' id='word_1_395' title='bbox 668 3474 940 3547; x_wconf 74' lang='lat' dir='ltr'><strong>Kamperlegieusem</strong></span> <span class='ocrx_word' id='word_1_396' title='bbox 954 3474 1002 3529; x_wconf 89' lang='lat' dir='ltr'><strong>ab·</strong></span> <span class='ocrx_word' id='word_1_397' title='bbox 1057 3460 1120 3517; x_wconf 64' lang='lat'><strong>⁰15⁰</strong></span> <span class='ocrx_word' id='word_1_398' title='bbox 1135 3460 1209 3534; x_wconf 73' lang='grc' dir='ltr'><strong>(ῐῦοᾶ</strong></span> <span class='ocrx_word' id='word_1_399' title='bbox 1223 3460 1251 3517; x_wconf 70' lang='lat' dir='ltr'><strong>iu</strong></span> <span class='ocrx_word' id='word_1_400' title='bbox 1266 3462 1388 3519; x_wconf 68' lang='lat' dir='ltr'><strong>sessttndt</strong></span> <span class='ocrx_word' id='word_1_401' title='bbox 1411 3464 1587 3521; x_wconf 76' lang='lat' dir='ltr'><strong>hebdomada</strong></span> <span class='ocrx_word' id='word_1_402' title='bbox 1608 3462 1775 3521; x_wconf 86' lang='lat' dir='ltr'><strong>imminentis</strong></span> <span class='ocrx_word' id='word_1_403' title='bbox 1790 3480 1862 3549; x_wconf 57' lang='lat' dir='ltr'><strong>quaj</strong></span> 
     </span>
     <span class='ocr_line' id='line_1_37' title="bbox 199 3550 1862 3634; baseline -0.001 -11"><span class='ocrx_word' id='word_1_404' title='bbox 199 3569 293 3625; x_wconf 89' lang='lat' dir='ltr'><strong>batem</strong></span> <span class='ocrx_word' id='word_1_405' title='bbox 306 3566 341 3624; x_wconf 93' lang='lat' dir='ltr'><strong>de</strong></span> <span class='ocrx_word' id='word_1_406' title='bbox 354 3564 430 3623; x_wconf 86' lang='lat' dir='ltr'><strong>Bella</strong></span> <span class='ocrx_word' id='word_1_407' title='bbox 444 3563 538 3620; x_wconf 89' lang='lat' dir='ltr'><strong>lnsula</strong></span> <span class='ocrx_word' id='word_1_408' title='bbox 551 3562 703 3631; x_wconf 89' lang='lat' dir='ltr'><strong>investiret,</strong></span> <span class='ocrx_word' id='word_1_409' title='bbox 721 3562 851 3634; x_wconf 89' lang='lat' dir='ltr'><strong>quonism</strong></span> <span class='ocrx_word' id='word_1_410' title='bbox 867 3578 930 3618; x_wconf 93' lang='lat' dir='ltr'><strong>eum</strong></span> <span class='ocrx_word' id='word_1_411' title='bbox 942 3562 1003 3619; x_wconf 90' lang='lat' dir='ltr'><strong>siue</strong></span> <span class='ocrx_word' id='word_1_412' title='bbox 1057 3550 1221 3621; x_wconf 75' lang='lat' dir='ltr'><strong>dragesimae</strong></span> <span class='ocrx_word' id='word_1_413' title='bbox 1242 3550 1410 3625; x_wconf 69' lang='lat' dir='ltr'><strong>Essss⁰li⁵mae</strong></span> <span class='ocrx_word' id='word_1_414' title='bbox 1433 3553 1600 3610; x_wconf 64' lang='lat' dir='ltr'><strong>(lelebffllltli</strong></span> <span class='ocrx_word' id='word_1_415' title='bbox 1628 3570 1734 3623; x_wconf 68' lang='lat' dir='ltr'><strong>Sumus»</strong></span> <span class='ocrx_word' id='word_1_416' title='bbox 1755 3560 1862 3609; x_wconf 63' lang='lat'><strong>¹2⁰¹0²²</strong></span> 
     </span>
     <span class='ocr_line' id='line_1_38' title="bbox 200 3638 1863 3724; baseline -0.002 -22"><span class='ocrx_word' id='word_1_417' title='bbox 200 3655 379 3716; x_wconf 56' lang='lat' dir='ltr'><strong>audientiam</strong></span> <span class='ocrx_word' id='word_1_418' title='bbox 391 3653 496 3724; x_wconf 70' lang='lat' dir='ltr'><strong>judicio</strong></span> <span class='ocrx_word' id='word_1_419' title='bbox 511 3652 580 3709; x_wconf 70' lang='lat' dir='ltr'><strong>laica</strong></span> <span class='ocrx_word' id='word_1_420' title='bbox 602 3667 686 3708; x_wconf 76' lang='lat' dir='ltr'><strong>manu</strong></span> <span class='ocrx_word' id='word_1_421' title='bbox 716 3652 931 3722; x_wconf 58' lang='lat' dir='ltr'><strong>exspoliaverat,</strong></span> <span class='ocrx_word' id='word_1_422' title='bbox 959 3652 1003 3708; x_wconf 66' lang='lat' dir='ltr'><strong>,td</strong></span> <span class='ocrx_word' id='word_1_423' title='bbox 1056 3638 1130 3694; x_wconf 92' lang='lat' dir='ltr'><strong>omni</strong></span> <span class='ocrx_word' id='word_1_424' title='bbox 1145 3638 1303 3708; x_wconf 87' lang='lat' dir='ltr'><strong>occasione,</strong></span> <span class='ocrx_word' id='word_1_425' title='bbox 1319 3640 1443 3711; x_wconf 89' lang='lat' dir='ltr'><strong>intersis,</strong></span> <span class='ocrx_word' id='word_1_426' title='bbox 1459 3642 1494 3699; x_wconf 91' lang='lat' dir='ltr'><strong>de</strong></span> <span class='ocrx_word' id='word_1_427' title='bbox 1508 3642 1649 3699; x_wconf 86' lang='lat' dir='ltr'><strong>invasione</strong></span> <span class='ocrx_word' id='word_1_428' title='bbox 1663 3642 1746 3699; x_wconf 75' lang='lat' dir='ltr'><strong>Belle</strong></span> <span class='ocrx_word' id='word_1_429' title='bbox 1760 3641 1863 3699; x_wconf 79' lang='lat' dir='ltr'><strong>lnsulae</strong></span> 
     </span>
     <span class='ocr_line' id='line_1_39' title="bbox 201 3728 1862 3819; baseline -0.008 -18"><span class='ocrx_word' id='word_1_430' title='bbox 201 3760 284 3819; x_wconf 90' lang='lat' dir='ltr'><strong>quam</strong></span> <span class='ocrx_word' id='word_1_431' title='bbox 298 3743 487 3800; x_wconf 89' lang='lat' dir='ltr'><strong>investituram</strong></span> <span class='ocrx_word' id='word_1_432' title='bbox 503 3740 627 3813; x_wconf 86' lang='lat' dir='ltr'><strong>plenarie</strong></span> <span class='ocrx_word' id='word_1_433' title='bbox 641 3740 796 3797; x_wconf 85' lang='lat' dir='ltr'><strong>laciendum</strong></span> <span class='ocrx_word' id='word_1_434' title='bbox 811 3740 901 3796; x_wconf 91' lang='lat' dir='ltr'><strong>minus</strong></span> <span class='ocrx_word' id='word_1_435' title='bbox 924 3757 1003 3797; x_wconf 90' lang='lat' dir='ltr'><strong>meu·</strong></span> <span class='ocrx_word' id='word_1_436' title='bbox 1057 3735 1084 3785; x_wconf 75' lang='grc' dir='ltr'><strong>θῑ</strong></span> <span class='ocrx_word' id='word_1_437' title='bbox 1104 3728 1139 3784; x_wconf 74' lang='lat'><strong>&lt;¹0</strong></span> <span class='ocrx_word' id='word_1_438' title='bbox 1157 3728 1341 3786; x_wconf 88' lang='lat' dir='ltr'><strong>inobedientis</strong></span> <span class='ocrx_word' id='word_1_439' title='bbox 1363 3730 1436 3805; x_wconf 86' lang='lat' dir='ltr'><strong>quod</strong></span> <span class='ocrx_word' id='word_1_440' title='bbox 1461 3732 1565 3803; x_wconf 81' lang='lat' dir='ltr'><strong>justitia</strong></span> <span class='ocrx_word' id='word_1_441' title='bbox 1589 3730 1734 3790; x_wconf 83' lang='lat' dir='ltr'><strong>dictaverit</strong></span> <span class='ocrx_word' id='word_1_442' title='bbox 1761 3746 1862 3788; x_wconf 86' lang='lat' dir='ltr'><strong>susce-</strong></span> 
     </span>
     <span class='ocr_line' id='line_1_40' title="bbox 203 3823 1166 3905; baseline 0 -16"><span class='ocrx_word' id='word_1_443' title='bbox 203 3836 241 3889; x_wconf 89' lang='lat' dir='ltr'><strong>sis</strong></span> <span class='ocrx_word' id='word_1_444' title='bbox 257 3833 373 3905; x_wconf 91' lang='lat' dir='ltr'><strong>spatium</strong></span> <span class='ocrx_word' id='word_1_445' title='bbox 394 3831 542 3888; x_wconf 91' lang='lat' dir='ltr'><strong>terminum</strong></span> <span class='ocrx_word' id='word_1_446' title='bbox 568 3829 720 3903; x_wconf 89' lang='lat' dir='ltr'><strong>posuimus,</strong></span> <span class='ocrx_word' id='word_1_447' title='bbox 742 3836 769 3885; x_wconf 91' lang='lat' dir='ltr'><strong>et</strong></span> <span class='ocrx_word' id='word_1_448' title='bbox 789 3829 843 3885; x_wconf 93' lang='lat' dir='ltr'><strong>nisi</strong></span> <span class='ocrx_word' id='word_1_449' title='bbox 865 3828 935 3885; x_wconf 89' lang='lat' dir='ltr'><strong>iul&#39;ra</strong></span> <span class='ocrx_word' id='word_1_450' title='bbox 949 3837 1004 3885; x_wconf 89' lang='lat' dir='ltr'><strong>ter·</strong></span> <span class='ocrx_word' id='word_1_451' title='bbox 1057 3823 1166 3889; x_wconf 58' lang='lat' dir='ltr'><strong>Pium·</strong></span> 
     </span>
    </p>

    <p class='ocr_par' dir='ltr' id='par_1_12' title="bbox 201 3916 1488 3991">
     <span class='ocr_line' id='line_1_41' title="bbox 201 3916 1488 3991; baseline -0.004 -12"><span class='ocrx_word' id='word_1_452' title='bbox 201 3923 306 3979; x_wconf 89' lang='lat' dir='ltr'><strong>minum</strong></span> <span class='ocrx_word' id='word_1_453' title='bbox 325 3921 512 3988; x_wconf 88' lang='lat' dir='ltr'><strong>investiretur,</strong></span> <span class='ocrx_word' id='word_1_454' title='bbox 539 3918 650 3991; x_wconf 91' lang='lat' dir='ltr'><strong>proprio</strong></span> <span class='ocrx_word' id='word_1_455' title='bbox 673 3934 722 3975; x_wconf 91' lang='lat' dir='ltr'><strong>ore</strong></span> <span class='ocrx_word' id='word_1_456' title='bbox 735 3927 831 3975; x_wconf 90' lang='lat' dir='ltr'><strong>nostro</strong></span> <span class='ocrx_word' id='word_1_457' title='bbox 845 3918 920 3975; x_wconf 89' lang='lat' dir='ltr'><strong>abati</strong></span> <span class='ocrx_word' id='word_1_458' title='bbox 947 3919 1002 3976; x_wconf 87' lang='lat' dir='ltr'><strong>llo-</strong></span> <span class='ocrx_word' id='word_1_459' title='bbox 1428 3916 1488 3975; x_wconf 85' lang='lat' dir='ltr'><strong>vtt.</strong></span> 
     </span>
    </p>

    <p class='ocr_par' dir='ltr' id='par_1_13' title="bbox 201 4006 1004 4069">
     <span class='ocr_line' id='line_1_42' title="bbox 201 4006 1004 4069; baseline -0.006 0"><span class='ocrx_word' id='word_1_460' title='bbox 201 4013 309 4069; x_wconf 85' lang='lat' dir='ltr'><strong>lonensi</strong></span> <span class='ocrx_word' id='word_1_461' title='bbox 325 4018 352 4068; x_wconf 90' lang='lat' dir='ltr'><strong>et</strong></span> <span class='ocrx_word' id='word_1_462' title='bbox 372 4009 525 4068; x_wconf 90' lang='lat' dir='ltr'><strong>sacerdotis</strong></span> <span class='ocrx_word' id='word_1_463' title='bbox 538 4016 566 4064; x_wconf 92' lang='lat' dir='ltr'><strong>et</strong></span> <span class='ocrx_word' id='word_1_464' title='bbox 588 4007 695 4063; x_wconf 90' lang='lat' dir='ltr'><strong>abbatis</strong></span> <span class='ocrx_word' id='word_1_465' title='bbox 719 4006 838 4064; x_wconf 87' lang='lat' dir='ltr'><strong>cilicium</strong></span> <span class='ocrx_word' id='word_1_466' title='bbox 864 4007 1004 4064; x_wconf 85' lang='lat' dir='ltr'><strong>interdixi·</strong></span> 
     </span>
    </p>
   </div>
   <div class='ocr_carea' id='block_1_10' title="bbox 200 4094 1005 4175">
    <p class='ocr_par' dir='ltr' id='par_1_14' title="bbox 200 4094 1005 4175">
     <span class='ocr_line' id='line_1_43' title="bbox 200 4094 1005 4175; baseline -0.006 -17"><span class='ocrx_word' id='word_1_467' title='bbox 200 4118 272 4170; x_wconf 91' lang='lat' dir='ltr'><strong>mus,</strong></span> <span class='ocrx_word' id='word_1_468' title='bbox 288 4105 370 4175; x_wconf 88' lang='lat' dir='ltr'><strong>alque</strong></span> <span class='ocrx_word' id='word_1_469' title='bbox 390 4098 524 4155; x_wconf 89' lang='lat' dir='ltr'><strong>abbatiam</strong></span> <span class='ocrx_word' id='word_1_470' title='bbox 545 4105 630 4153; x_wconf 89' lang='lat' dir='ltr'><strong>totam</strong></span> <span class='ocrx_word' id='word_1_471' title='bbox 651 4094 751 4153; x_wconf 78' lang='lat' dir='ltr'><strong>divims</strong></span> <span class='ocrx_word' id='word_1_472' title='bbox 771 4094 868 4155; x_wconf 86' lang='lat' dir='ltr'><strong>officiis</strong></span> <span class='ocrx_word' id='word_1_473' title='bbox 882 4096 1005 4169; x_wconf 88' lang='lat' dir='ltr'><strong>priravi·</strong></span> 
     </span>
    </p>
   </div>
   <div class='ocr_carea' id='block_1_11' title="bbox 201 4162 1862 4343">
    <p class='ocr_par' dir='ltr' id='par_1_15' title="bbox 201 4162 1862 4343">
     <span class='ocr_line' id='line_1_44' title="bbox 201 4162 1862 4259; baseline -0.007 -12"><span class='ocrx_word' id='word_1_474' title='bbox 201 4207 276 4248; x_wconf 90' lang='lat' dir='ltr'><strong>mus.</strong></span> <span class='ocrx_word' id='word_1_475' title='bbox 291 4188 451 4244; x_wconf 85' lang='lat' dir='ltr'><strong>hlaudamus</strong></span> <span class='ocrx_word' id='word_1_476' title='bbox 465 4187 558 4259; x_wconf 82' lang='lat' dir='ltr'><strong>itaque</strong></span> <span class='ocrx_word' id='word_1_477' title='bbox 578 4185 738 4243; x_wconf 79' lang='lat' dir='ltr'><strong>fraternitati</strong></span> <span class='ocrx_word' id='word_1_478' title='bbox 752 4193 806 4242; x_wconf 81' lang='lat' dir='ltr'><strong>tuas</strong></span> <span class='ocrx_word' id='word_1_479' title='bbox 834 4194 918 4257; x_wconf 85' lang='lat' dir='ltr'><strong>atque</strong></span> <span class='ocrx_word' id='word_1_480' title='bbox 939 4203 1004 4259; x_wconf 85' lang='lat' dir='ltr'><strong>apo·</strong></span> <span class='ocrx_word' id='word_1_481' title='bbox 1093 4162 1484 4238; x_wconf 59' lang='lat' dir='ltr'><strong>G⁸¹⁵³⁰⁰⁵AE⁰i⁰fi⁸ffl⁸n⁵¹⁵</strong></span> <span class='ocrx_word' id='word_1_482' title='bbox 1494 4166 1639 4239; x_wconf 63' lang='lat' dir='ltr'><strong>⁸91⁸⁰0P¹¹⁵</strong></span> <span class='ocrx_word' id='word_1_483' title='bbox 1652 4174 1678 4223; x_wconf 73' lang='lat'><strong>0¹</strong></span> <span class='ocrx_word' id='word_1_484' title='bbox 1688 4174 1791 4223; x_wconf 61' lang='lat'><strong>”³⁰¹³</strong></span> <span class='ocrx_word' id='word_1_485' title='bbox 1802 4167 1862 4224; x_wconf 67' lang='grc' dir='ltr'><strong>ΠΟ·</strong></span> 
     </span>
     <span class='ocr_line' id='line_1_45' title="bbox 204 4252 1861 4343; baseline -0.004 -13"><span class='ocrx_word' id='word_1_486' title='bbox 204 4273 309 4330; x_wconf 86' lang='lat' dir='ltr'><strong>stolicae</strong></span> <span class='ocrx_word' id='word_1_487' title='bbox 336 4272 409 4328; x_wconf 86' lang='lat' dir='ltr'><strong>sadis</strong></span> <span class='ocrx_word' id='word_1_488' title='bbox 433 4270 595 4327; x_wconf 87' lang='lat' dir='ltr'><strong>auctoritate</strong></span> <span class='ocrx_word' id='word_1_489' title='bbox 622 4269 806 4343; x_wconf 76' lang='lat' dir='ltr'><strong>praecipimus,</strong></span> <span class='ocrx_word' id='word_1_490' title='bbox 829 4278 858 4325; x_wconf 92' lang='lat' dir='ltr'><strong>ut</strong></span> <span class='ocrx_word' id='word_1_491' title='bbox 882 4272 936 4329; x_wconf 89' lang='lat' dir='ltr'><strong>hoc</strong></span> <span class='ocrx_word' id='word_1_492' title='bbox 962 4271 1005 4327; x_wconf 92' lang='lat' dir='ltr'><strong>in.</strong></span> <span class='ocrx_word' id='word_1_493' title='bbox 1056 4266 1146 4309; x_wconf 57' lang='grc' dir='ltr'><strong>ΠΜ</strong></span> <span class='ocrx_word' id='word_1_494' title='bbox 1159 4252 1291 4309; x_wconf 56' lang='grc' dir='ltr'><strong>Εθθιθθῑθ</strong></span> <span class='ocrx_word' id='word_1_495' title='bbox 1306 4255 1426 4327; x_wconf 65' lang='lat' dir='ltr'><strong>¹⁰ss⁸¹¹¹⁸r</strong></span> <span class='ocrx_word' id='word_1_496' title='bbox 1443 4254 1585 4312; x_wconf 67' lang='lat' dir='ltr'><strong>fl⁰flffll⁰</strong></span> <span class='ocrx_word' id='word_1_497' title='bbox 1599 4255 1750 4313; x_wconf 66' lang='lat' dir='ltr'>Vfflfflbffi</span> <span class='ocrx_word' id='word_1_498' title='bbox 1766 4256 1861 4315; x_wconf 68' lang='lat' dir='ltr'><strong>Vfflfl·</strong></span> 
     </span>
    </p>
   </div>
   <div class='ocr_carea' id='block_1_12' title="bbox 166 4340 1970 5395">
    <p class='ocr_par' dir='ltr' id='par_1_16' title="bbox 166 4340 1970 5395">
     <span class='ocr_line' id='line_1_46' title="bbox 203 4340 1699 4415; baseline -0.002 -1"><span class='ocrx_word' id='word_1_499' title='bbox 203 4356 348 4414; x_wconf 87' lang='lat' dir='ltr'><strong>tardictnm</strong></span> <span class='ocrx_word' id='word_1_500' title='bbox 370 4361 496 4410; x_wconf 90' lang='lat' dir='ltr'><strong>nostrum</strong></span> <span class='ocrx_word' id='word_1_501' title='bbox 517 4363 543 4409; x_wconf 93' lang='lat' dir='ltr'><strong>et</strong></span> <span class='ocrx_word' id='word_1_502' title='bbox 571 4355 599 4409; x_wconf 90' lang='lat' dir='ltr'><strong>in</strong></span> <span class='ocrx_word' id='word_1_503' title='bbox 617 4354 717 4410; x_wconf 84' lang='lat' dir='ltr'><strong>abbate</strong></span> <span class='ocrx_word' id='word_1_504' title='bbox 732 4360 759 4408; x_wconf 91' lang='lat' dir='ltr'><strong>et</strong></span> <span class='ocrx_word' id='word_1_505' title='bbox 773 4357 803 4408; x_wconf 90' lang='lat' dir='ltr'><strong>ln</strong></span> <span class='ocrx_word' id='word_1_506' title='bbox 823 4353 933 4412; x_wconf 86' lang='lat' dir='ltr'><strong>abbatia</strong></span> <span class='ocrx_word' id='word_1_507' title='bbox 956 4355 1003 4412; x_wconf 87' lang='lat' dir='ltr'><strong>lir-</strong></span> <span class='ocrx_word' id='word_1_508' title='bbox 1057 4340 1129 4397; x_wconf 59' lang='lat' dir='ltr'><strong>imi</strong></span> <span class='ocrx_word' id='word_1_509' title='bbox 1142 4342 1412 4415; x_wconf 64' lang='lat' dir='ltr'><strong>episcopandum</strong></span> <span class='ocrx_word' id='word_1_510' title='bbox 1427 4352 1454 4401; x_wconf 74' lang='lat'><strong>0¹</strong></span> <span class='ocrx_word' id='word_1_511' title='bbox 1467 4344 1699 4402; x_wconf 62' lang='lat' dir='ltr'><strong>benedictionem·</strong></span> 
     </span>
     <span class='ocr_line' id='line_1_47' title="bbox 202 4432 1970 4543; baseline -0.001 -40"><span class='ocrx_word' id='word_1_512' title='bbox 202 4445 282 4503; x_wconf 90' lang='lat' dir='ltr'><strong>miter</strong></span> <span class='ocrx_word' id='word_1_513' title='bbox 305 4450 332 4501; x_wconf 92' lang='lat' dir='ltr'><strong>et</strong></span> <span class='ocrx_word' id='word_1_514' title='bbox 355 4443 518 4501; x_wconf 89' lang='lat' dir='ltr'><strong>inconcusse</strong></span> <span class='ocrx_word' id='word_1_515' title='bbox 546 4441 633 4499; x_wconf 91' lang='lat' dir='ltr'><strong>teneri</strong></span> <span class='ocrx_word' id='word_1_516' title='bbox 647 4456 680 4499; x_wconf 83' lang='lat' dir='ltr'><strong>ex</strong></span> <span class='ocrx_word' id='word_1_517' title='bbox 703 4448 799 4499; x_wconf 90' lang='lat' dir='ltr'><strong>nostru</strong></span> <span class='ocrx_word' id='word_1_518' title='bbox 816 4452 842 4500; x_wconf 93' lang='lat' dir='ltr'><strong>et</strong></span> <span class='ocrx_word' id='word_1_519' title='bbox 865 4450 909 4499; x_wconf 92' lang='lat' dir='ltr'><strong>tua</strong></span> <span class='ocrx_word' id='word_1_520' title='bbox 921 4455 1042 4543; x_wconf 71' lang='lat' dir='ltr'><strong>purten</strong></span> <span class='ocrx_word' id='word_1_521' title='bbox 1093 4432 1234 4489; x_wconf 61' lang='lat' dir='ltr'><strong>Adlel’ffl</strong></span> <span class='ocrx_word' id='word_1_522' title='bbox 1252 4432 1491 4504; x_wconf 61' lang='lat' dir='ltr'><strong>lullulwfibliffl</strong></span> <span class='ocrx_word' id='word_1_523' title='bbox 1511 4441 1538 4491; x_wconf 69' lang='lat'><strong>0¹</strong></span> <span class='ocrx_word' id='word_1_524' title='bbox 1552 4434 1728 4491; x_wconf 71' lang='lat' dir='ltr'><strong>0¹¹⁰r⁰¹il⁸l⁸⁸</strong></span> <span class='ocrx_word' id='word_1_525' title='bbox 1750 4433 1778 4490; x_wconf 66' lang='lat'><strong>5¹1</strong></span> <span class='ocrx_word' id='word_1_526' title='bbox 1804 4433 1862 4491; x_wconf 63' lang='grc' dir='ltr'><strong>Εὕ-</strong></span> <span class='ocrx_word' id='word_1_527' title='bbox 1969 4484 1970 4501; x_wconf 48' lang='lat' dir='ltr'><strong>r</strong></span> 
     </span>
     <span class='ocr_line' id='line_1_48' title="bbox 203 4519 1861 4597; baseline 0.001 -20"><span class='ocrx_word' id='word_1_528' title='bbox 203 4534 300 4593; x_wconf 62' lang='lat' dir='ltr'><strong>facias,</strong></span> <span class='ocrx_word' id='word_1_529' title='bbox 1057 4519 1140 4577; x_wconf 90' lang='lat' dir='ltr'><strong>clesia</strong></span> <span class='ocrx_word' id='word_1_530' title='bbox 1153 4528 1180 4575; x_wconf 90' lang='lat' dir='ltr'><strong>et</strong></span> <span class='ocrx_word' id='word_1_531' title='bbox 1194 4520 1296 4592; x_wconf 93' lang='lat' dir='ltr'><strong>populo</strong></span> <span class='ocrx_word' id='word_1_532' title='bbox 1323 4522 1374 4577; x_wconf 82' lang='lat' dir='ltr'><strong>Dei</strong></span> <span class='ocrx_word' id='word_1_533' title='bbox 1394 4530 1581 4597; x_wconf 66' lang='lat' dir='ltr'><strong>emergentes,</strong></span> <span class='ocrx_word' id='word_1_534' title='bbox 1606 4538 1640 4579; x_wconf 85' lang='lat' dir='ltr'><strong>er</strong></span> <span class='ocrx_word' id='word_1_535' title='bbox 1653 4530 1790 4595; x_wconf 84' lang='lat' dir='ltr'><strong>praecepto</strong></span> <span class='ocrx_word' id='word_1_536' title='bbox 1805 4523 1861 4579; x_wconf 94' lang='lat' dir='ltr'><strong>do-</strong></span> 
     </span>
     <span class='ocr_line' id='line_1_49' title="bbox 166 4602 1860 4683; baseline 0.007 -26"><span class='ocrx_word' id='word_1_537' title='bbox 166 4622 170 4628; x_wconf 72' lang='grc'>’</span> <span class='ocrx_word' id='word_1_538' title='bbox 586 4602 620 4660; x_wconf 75' lang='lat' dir='ltr'><strong>V.</strong></span> <span class='ocrx_word' id='word_1_539' title='bbox 1054 4608 1121 4666; x_wconf 91' lang='lat' dir='ltr'><strong>mini</strong></span> <span class='ocrx_word' id='word_1_540' title='bbox 1148 4609 1235 4667; x_wconf 91' lang='lat' dir='ltr'><strong>nostri</strong></span> <span class='ocrx_word' id='word_1_541' title='bbox 1261 4624 1344 4683; x_wconf 82' lang='lat' dir='ltr'><strong>papas</strong></span> <span class='ocrx_word' id='word_1_542' title='bbox 1371 4610 1516 4667; x_wconf 90' lang='lat' dir='ltr'><strong>concilium</strong></span> <span class='ocrx_word' id='word_1_543' title='bbox 1544 4611 1573 4666; x_wconf 93' lang='lat' dir='ltr'><strong>in</strong></span> <span class='ocrx_word' id='word_1_544' title='bbox 1600 4611 1721 4669; x_wconf 88' lang='lat' dir='ltr'><strong>secunda</strong></span> <span class='ocrx_word' id='word_1_545' title='bbox 1748 4610 1860 4669; x_wconf 82' lang='lat' dir='ltr'><strong>hebdo-</strong></span> 
     </span>
     <span class='ocr_line' id='line_1_50' title="bbox 204 4696 1858 4805; baseline 0.001 -50"><span class='ocrx_word' id='word_1_546' title='bbox 204 4730 274 4792; x_wconf 44' lang='grc' dir='ltr'><strong>ηοω</strong></span> <span class='ocrx_word' id='word_1_547' title='bbox 300 4731 428 4805; x_wconf 46' lang='lat' dir='ltr'><strong><em>ejusdam</em></strong></span> <span class='ocrx_word' id='word_1_548' title='bbox 456 4731 562 4789; x_wconf 58' lang='lat' dir='ltr'><strong>mm</strong></span> <span class='ocrx_word' id='word_1_549' title='bbox 581 4728 619 4784; x_wconf 61' lang='lat' dir='ltr'><strong>ap</strong></span> <span class='ocrx_word' id='word_1_550' title='bbox 636 4742 734 4786; x_wconf 64' lang='lat' dir='ltr'><strong>mm</strong></span> <span class='ocrx_word' id='word_1_551' title='bbox 754 4726 915 4785; x_wconf 54' lang='lat' dir='ltr'><strong>prmum</strong></span> <span class='ocrx_word' id='word_1_552' title='bbox 937 4728 1001 4801; x_wconf 52' lang='lat' dir='ltr'><strong>epp,</strong></span> <span class='ocrx_word' id='word_1_553' title='bbox 1054 4696 1315 4755; x_wconf 89' lang='lat' dir='ltr'><strong>madaimminentis</strong></span> <span class='ocrx_word' id='word_1_554' title='bbox 1335 4698 1564 4773; x_wconf 67' lang='lat' dir='ltr'><strong>Quadrupesima</strong></span> <span class='ocrx_word' id='word_1_555' title='bbox 1587 4698 1757 4772; x_wconf 76' lang='lat' dir='ltr'><strong>Eupolismae</strong></span> <span class='ocrx_word' id='word_1_556' title='bbox 1779 4699 1858 4757; x_wconf 90' lang='lat' dir='ltr'><strong>cale·</strong></span> 
     </span>
     <span class='ocr_line' id='line_1_51' title="bbox 544 4785 1858 4873; baseline 0.001 -29"><span class='ocrx_word' id='word_1_557' title='bbox 544 4816 653 4873; x_wconf 52' lang='lat' dir='ltr'><strong>scopos,</strong></span> <span class='ocrx_word' id='word_1_558' title='bbox 1054 4788 1132 4845; x_wconf 91' lang='lat' dir='ltr'><strong>brare</strong></span> <span class='ocrx_word' id='word_1_559' title='bbox 1147 4787 1340 4860; x_wconf 89' lang='lat' dir='ltr'><strong>disposuimus.</strong></span> <span class='ocrx_word' id='word_1_560' title='bbox 1363 4785 1406 4845; x_wconf 79' lang='lat' dir='ltr'><strong>td</strong></span> <span class='ocrx_word' id='word_1_561' title='bbox 1421 4788 1494 4863; x_wconf 89' lang='lat' dir='ltr'><strong>quod</strong></span> <span class='ocrx_word' id='word_1_562' title='bbox 1516 4788 1710 4845; x_wconf 80' lang='lat' dir='ltr'><strong>fraternitatem</strong></span> <span class='ocrx_word' id='word_1_563' title='bbox 1734 4797 1858 4846; x_wconf 69' lang='lat' dir='ltr'><strong>vamum</strong></span> 
     </span>
     <span class='ocr_line' id='line_1_52' title="bbox 1009 4875 1857 4950; baseline 0 -17"><span class='ocrx_word' id='word_1_564' title='bbox 1009 4884 1010 4887; x_wconf 76' lang='grc'>’</span> <span class='ocrx_word' id='word_1_565' title='bbox 1054 4876 1209 4947; x_wconf 83' lang='lat' dir='ltr'><strong>invitamus,</strong></span> <span class='ocrx_word' id='word_1_566' title='bbox 1226 4885 1308 4950; x_wconf 85' lang='lat' dir='ltr'><strong>atqua</strong></span> <span class='ocrx_word' id='word_1_567' title='bbox 1322 4876 1480 4948; x_wconf 83' lang='lat' dir='ltr'><strong>apostolioae</strong></span> <span class='ocrx_word' id='word_1_568' title='bbox 1494 4877 1571 4934; x_wconf 88' lang='lat' dir='ltr'><strong>sadis</strong></span> <span class='ocrx_word' id='word_1_569' title='bbox 1584 4875 1749 4934; x_wconf 90' lang='lat' dir='ltr'><strong>auctoritate</strong></span> <span class='ocrx_word' id='word_1_570' title='bbox 1777 4878 1857 4935; x_wconf 87' lang='lat' dir='ltr'><strong>vohis</strong></span> 
     </span>
     <span class='ocr_line' id='line_1_53' title="bbox 1053 4964 1859 5039; baseline 0.004 -19"><span class='ocrx_word' id='word_1_571' title='bbox 1053 4964 1236 5039; x_wconf 74' lang='lat' dir='ltr'><strong>precipimus,</strong></span> <span class='ocrx_word' id='word_1_572' title='bbox 1251 4974 1281 5021; x_wconf 92' lang='lat' dir='ltr'><strong>ut</strong></span> <span class='ocrx_word' id='word_1_573' title='bbox 1302 4967 1437 5023; x_wconf 80' lang='lat' dir='ltr'><strong>lierveum</strong></span> <span class='ocrx_word' id='word_1_574' title='bbox 1460 4966 1645 5024; x_wconf 83' lang='lat' dir='ltr'><strong>ilotonensem</strong></span> <span class='ocrx_word' id='word_1_575' title='bbox 1670 4965 1798 5023; x_wconf 87' lang='lat' dir='ltr'><strong>abbatem</strong></span> <span class='ocrx_word' id='word_1_576' title='bbox 1823 4982 1859 5023; x_wconf 83' lang='lat' dir='ltr'><strong>ex</strong></span> 
     </span>
     <span class='ocr_line' id='line_1_54' title="bbox 1053 5054 1859 5133; baseline 0.001 -22"><span class='ocrx_word' id='word_1_577' title='bbox 1053 5062 1191 5112; x_wconf 81' lang='lat' dir='ltr'><strong>nostrast</strong></span> <span class='ocrx_word' id='word_1_578' title='bbox 1209 5063 1299 5111; x_wconf 87' lang='lat' dir='ltr'><strong>vestra</strong></span> <span class='ocrx_word' id='word_1_579' title='bbox 1318 5062 1405 5126; x_wconf 88' lang='lat' dir='ltr'><strong>parte,</strong></span> <span class='ocrx_word' id='word_1_580' title='bbox 1434 5057 1506 5128; x_wconf 89' lang='lat' dir='ltr'><strong>quod</strong></span> <span class='ocrx_word' id='word_1_581' title='bbox 1533 5054 1647 5112; x_wconf 90' lang='lat' dir='ltr'><strong>remotis</strong></span> <span class='ocrx_word' id='word_1_582' title='bbox 1666 5055 1859 5133; x_wconf 85' lang='lat' dir='ltr'><strong>occasionibus</strong></span> 
     </span>
     <span class='ocr_line' id='line_1_55' title="bbox 1052 5142 1858 5216; baseline 0 -15"><span class='ocrx_word' id='word_1_583' title='bbox 1052 5144 1142 5201; x_wconf 94' lang='lat' dir='ltr'><strong>eidem</strong></span> <span class='ocrx_word' id='word_1_584' title='bbox 1164 5144 1279 5201; x_wconf 90' lang='lat' dir='ltr'><strong>concilio</strong></span> <span class='ocrx_word' id='word_1_585' title='bbox 1294 5143 1410 5211; x_wconf 85' lang='lat' dir='ltr'><strong>intersit,</strong></span> <span class='ocrx_word' id='word_1_586' title='bbox 1437 5142 1567 5201; x_wconf 88' lang='lat' dir='ltr'><strong>invitetis.</strong></span> <span class='ocrx_word' id='word_1_587' title='bbox 1602 5143 1683 5216; x_wconf 88' lang='lat' dir='ltr'><strong>Quod</strong></span> <span class='ocrx_word' id='word_1_588' title='bbox 1707 5144 1733 5201; x_wconf 91' lang='lat' dir='ltr'><strong>si</strong></span> <span class='ocrx_word' id='word_1_589' title='bbox 1747 5159 1765 5200; x_wconf 94' lang='lat' dir='ltr'><strong>a</strong></span> <span class='ocrx_word' id='word_1_590' title='bbox 1779 5152 1858 5201; x_wconf 89' lang='lat' dir='ltr'><strong>tanto</strong></span> 
     </span>
     <span class='ocr_line' id='line_1_56' title="bbox 1052 5232 1859 5307; baseline -0.002 -16"><span class='ocrx_word' id='word_1_591' title='bbox 1052 5241 1191 5291; x_wconf 88' lang='lat' dir='ltr'><strong>conventu</strong></span> <span class='ocrx_word' id='word_1_592' title='bbox 1205 5250 1236 5289; x_wconf 90' lang='lat' dir='ltr'><strong>se</strong></span> <span class='ocrx_word' id='word_1_593' title='bbox 1251 5232 1427 5303; x_wconf 88' lang='lat' dir='ltr'><strong>subtraxerit,</strong></span> <span class='ocrx_word' id='word_1_594' title='bbox 1443 5233 1637 5307; x_wconf 89' lang='lat' dir='ltr'><strong>proculdubio</strong></span> <span class='ocrx_word' id='word_1_595' title='bbox 1652 5234 1792 5291; x_wconf 81' lang='lat' dir='ltr'><strong>canonice</strong></span> <span class='ocrx_word' id='word_1_596' title='bbox 1811 5234 1859 5289; x_wconf 91' lang='lat' dir='ltr'><strong>di-</strong></span> 
     </span>
     <span class='ocr_line' id='line_1_57' title="bbox 1054 5322 1543 5395; baseline 0.002 -16"><span class='ocrx_word' id='word_1_597' title='bbox 1054 5322 1203 5381; x_wconf 88' lang='lat' dir='ltr'><strong>strictionis</strong></span> <span class='ocrx_word' id='word_1_598' title='bbox 1218 5322 1382 5379; x_wconf 87' lang='lat' dir='ltr'><strong>sententiam</strong></span> <span class='ocrx_word' id='word_1_599' title='bbox 1397 5322 1543 5395; x_wconf 89' lang='lat' dir='ltr'><strong>suscipiet.</strong></span> 
     </span>
    </p>
   </div>
   <div class='ocr_carea' id='block_1_13' title="bbox 1150 4038 1758 4117">
    <p class='ocr_par' dir='ltr' id='par_1_17' title="bbox 1150 4038 1758 4117">
     <span class='ocr_line' id='line_1_58' title="bbox 1150 4038 1758 4117; baseline 0.007 -22"><span class='ocrx_word' id='word_1_600' title='bbox 1150 4038 1197 4097; x_wconf 77' lang='lat' dir='ltr'><strong>At</strong></span> <span class='ocrx_word' id='word_1_601' title='bbox 1209 4040 1374 4103; x_wconf 70' lang='lat' dir='ltr'><strong>tornacum</strong></span> <span class='ocrx_word' id='word_1_602' title='bbox 1393 4042 1572 4101; x_wconf 72' lang='lat' dir='ltr'><strong>temonem</strong></span> <span class='ocrx_word' id='word_1_603' title='bbox 1585 4042 1758 4117; x_wconf 78' lang='lat' dir='ltr'><strong>episcopam.</strong></span> 
     </span>
    </p>
   </div>
   <div class='ocr_carea' id='block_1_14' title="bbox 200 4922 1490 5544">
    <p class='ocr_par' dir='ltr' id='par_1_18' title="bbox 202 4922 1002 5355">
     <span class='ocr_line' id='line_1_59' title="bbox 238 4922 1002 4999; baseline -0.004 -14"><span class='ocrx_word' id='word_1_604' title='bbox 238 4929 399 4994; x_wconf 75' lang='lat' dir='ltr'><strong>(iurabas,</strong></span> <span class='ocrx_word' id='word_1_605' title='bbox 428 4922 648 4999; x_wconf 62' lang='lat' dir='ltr'><strong>&amp;ndumentis</strong></span> <span class='ocrx_word' id='word_1_606' title='bbox 669 4922 818 4997; x_wconf 85' lang='lat' dir='ltr'><strong>episcopus</strong></span> <span class='ocrx_word' id='word_1_607' title='bbox 843 4932 872 4981; x_wconf 85' lang='lat' dir='ltr'><strong>ot</strong></span> <span class='ocrx_word' id='word_1_608' title='bbox 899 4931 1002 4982; x_wconf 75' lang='lat' dir='ltr'><strong>sanotae</strong></span> 
     </span>
     <span class='ocr_line' id='line_1_60' title="bbox 203 5012 1001 5086; baseline -0.006 -12"><span class='ocrx_word' id='word_1_609' title='bbox 203 5014 335 5074; x_wconf 71' lang='lat' dir='ltr'><strong>Romanis</strong></span> <span class='ocrx_word' id='word_1_610' title='bbox 352 5014 484 5072; x_wconf 73' lang='lat' dir='ltr'><strong>Ecclesia</strong></span> <span class='ocrx_word' id='word_1_611' title='bbox 505 5014 622 5086; x_wconf 78' lang='lat' dir='ltr'><strong>legatus,</strong></span> <span class='ocrx_word' id='word_1_612' title='bbox 646 5014 851 5070; x_wconf 82' lang='lat' dir='ltr'><strong>venerabilibus</strong></span> <span class='ocrx_word' id='word_1_613' title='bbox 871 5012 1001 5069; x_wconf 84' lang='lat' dir='ltr'><strong>fratribus</strong></span> 
     </span>
     <span class='ocr_line' id='line_1_61' title="bbox 204 5103 1000 5172; baseline -0.006 -9"><span class='ocrx_word' id='word_1_614' title='bbox 204 5108 317 5164; x_wconf 79' lang='lat' dir='ltr'><strong>Batcmo</strong></span> <span class='ocrx_word' id='word_1_615' title='bbox 343 5103 527 5172; x_wconf 89' lang='lat' dir='ltr'><strong>Nauuetensi,</strong></span> <span class='ocrx_word' id='word_1_616' title='bbox 551 5104 689 5159; x_wconf 70' lang='lat' dir='ltr'><strong>marono</strong></span> <span class='ocrx_word' id='word_1_617' title='bbox 717 5103 892 5169; x_wconf 84' lang='lat' dir='ltr'><strong>lledonensi,</strong></span> <span class='ocrx_word' id='word_1_618' title='bbox 922 5105 1000 5159; x_wconf 86' lang='lat' dir='ltr'><strong>lloa·</strong></span> 
     </span>
     <span class='ocr_line' id='line_1_62' title="bbox 203 5191 1000 5264; baseline -0.004 -13"><span class='ocrx_word' id='word_1_619' title='bbox 203 5209 279 5253; x_wconf 81' lang='lat' dir='ltr'><strong>vtrto</strong></span> <span class='ocrx_word' id='word_1_620' title='bbox 308 5194 463 5259; x_wconf 79' lang='lat' dir='ltr'><strong>venetensi,</strong></span> <span class='ocrx_word' id='word_1_621' title='bbox 489 5192 655 5248; x_wconf 77' lang='lat' dir='ltr'><strong>arrnmso</strong></span> <span class='ocrx_word' id='word_1_622' title='bbox 681 5192 814 5260; x_wconf 70' lang='lat' dir='ltr'><strong>aletensi,</strong></span> <span class='ocrx_word' id='word_1_623' title='bbox 837 5191 1000 5264; x_wconf 72' lang='lat' dir='ltr'><strong>coemrisque</strong></span> 
     </span>
     <span class='ocr_line' id='line_1_63' title="bbox 202 5279 927 5355; baseline -0.007 -14"><span class='ocrx_word' id='word_1_624' title='bbox 202 5282 350 5341; x_wconf 76' lang='lat' dir='ltr'><strong>Britanniae</strong></span> <span class='ocrx_word' id='word_1_625' title='bbox 362 5282 510 5355; x_wconf 89' lang='lat' dir='ltr'><strong>episeopis,</strong></span> <span class='ocrx_word' id='word_1_626' title='bbox 524 5282 641 5337; x_wconf 87' lang='lat' dir='ltr'><strong>salutem</strong></span> <span class='ocrx_word' id='word_1_627' title='bbox 655 5289 682 5337; x_wconf 88' lang='lat' dir='ltr'><strong>et</strong></span> <span class='ocrx_word' id='word_1_628' title='bbox 696 5279 927 5337; x_wconf 88' lang='lat' dir='ltr'><strong>benedictionem.</strong></span> 
     </span>
    </p>

    <p class='ocr_par' dir='ltr' id='par_1_19' title="bbox 200 5370 1490 5544">
     <span class='ocr_line' id='line_1_64' title="bbox 235 5370 1003 5444; baseline -0.003 -13"><span class='ocrx_word' id='word_1_629' title='bbox 235 5373 417 5433; x_wconf 82' lang='lat' dir='ltr'><strong>Dilectionem</strong></span> <span class='ocrx_word' id='word_1_630' title='bbox 432 5380 552 5428; x_wconf 89' lang='lat' dir='ltr'><strong>vestram</strong></span> <span class='ocrx_word' id='word_1_631' title='bbox 570 5387 653 5427; x_wconf 88' lang='lat' dir='ltr'><strong>nossa</strong></span> <span class='ocrx_word' id='word_1_632' title='bbox 671 5370 800 5427; x_wconf 87' lang='lat' dir='ltr'><strong>volumus</strong></span> <span class='ocrx_word' id='word_1_633' title='bbox 819 5372 894 5444; x_wconf 87' lang='lat' dir='ltr'><strong>quod</strong></span> <span class='ocrx_word' id='word_1_634' title='bbox 921 5372 1003 5429; x_wconf 88' lang='lat' dir='ltr'><strong>iloto·</strong></span> 
     </span>
     <span class='ocr_line' id='line_1_65' title="bbox 200 5446 1490 5544; baseline -0.006 -23"><span class='ocrx_word' id='word_1_635' title='bbox 200 5479 317 5521; x_wconf 90' lang='lat' dir='ltr'><strong>nensem</strong></span> <span class='ocrx_word' id='word_1_636' title='bbox 344 5462 471 5544; x_wconf 75' lang='lat' dir='ltr'><strong>abbatem</strong></span> <span class='ocrx_word' id='word_1_637' title='bbox 492 5476 543 5533; x_wconf 93' lang='lat' dir='ltr'><strong>pro</strong></span> <span class='ocrx_word' id='word_1_638' title='bbox 559 5460 704 5518; x_wconf 83' lang='lat' dir='ltr'><strong>invasione</strong></span> <span class='ocrx_word' id='word_1_639' title='bbox 719 5474 801 5532; x_wconf 88' lang='lat' dir='ltr'><strong>qoam</strong></span> <span class='ocrx_word' id='word_1_640' title='bbox 814 5476 902 5533; x_wconf 89' lang='lat' dir='ltr'><strong>super</strong></span> <span class='ocrx_word' id='word_1_641' title='bbox 915 5460 1001 5517; x_wconf 77' lang='lat' dir='ltr'><strong>ten-</strong></span> <span class='ocrx_word' id='word_1_642' title='bbox 1415 5446 1490 5504; x_wconf 79' lang='lat' dir='ltr'><strong>Vffl·</strong></span> 
     </span>
    </p>
   </div>
   <div class='ocr_carea' id='block_1_15' title="bbox 200 5547 1857 5711">
    <p class='ocr_par' dir='ltr' id='par_1_20' title="bbox 200 5547 1857 5711">
     <span class='ocr_line' id='line_1_66' title="bbox 200 5547 1857 5637; baseline -0.001 -30"><span class='ocrx_word' id='word_1_643' title='bbox 200 5552 374 5623; x_wconf 63' lang='lat' dir='ltr'><strong>perteniense</strong></span> <span class='ocrx_word' id='word_1_644' title='bbox 388 5550 585 5607; x_wconf 83' lang='lat' dir='ltr'><strong>monasterium</strong></span> <span class='ocrx_word' id='word_1_645' title='bbox 598 5547 711 5615; x_wconf 83' lang='lat' dir='ltr'><strong>iecerat,</strong></span> <span class='ocrx_word' id='word_1_646' title='bbox 719 5548 872 5607; x_wconf 79' lang='lat' dir='ltr'><strong>auterendo</strong></span> <span class='ocrx_word' id='word_1_647' title='bbox 887 5550 913 5607; x_wconf 91' lang='lat' dir='ltr'><strong>ei</strong></span> <span class='ocrx_word' id='word_1_648' title='bbox 923 5566 1002 5607; x_wconf 88' lang='lat' dir='ltr'><strong>suam</strong></span> <span class='ocrx_word' id='word_1_649' title='bbox 1056 5565 1173 5621; x_wconf 61' lang='lat' dir='ltr'><strong>panem·</strong></span> <span class='ocrx_word' id='word_1_650' title='bbox 1186 5562 1253 5621; x_wconf 67' lang='lat' dir='ltr'><strong>pm</strong></span> <span class='ocrx_word' id='word_1_651' title='bbox 1308 5562 1756 5623; x_wconf 57' lang='lat' dir='ltr'><strong>arargpompmoeaapmrdm</strong></span> <span class='ocrx_word' id='word_1_652' title='bbox 1765 5558 1857 5637; x_wconf 55' lang='grc' dir='ltr'><strong>ιφ.</strong></span> 
     </span>
     <span class='ocr_line' id='line_1_67' title="bbox 201 5636 1606 5711; baseline 0.001 -18"><span class='ocrx_word' id='word_1_653' title='bbox 201 5638 341 5694; x_wconf 86' lang='lat' dir='ltr'><strong>metiorem</strong></span> <span class='ocrx_word' id='word_1_654' title='bbox 359 5639 575 5711; x_wconf 88' lang='lat' dir='ltr'><strong>possessiouem,</strong></span> <span class='ocrx_word' id='word_1_655' title='bbox 599 5647 663 5695; x_wconf 90' lang='lat' dir='ltr'><strong>ante</strong></span> <span class='ocrx_word' id='word_1_656' title='bbox 685 5637 862 5710; x_wconf 79' lang='lat' dir='ltr'><strong>praesentiam</strong></span> <span class='ocrx_word' id='word_1_657' title='bbox 879 5647 1001 5698; x_wconf 89' lang='lat' dir='ltr'><strong>nostram</strong></span> <span class='ocrx_word' id='word_1_658' title='bbox 1299 5636 1453 5693; x_wconf 83' lang='lat' dir='ltr'><strong>irmearem</strong></span> <span class='ocrx_word' id='word_1_659' title='bbox 1468 5638 1606 5709; x_wconf 79' lang='lat' dir='ltr'><strong>lepatrem.</strong></span> 
     </span>
    </p>
   </div>
   <div class='ocr_carea' id='block_1_16' title="bbox 202 5725 1853 5811">
    <p class='ocr_par' dir='ltr' id='par_1_21' title="bbox 202 5725 1853 5811">
     <span class='ocr_line' id='line_1_68' title="bbox 202 5725 1853 5811; baseline 0.01 -31"><span class='ocrx_word' id='word_1_660' title='bbox 202 5725 371 5797; x_wconf 86' lang='lat' dir='ltr'><strong>vocavimus,</strong></span> <span class='ocrx_word' id='word_1_661' title='bbox 386 5742 502 5799; x_wconf 89' lang='lat' dir='ltr'><strong>eumque</strong></span> <span class='ocrx_word' id='word_1_662' title='bbox 515 5728 550 5786; x_wconf 91' lang='lat' dir='ltr'><strong>de</strong></span> <span class='ocrx_word' id='word_1_663' title='bbox 565 5736 639 5784; x_wconf 88' lang='lat' dir='ltr'><strong>tanta</strong></span> <span class='ocrx_word' id='word_1_664' title='bbox 652 5726 866 5800; x_wconf 81' lang='lat' dir='ltr'><strong>presumptione</strong></span> <span class='ocrx_word' id='word_1_665' title='bbox 880 5729 999 5788; x_wconf 87' lang='lat' dir='ltr'><strong>correxi·</strong></span> <span class='ocrx_word' id='word_1_666' title='bbox 1091 5734 1248 5793; x_wconf 81' lang='lat' dir='ltr'><strong>Venerabili</strong></span> <span class='ocrx_word' id='word_1_667' title='bbox 1262 5735 1372 5793; x_wconf 91' lang='lat' dir='ltr'><strong>domino</strong></span> <span class='ocrx_word' id='word_1_668' title='bbox 1387 5742 1414 5795; x_wconf 89' lang='lat' dir='ltr'><strong>et</strong></span> <span class='ocrx_word' id='word_1_669' title='bbox 1427 5734 1474 5810; x_wconf 91' lang='lat' dir='ltr'><strong>pio</strong></span> <span class='ocrx_word' id='word_1_670' title='bbox 1488 5734 1562 5811; x_wconf 88' lang='lat' dir='ltr'><strong>patri</strong></span> <span class='ocrx_word' id='word_1_671' title='bbox 1583 5734 1734 5807; x_wconf 70' lang='lat' dir='ltr'><strong>onemo,</strong></span> <span class='ocrx_word' id='word_1_672' title='bbox 1757 5734 1853 5810; x_wconf 66' lang='lat' dir='ltr'><strong>Engo·</strong></span> 
     </span>
    </p>
   </div>
   <div class='ocr_carea' id='block_1_17' title="bbox 0 0 1976 6067">
    <p class='ocr_par' dir='ltr' id='par_1_22' title="bbox 0 0 1976 6067">
     <span class='ocr_line' id='line_1_69' title="bbox 0 0 1976 6067; baseline 0 1"><span class='ocrx_word' id='word_1_673' title='bbox 0 0 1976 6067; x_wconf 95' lang='lat' dir='ltr'><strong> </strong></span> 
     </span>
    </p>
   </div>
  </div>
 </body>
</html>
