3942 6067
194 206 261 293 t'tst

448 232 598 295 HONORll
616 234 869 295 tususnoottrt.
892 235 971 294 OPP.
983 234 1146 334 'atas-tt.
1171 272 1206 303 -.-
1224 241 1384 307 bonbar.
1407 244 1452 303 ΕΤ
1472 244 1601 305 ssent.

1787 252 1866 313 ttst

192 365 305 440 pcccati
321 362 414 436 (locu.
429 378 491 430 vrn,
509 365 553 433 ct)
570 381 579 432 ς
599 371 627 419 et
654 377 736 421 nemo
757 368 849 437 potest
874 362 995 421 ebenum
1009 356 1039 425 Α
1054 366 1091 422 Μ.
1111 366 1292 427 inhonorem
1307 370 1429 429 divinum
1444 387 1498 430 non
1513 371 1608 431 altaria
1624 382 1731 435 euroet
1739 376 1865 451 gemmis

197 470 311 511 aarum
325 454 420 511 lacere
433 452 563 511 liberum.

230 544 265 603 b.
275 544 432 602 Proderuut
444 542 585 601 benefacta
597 542 743 599 malisl-
758 544 794 599 ll.
809 544 860 600 Pro
874 543 1003 600 omnibus

193 633 277 693 bonis
299 650 364 706 quae
386 632 522 700 iecerunt,
542 632 679 705 recipient
700 634 826 692 homiues
843 631 1002 689 retributio·

194 739 270 791 nem,
285 722 344 779 sire
356 721 384 779 in
401 723 452 780 hac
467 722 534 789 rite,
551 721 610 779 sire
624 722 653 778 in
667 721 770 779 lutura.
783 724 814 778 lu
827 723 878 779 bac
892 722 957 787 rita,
974 728 1003 777 ut

194 812 295 869 dicitur
310 813 346 869 de
360 812 444 867 diuite
461 828 468 868 ε
496 812 634 885 Recipisti
645 813 719 869 borso
733 815 764 869 in
778 812 836 870 aito
856 816 906 869 tur
921 813 1001 882 (Lac.

196 919 256 967 ιιι,
274 905 330 970 ab).
348 903 378 957 ln
395 900 485 957 lutura
500 917 576 967 vero,
592 909 622 956 ut
637 901 752 958 dicitur:
769 900 944 974 Cautuplum
957 917 1004 957 uc-

194 992 306 1066 eipietis
319 990 428 1060 (tatto.
449 1006 506 1059 xrx,
523 995 590 1059 ιιι.)
616 992 687 1047 ltus
702 999 799 1047 coutm
820 990 856 1047 de
874 990 1003 1046 omuibus

194 1081 276 1137 malis
289 1096 350 1154 quoe
376 1080 473 1137 iecerit
499 1081 582 1137 bomo
610 1081 746 1152 punietur,
774 1088 819 1136 aut
835 1080 864 1135 iu
880 1079 933 1137 hoc
947 1094 1002 1136 sas-

196 1170 269 1237 culo,
286 1176 335 1225 aut
348 1168 375 1224 iu
390 1169 491 1236 lutuno,
507 1179 535 1225 ut
551 1170 652 1225 dicitur
671 1185 677 1225 :

193 1257 268 1316 Ante
281 1260 331 1316 Dei
343 1260 455 1316 tultum
477 1260 554 1316 nihil
574 1276 701 1333 unquam
725 1260 836 1317 transit
851 1260 997 1317 inultum.

195 1348 281 1423 Igitur
294 1354 338 1405 aut
352 1348 410 1420 ipse
423 1350 506 1405 homo
521 1351 599 1421 punit
612 1348 783 1419 poenitendo,
795 1357 840 1405 aut
851 1349 927 1404 Deus
943 1348 1004 1405 vin·

195 1438 269 1497 dicut
281 1435 437 1509 puniendo.

195 1555 240 1614 ii.
254 1552 299 1611 tc
314 1553 381 1628 quid
393 1554 537 1625 sacrificio
552 1555 674 1627 ispalim·
693 1561 723 1613 et
742 1556 776 1613 de
792 1556 902 1628 cripiet
917 1554 1004 1611 idolo·

555 1645 658 1702 lotrioe.

231 1762 268 1818 l).
289 1762 345 1818 Cur
358 1759 495 1819 concessit
509 1760 586 1817 Deus
599 1760 702 1817 ludaeis
726 1760 827 1833 legalia
852 1758 999 1825 sacrificia,

197 1866 262 1909 cum
276 1866 331 1907 non
347 1851 485 1907 auferrent
500 1851 639 1922 peccata?
652 1880 688 1891 -
703 1850 739 1905 bl.
755 1851 796 1906 Ne
810 1848 890 1905 idolis
904 1848 1002 1904 immo-

194 1940 297 2009 larent,
320 1954 401 2013 quern
426 1939 508 1995 ritum
528 1939 555 1994 iu
583 1938 700 2012 AEgypto
728 1936 812 2010 positi
834 1937 998 1994 didicerant.

157 2090 161 2096 ,
196 2029 262 2087 ldeo
276 2028 358 2086 etiam
383 2036 457 2085 tauto
472 2036 597 2100 tempore
615 2028 795 2085 circumduxit
809 2043 859 2084 eos
873 2042 923 2100 per
936 2040 1001 2082 ere-

195 2135 281 2186 mum,
298 2128 327 2174 ut
341 2120 414 2174 lrunc
428 2133 531 2174 morem
553 2117 785 2173 obliviscerentur
800 2136 808 2184 ς
842 2123 868 2173 et
891 2122 1003 2187 pmpter

195 2208 296 2267 aliud:
322 2208 392 2267 sicut
413 2207 549 2264 luduicus
571 2206 688 2280 populus
710 2215 769 2263 emt
785 2206 813 2263 in
833 2204 929 2277 ligura,
945 2203 1001 2261 imo

195 2298 291 2355 umbra
305 2296 454 2355 Christiani
468 2296 561 2369 populi
580 2315 587 2360 ;
607 2297 645 2353 ita
657 2296 686 2351 in
701 2296 798 2352 eodem
814 2294 909 2351 debuit
923 2309 998 2365 pra)-

196 2389 295 2445 cedere
307 2388 405 2444 umbra
419 2386 477 2443 reri
492 2384 628 2451 sodalicii,
656 2393 687 2441 ιιι
713 2386 743 2441 in
760 2383 882 2457 paschali
909 2398 997 2455 agno,

197 2476 241 2535 rel
256 2475 315 2533 ruia
330 2474 476 2544 stratura
492 2474 580 2531 hirco.
598 2476 745 2547 Postquam
769 2482 860 2531 autem
875 2471 1001 2529 Christus

196 2566 303 2624 ueritas
318 2565 394 2623 venit
408 2566 476 2621 dare
488 2564 718 2629 benedictionem,
734 2563 781 2637 qui
800 2563 890 2636 legem
912 2560 1000 2618 dedc-

196 2663 252 2723 ιιι,
269 2654 430 2712 umbraticis
445 2654 540 2711 hostiis
556 2652 638 2710 tinem
652 2653 801 2725 imposuit;
816 2660 843 2708 et
858 2649 1002 2724 singulare

197 2742 377 2812 sacrificium,
395 2743 469 2817 quod
483 2741 574 2799 aufert
588 2749 712 2818 peccata,
738 2742 860 2815 seipsum
882 2738 1002 2796 offerens

200 2833 327 2891 instituit.

235 2924 269 2979 D.
285 2923 353 2979 Cum
369 2920 496 2978 homines
510 2937 566 2978 non
589 2920 715 2978 colerent
729 2918 781 2975 nisi
804 2934 889 2974 unum
911 2916 1000 2973 Deum

101 3035 106 3045 ¹
197 3013 233 3070 ab
246 3012 333 3081 initio,
347 3012 418 3068 unde
437 3010 519 3085 coepit
540 3010 674 3067 idolorum
689 3008 805 3067 culturae
819 3006 1001 3081 superstitio?

199 3134 232 3147 ·-
246 3103 283 3159 Μ.
299 3101 378 3176 Apud
391 3102 477 3158 babel
497 3101 579 3157 turris
602 3101 743 3175 gigantum
767 3105 865 3155 exorta
888 3096 998 3169 legitur,

197 3194 277 3265 cujus
296 3191 410 3251 altitudo
439 3190 584 3264 sexaginta
605 3198 722 3263 quatuor
745 3188 895 3244 stadiorum
915 3186 1001 3241 luisse

196 3282 307 3351 iectur3
329 3282 356 3339 in
371 3298 423 3354 qua
437 3279 543 3356 primus
561 3296 609 3337 rex
624 3277 824 3351 hujusmundi,
853 3276 999 3341 Nemrutb‚

198 3380 225 3429 et
238 3380 336 3445 postes
349 3370 446 3438 Ninus,
462 3368 587 3441 regnarit
602 3387 609 3435 ;
635 3369 679 3441 qui
699 3367 765 3425 Belo
779 3365 850 3438 patri
866 3380 916 3421 suo
932 3364 1003 3419 ima-

197 3461 293 3535 ginem
307 3460 422 3527 iaciens,
441 3466 555 3517 cunctos
569 3458 621 3514 sibi
633 3456 797 3529 subjugatos
811 3470 871 3511 eam
886 3452 1005 3510 adorare

200 3550 454 3622 impossitionem
473 3555 536 3621 post
557 3546 605 3605 alii
631 3545 730 3604 imitati
750 3542 840 3603 charis
866 3543 933 3611 suis,
958 3550 1005 3599 aut

199 3636 418 3713 prepotentibus
432 3637 556 3712 regibus,
576 3636 690 3693 mortuis
704 3634 777 3692 idola
789 3633 927 3702 iecerunt,
943 3648 1006 3707 quae

197 3728 297 3803 nulum
322 3726 411 3785 colere
433 3726 645 3799 compulerunt:
668 3733 697 3782 ut
711 3725 858 3781 Cretenses
874 3737 925 3778 suo
940 3721 1000 3795 regi

195 3817 267 3887 lovi,
282 3825 311 3875 et
323 3817 505 3875 Athenienses
524 3814 650 3889 Cecropi,
669 3814 756 3872 Latini
774 3814 854 3879 iuno,
883 3808 1001 3868 llomani

199 3907 317 3965 Romulo
333 3924 341 3975 ς
355 3907 428 3963 unde
442 3905 544 3997 dicitur
560 3920 568 3962 z

332 4016 447 4073 Primus
461 4014 494 4071 itt
508 4014 572 4071 orla
589 4014 659 4071 Deos
676 4013 747 4084 tecit
766 4010 865 4066 timor.

633 4102 788 4172 (Paruum,
804 4097 932 4169 Frupm.)

199 4194 347 4251 Daemones
359 4207 427 4249 rero
441 4190 574 4250 formulas
588 4190 735 4257 intrabant,
754 4194 783 4245 et
804 4184 938 4259 populum
952 4199 1004 4257 per

198 4296 334 4354 respousa
347 4282 511 4337 seducentes
525 4279 714 4335 ludificabant.

234 4370 272 4428 D.
290 4369 342 4427 Ubi
357 4368 408 4425 luit
421 4369 504 4425 ltabel
518 4368 533 4422 l
547 4400 582 4411 -
597 4369 632 4424 ld.
649 4369 679 4423 ln
695 4366 755 4423 loco
772 4365 865 4439 inquo
879 4380 952 4421 nunc
963 4371 1005 4420 est

198 4474 298 4533 magna
326 4456 483 4531 Babylonia,
499 4472 582 4531 quam
596 4458 631 4513 de
645 4456 731 4512 latere
745 4464 773 4511 et
787 4455 919 4513 bitumine
933 4470 1002 4511 con·
1015 4444 1043 4507 D

198 4548 297 4607 struxit
310 4546 470 4605 Semiramis
488 4546 593 4620 regina,
617 4554 647 4601 ιιι
670 4543 772 4602 lateres
794 4544 862 4618 igni,
878 4544 1001 4600 bitumen

199 4654 279 4712 aquae
293 4637 461 4694 resisterent.
478 4636 562 4705 Cuius
577 4634 776 4710 longitudinem
790 4642 817 4690 et
831 4633 1002 4690 latitudinem

198 4744 249 4803 per
262 4727 409 4801 sexaginta
420 4724 547 4782 milliaria
555 4723 712 4781 extendisse
726 4723 834 4793 dicitur,
851 4722 921 4779 muri
936 4736 1003 4779 vero

199 4816 374 4875 latitudinem
404 4814 602 4889 quinquaginta
631 4813 803 4880 cubitorum,
833 4812 1003 4868 altitudinem

200 4906 380 4964 ducentorum
403 4905 559 4962 cubitorum
583 4902 755 4960 exstruxisse
776 4903 872 4959 femur.
907 4902 937 4958 ln
952 4901 1004 4956 bac

200 4996 311 5055 civitate
325 4994 482 5052 idololotria
497 4992 616 5065 cupisse
630 4992 797 5065 perhibetur.
813 4993 844 5048 lu
857 4992 909 5049 hac
922 4990 1004 5047 etiam

203 5084 389 5144 trochaeus
404 5083 562 5141 nasciturus
579 5082 715 5148 fortunat
729 5080 826 5138 dicitur
840 5098 848 5136 ε
866 5102 877 5128 a
893 5080 936 5136 De
950 5079 1004 5134 Ba-

201 5175 303 5248 bylone
325 5172 436 5231 coluber
458 5172 553 5241 exibit,
573 5170 620 5245 qui
647 5179 733 5229 totum
758 5170 889 5228 mundum
917 5169 1005 5226 dero·

200 5264 311 5321 robii·

200 5379 249 5438 22.
270 5380 369 5439 Utrum
393 5378 503 5437 ultorio
522 5392 592 5435 saro
613 5379 657 5435 vet
679 5376 797 5449 peremis
812 5370 1006 5448 praeparando

272 5472 358 5539 siret,-
382 5472 413 5528 εἰ
426 5468 528 5542 quibus
543 5466 635 5526 modis
652 5466 828 5541 propitietur
844 5466 929 5523 Deru.

236 5586 272 5642 b.
288 5586 357 5641 Sunt
370 5584 470 5641 ultuma
487 5600 558 5643 auro
573 5584 621 5641 val
631 5583 748 5658 gemmis
757 5583 1006 5658 properanda?-

239 5706 319 5779 (238)
333 5708 385 5779 Α..
400 5708 570 5768 mundare.

1057 454 1210 514 dedicanda
1225 468 1311 527 suut;
1335 446 1471 536 quae'sire
1494 462 1604 519 habenti
1628 462 1691 523 ideo
1717 464 1865 540 largieris,

1057 547 1121 617 quia
1136 550 1306 619 superiorem
1322 557 1348 607 te
1364 550 1476 621 asseris,
1493 552 1551 609 sire
1566 552 1677 608 habenti
1691 568 1795 626 parom,
1812 552 1865 629 (μ’

1057 644 1148 693 utrum
1169 637 1277 705 leceris,
1291 639 1462 721 'contumelia
1487 646 1552 712 est;
1579 657 1644 700 uem
1667 642 1715 717 qui
1735 643 1865 717 ooelsatia

1056 725 1152 797 pretiis
1166 726 1263 783 invitat
1277 726 1401 785 offendit.
1561 784 1564 790 .

1093 816 1127 871 b.
1144 814 1252 888 Quibus
1278 819 1398 873 maxims
1420 817 1578 890 propitiatur
1601 819 1682 876 nobis
1706 821 1864 879 Densi·-

1058 904 1218 981 thiemo:
1245 906 1327 977 Quod
1345 908 1435 964 solum
1457 906 1509 964 sibi
1529 924 1591 965 cum
1617 909 1727 969 bomine
1741 919 1794 979 est,
1809 926 1865 967 sua

1057 993 1139 1050 nimis
1159 992 1334 1053 similitudine
1351 996 1512 1052 delectatur.
1542 998 1612 1053 Nam
1636 999 1756 1057 Verbum
1784 1001 1865 1057 Dens

1058 1092 1107 1155 est,
1125 1084 1177 1141 hoc
1197 1084 1326 1141 muudum
1349 1086 1465 1153 creavit,
1487 1086 1539 1143 boc
1561 1085 1633 1161 regit
1655 1094 1740 1161 atque
1768 1088 1866 1147 omnis

1058 1173 1115 1229 ulit.
1133 1174 1190 1230 lloc
1205 1190 1255 1231 nos
1271 1190 1447 1245 veneramur,
1459 1173 1669 1249 hoodiligimus,
1686 1193 1720 1233 ex
1733 1177 1787 1238 boc
1799 1177 1866 1251 spi-

1059 1258 1139 1315 ritum
1156 1260 1297 1315 trahimus.
1315 1258 1457 1331 Siquidem
1480 1260 1554 1315 Deus
1573 1259 1686 1332 spiritus
1700 1269 1755 1329 est,
1770 1278 1865 1337 neque

1058 1346 1174 1404 terrenis
1189 1348 1290 1404 divitiis
1305 1364 1356 1404 nec
1371 1348 1498 1420 largitate
1508 1347 1648 1418 munifica,
1662 1349 1710 1408 sed
1721 1348 1866 1427 religiosis
1958 1354 1959 1357 ’

1058 1436 1189 1511 operibus
1204 1446 1230 1495 et
1244 1436 1396 1513 gratiarum
1408 1438 1515 1495 actione
1529 1434 1691 1511 placaridus.

1130 1584 1175 1640 2³.
1191 1583 1442 1656 Pampinationes
1460 1598 1548 1641 sacru
1566 1600 1606 1640 uo
1618 1582 1784 1658 probando.

1014 1724 1043 1789 Β
1094 1714 1128 1771 b.
1144 1714 1257 1771 Prodest
1273 1714 1490 1787 Hierosolymam
1500 1722 1605 1789 petere,
1618 1724 1666 1772 aut
1676 1715 1734 1773 alia
1746 1715 1808 1775 loca
1818 1732 1865 1773 aa·

1056 1820 1100 1861 cra
1114 1803 1260 1860 inrisere?
1280 1834 1313 1848 -
1328 1805 1367 1860 Μ.
1387 1804 1484 1859 Melius
1498 1812 1539 1862 est
1554 1804 1707 1877 pecuniam,
1723 1820 1787 1862 curu
1801 1821 1859 1879 qua

1055 1893 1118 1951 ituri
1134 1902 1208 1959 sunt,
1223 1892 1250 1947 iu
1260 1908 1394 1965 pauperes
1404 1892 1653 1965 expendere(l‘3³).
1668 1893 1700 1950 Si
1711 1894 1758 1967 qui
1768 1904 1863 1952 autent

1057 1998 1150 2039 umore
1165 1982 1266 2039 Christi
1280 1981 1402 2050 accensi,
1418 1982 1461 2039 vel
1476 1997 1588 2039 suorum
1598 1990 1773 2055 peccatorum
1788 1982 1862 2041 iacta

1056 2071 1241 2138 consessione.
1258 2080 1286 2129 et
1300 2070 1416 2145 pecunia
1430 2072 1465 2129 de
1490 2072 1604 2144 proprie
1625 2072 1787 2131 baeseditato
1813 2070 1863 2131 vel
1962 2086 1963 2131 t

1056 2162 1166 2235 proprio
1182 2161 1281 2219 sudore
1295 2160 1429 2233 acquisita
1443 2160 1535 2229 ierint,
1550 2169 1579 2217 et
1592 2176 1623 2219 ae
1632 2161 1661 2217 iu
1673 2160 1772 2219 itinere
1784 2160 1860 2235 apud

1055 2252 1290 2324 congregationes
1309 2258 1467 2309 sanctorum
1485 2250 1657 2309 emtionibus
1678 2250 1860 2309 comm

1055 2340 1152 2405 verim,
1167 2339 1203 2397 de
1218 2339 1301 2397 rebus
1314 2340 1372 2395 suis
1385 2338 1452 2411 ipsis
1466 2338 1510 2397 vel
1528 2338 1591 2397 eliis
1613 2340 1783 2414 Ρίῑψθῐὶῧϋ
1803 2340 1859 2397 inr-

1056 2428 1207 2502 portierint,
1222 2428 1350 2485 laudandi
1366 2436 1432 2485 sunt
1446 2428 1510 2501 quia
1527 2436 1556 2485 at
1570 2428 1676 2487 Helena
1690 2437 1719 2487 et
1733 2428 1859 2489 mort·

1056 2519 1209 2584 laudantur.
1226 2534 1287 2592 quae
1301 2519 1358 2577 baeo
1371 2516 1508 2577 feceruut.
1541 2518 1571 2576 si
1591 2518 1638 2593 qui
1657 2534 1725 2577 vero
1745 2526 1861 2591 propter

1056 2607 1239 2667 curiositatem
1266 2606 1311 2665 vel
1340 2606 1451 2663 laudern
1470 2608 1616 2664 humanam
1636 2606 1673 2665 ad
1693 2622 1773 2665 sacra
1798 2607 1862 2665 loca

1055 2696 1221 2766 discurrunt,
1234 2696 1288 2753 boc
1301 2695 1328 2752 iu
1350 2695 1482 2755 mercede
1495 2696 1643 2768 accipiunt,
1659 2696 1734 2770 quod
1747 2710 1860 2755 emuna

1055 2786 1128 2853 loca,
1141 2792 1189 2841 aut
1203 2785 1308 2843 decors
1322 2782 1439 2843 edificia
1448 2782 1577 2853 uiderint,
1592 2784 1636 2843 rel
1651 2784 1762 2843 landent
1774 2800 1860 2859 qmru

1055 2882 1215 2931 amaverunt
1228 2873 1379 2931 audierint.
1410 2873 1440 2931 Si
1459 2873 1507 2946 qni
1520 2882 1611 2931 autem
1623 2873 1740 2946 pecunia
1754 2890 1804 2947 pes
1815 2872 1863 2931 lu·

1054 2978 1147 3031 orum,
1162 2970 1209 3022 eut
1224 2979 1274 3036 per
1290 2962 1487 3029 baudement
1506 2979 1555 3035 per
1578 2962 1713 3035 rapinam,
1735 2969 1782 3021 aut
1810 2979 1864 3037 per

1014 3080 1040 3151 G
1056 3051 1268 3125 oppressionem
1292 3060 1455 3109 coacervata
1474 3052 1658 3126 perrexerint,
1680 3052 1722 3109 ita
1742 3052 1801 3111 ileo
1815 3052 1864 3111 rel

1056 3142 1159 3201 sanctis
1174 3149 1259 3201 eruut
1277 3140 1392 3213 accepti,
1413 3141 1484 3199 aiom
1497 3142 1521 3197 is
1539 3141 1585 3215 qui
1600 3140 1684 3199 lilium
1697 3157 1791 3201 comm
1806 3158 1860 3215 pa·

1057 3240 1099 3289 tre
1113 3247 1164 3289 suo
1180 3229 1312 3303 immolat,
1329 3238 1355 3287 et
1370 3229 1412 3289 sio
1434 3230 1556 3289 cruentis
1578 3230 1706 3289 manibus
1728 3231 1763 3289 ad
1782 3230 1863 3289 illurn

1058 3321 1142 3381 uenit.

1058 3467 1103 3525 tl.
1120 3466 1158 3522 tte
1172 3462 1317 3538 frequenti
1331 3461 1389 3520 ciii
1407 3460 1578 3539 indicantia,
1594 3465 1622 3519 et
1635 3462 1701 3519 cito
1720 3463 1860 3521 omino.

1095 3600 1133 3657 D.
1147 3598 1202 3657 Cur
1215 3600 1290 3657 Deus
1303 3612 1359 3655 nou
1368 3595 1507 3655 concessit
1521 3595 1624 3653 bomini
1639 3602 1668 3653 ut
1682 3596 1863 3669 mmptocibo

1060 3689 1159 3746 saltem
1181 3705 1231 3763 per
1251 3688 1433 3760 septimanam
1455 3694 1549 3759 posset
1562 3700 1657 3744 carere
1670 3686 1797 3745 ittot-
1818 3686 1860 3743 Ι.

1061 3779 1158 3835 Fames
1172 3785 1215 3834 est
1230 3792 1285 3836 uua
1303 3776 1339 3833 de
1353 3774 1441 3849 poenis
1456 3776 1577 3847 peccati.
1595 3774 1684 3833 llomo
1695 3775 1738 3833 sio
1750 3782 1863 3833 masma

1060 3876 1129 3936 erat,
1147 3875 1187 3936 ut,
1200 3866 1224 3921 si
1241 3866 1333 3927 vellet,
1350 3865 1410 3923 siue
1430 3864 1528 3921 labore
1541 3864 1648 3922 rivaret
1661 3864 1770 3923 beatus.
1787 3865 1866 3921 Poet-

1061 3972 1141 4031 quam
1154 3964 1243 4012 autern
1263 3954 1372 4023 occidit,
1395 3970 1452 4011 nou
1476 3953 1529 4011 uisi
1553 3968 1605 4026 par
1629 3952 1757 4013 laborem
1770 3954 1866 4013 redire

1060 4046 1159 4118 putuit.
1179 4044 1231 4115 Qui
1246 4044 1270 4101 si
1285 4044 1395 4112 lumem,
1412 4042 1568 4118 culingas,
1583 4042 1629 4100 rel
1643 4050 1741 4102 mera
1754 4043 1863 4101 incont-

1060 4134 1143 4193 mode
1156 4149 1213 4191 nou
1230 4134 1388 4197 sustineret.
1399 4130 1527 4190 laborare
1537 4130 1641 4199 nollet;
1657 4142 1685 4188 et
1698 4130 1740 4191 sio
1754 4146 1865 4205 anper

1059 4222 1206 4279 extorrisa
1223 4238 1309 4297 tegno
1322 4228 1464 4281 maneret.
1496 4220 1598 4281 indidit
1618 4234 1688 4295 sago
1710 4220 1737 4279 oi
1759 4220 1862 4279 umen

1059 4312 1143 4383 Deus,
1155 4318 1184 4370 ut
1198 4312 1251 4369 bac
1268 4310 1432 4369 necessitate
1455 4318 1568 4369 coactus
1594 4308 1712 4381 laboret,
1734 4318 1762 4369 et
1779 4309 1864 4371 eorm

1059 4402 1112 4459 huo
1141 4402 1287 4460 occasione
1310 4400 1401 4458 redire
1428 4407 1521 4472 queat.
1550 4398 1585 4457 Et
1612 4400 1665 4457 boa
1694 4407 1801 4459 tantam
1825 4400 1864 4457 da

1058 4491 1153 4549 electis
1165 4492 1268 4563 accipe,
1290 4506 1352 4547 nam
1377 4488 1505 4561 reprobis
1529 4487 1621 4547 omnia
1642 4489 1679 4546 od
1692 4502 1805 4562 pmnr
1817 4488 1863 4549 it·

1056 4581 1141 4638 ciunt.

1093 4670 1131 4727 tt.
1148 4670 1198 4727 Est
1222 4668 1329 4727 homiui
1342 4668 1478 4727 terminus
1494 4668 1555 4728 ritas
1568 4666 1737 4741 praetitulas
1753 4684 1762 4735 ς
1787 4675 1818 4725 ιιι
1839 4666 1863 4724 si

1056 4767 1147 4833 potest
1169 4760 1242 4815 buno
1258 4759 1393 4818 excedere
1408 4758 1536 4825 virendo,
1559 4756 1602 4817 rel
1627 4757 1780 4831 prevenire
1799 4772 1862 4815 rno-

1057 4850 1157 4907 riendo
1171 4850 1185 4904 i
1199 4880 1235 4890 —
1250 4850 1288 4904 Μ.
1305 4848 1458 4922 Unicuique
1471 4855 1653 4906 statuumeut
1665 4863 1683 4904 a
1697 4848 1757 4905 lieo
1770 4862 1863 4922 quam-

1057 4939 1103 4995 diu
1119 4940 1210 4996 virere
1223 4938 1322 4995 debeat
1337 4938 1366 4995 in
1378 4938 1434 4995 boc
1449 4937 1573 4996 seculo:
1601 4936 1674 4996 ultra
1694 4950 1778 5011 quan
1801 4944 1862 4994 ter·

1057 5028 1161 5085 minum
1176 5030 1258 5085 bomo
1279 5044 1334 5085 non
1348 5035 1438 5100 potest
1451 5026 1556 5095 rivere,
1573 5026 1616 5083 rel
1637 5042 1721 5083 unum
1734 5041 1862 5084 momen·

1058 5127 1125 5188 tom,
1142 5124 1171 5173 ut
1184 5117 1299 5175 dicitur:
1316 5116 1646 5177 tonrotatrtttrmtnor
1653 5116 1862 5191 ejuratam

1059 5206 1144 5264 teriri
1156 5223 1215 5264 nort
1226 5211 1363 5281 potarunt
1372 5206 1442 5280 (ioh.
1454 5222 1511 5276 arv,
1526 5206 1566 5277 i).
1585 5204 1679 5263 Potest
1692 5210 1786 5261 autom
1794 5202 1864 5261 mul·

1058 5297 1093 5355 tis
1121 5296 1211 5355 modis
1235 5296 1402 5363 antermire,
1423 5296 1482 5353 sire
1505 5294 1533 5353 iu
1550 5310 1628 5353 anua
1647 5292 1692 5353 rel
1711 5292 1740 5349 in
1762 5292 1876 5375 trem

1057 5386 1174 5455 ruendo,
1192 5400 1241 5443 seu
1254 5400 1361 5443 veneno
1375 5384 1419 5443 rel
1443 5384 1543 5458 laqueo
1558 5382 1642 5441 ritem
1660 5382 1863 5456 uwruaeodo,

1044 5484 1104 5532 -ιιιι
1118 5475 1236 5532 llsmmis
1259 5474 1302 5533 vel
1316 5473 1397 5531 undis
1412 5473 1567 5544 insiliendo,
1594 5472 1665 5531 sicut
1677 5470 1864 5531 mercenarius

1058 5564 1153 5641 pravis
1176 5563 1304 5623 moribus
1326 5572 1418 5638 potest
1441 5562 1550 5623 afficere
1565 5562 1858 5631 arnousetunnar·
