3942 6067
189 148 243 212 ιιι
529 140 682 211 tuhoth
698 140 951 245 shchstobhir.
972 140 1057 217 OPP.
1076 146 1164 211 PARS
1183 146 1234 211 m.
1256 183 1292 201 ...
1308 148 1510 213 minueret.
1798 149 1858 209 tut

72 244 94 253 ἡ
187 286 215 335 et
229 276 414 353 clererreqni
428 266 561 337 coelc'mm
575 278 686 349 (licitis.
703 280 772 351 rvr),
792 278 905 353 pulsate
933 292 995 334 eum
1011 277 1038 342 A
1054 284 1083 333 et
1102 278 1231 350 aperiens
1252 287 1348 354 portae
1367 258 1442 348 rite,
1467 277 1668 337 introducatnos
1681 277 1717 335 ad
1747 236 1857 351 gaudia

34 384 40 391 ·
184 370 323 436 premens,
352 376 381 426 ut
401 384 452 425 vce
479 366 606 425 absolvat
629 367 788 427 avinculis
813 376 999 441 peccatorum,
1053 366 1225 440 anpelnmm
1241 368 1479 443 quecculnenon
1496 366 1572 437 uidit,
1590 375 1646 425 etc.
1670 366 1700 440 (l
1721 365 1784 425 dar.
1798 366 1852 439 u).

230 520 265 584 Si
274 519 424 584 festivum
438 520 538 583 sancti
553 518 687 602 Methym
701 520 733 581 in
744 518 911 583 Dominico
925 520 1079 595 evenerit,
1096 519 1167 583 hec
1180 521 1224 583 de
1237 539 1277 585 ιι
1293 524 1401 586 ιιιιιι
1421 519 1571 585 convenit
1587 535 1600 583 .·

220 679 299 739 Votis
312 680 422 748 ιιιιιιι,
441 678 621 750 dilectissimi,
642 679 758 739 multum
777 683 870 753 potest
891 678 989 737 lavere
1046 677 1138 738 clesie
1153 680 1302 754 presulatu
1314 679 1493 755 praefecerit?
1510 710 1546 722 -
1559 678 1640 749 Quis,
1655 676 1753 751 inquit,
1773 676 1854 735 illius

186 770 308 845 precatio
322 769 409 839 sancti
421 770 536 843 apostoli
554 771 677 842 mathye,
694 770 777 843 cnjus
791 768 922 826 natalicia
936 784 987 827 co·
1046 784 1108 826 sum
1121 775 1248 845 angelus,
1264 771 1313 827 tihi
1326 771 1361 827 ad
1375 769 1519 828 cueodem
1533 767 1631 825 abillo
1645 767 1803 840 deputatus,
1818 774 1852 823 et

186 859 268 917 limus
288 860 381 917 hodie.
411 859 478 916 Cum
502 859 600 927 dudae,
625 874 696 920 unus
719 875 752 915 ex
767 860 829 923 llll,
845 858 991 915 Dominum
1046 859 1176 932 quicquid
1198 876 1214 915 a
1238 862 1295 916 [ιιι
1318 860 1429 931 petieris
1451 874 1560 932 perme
1574 857 1742 929 impetrabis,
1760 871 1853 929 usque

186 948 269 1007 XXX
281 948 401 1006 denariis
415 947 586 1006 uendidisset
600 955 627 1005 et
640 948 727 1005 ludaei
741 964 839 1021 agrum
853 947 881 1003 in
900 946 993 1019 sepul·
1045 948 1112 1004 dum
1125 948 1217 1005 vultui
1231 950 1291 1021 ejus
1305 949 1338 1020 <l-
1353 948 1418 1014 lta)
1432 964 1515 1021 quem
1536 947 1679 1005 desiderat
1692 945 1813 1003 astabis.
1835 968 1850 995 ο

186 1046 274 1095 turam
289 1037 502 1111 peregrinorum
524 1037 567 1094 his
583 1037 707 1095 denariis
728 1037 870 1106 emissent,
896 1035 993 1093 infelix
1046 1038 1112 1095 lirec
1125 1046 1155 1095 ut
1167 1037 1245 1106 dixit,
1259 1054 1292 1096 ex
1306 1037 1394 1097 oculis
1409 1037 1532 1093 mirantia
1551 1036 1674 1093 evanuit.
1691 1035 1852 1109 Gregorius

184 1128 269 1184 ludas
282 1128 310 1183 in
324 1128 421 1185 ecdem
437 1142 506 1201 agro
530 1142 682 1200 suspensus
705 1126 812 1183 medius
833 1126 950 1198 crepuit,
966 1133 994 1182 et
1047 1136 1137 1183 autern
1152 1127 1302 1185 immensas
1316 1127 1420 1201 gratias
1434 1126 1614 1199 omnipotenti
1630 1126 1688 1182 lieo
1701 1124 1769 1199 epit,
1786 1122 1853 1179 inii-

183 1220 277 1277 eisusie
301 1220 455 1278 visceribus
484 1220 575 1278 scelus
604 1220 766 1292 perditionis
807 1216 993 1294 [proditionis]
1047 1216 1116 1273 nitas
1143 1218 1307 1275 elemosinae
1335 1216 1429 1275 iacere
1450 1215 1542 1291 coepit,
1564 1231 1615 1290 pro
1642 1214 1740 1288 quibus
1767 1213 1856 1270 hodie

185 1310 244 1367 luit.
259 1312 289 1367 ln
303 1309 380 1381 cujus
394 1310 485 1367 locum
501 1311 625 1383 lialhyaa
639 1309 675 1365 ab
689 1308 823 1381 apostolis
836 1325 886 1381 per
900 1308 994 1382 Spiri-
1047 1305 1204 1377 centuplum
1218 1307 1345 1363 civitam
1357 1316 1488 1363 aeternam
1502 1304 1618 1377 recepit.
1637 1304 1726 1370 lianc,
1754 1302 1856 1359 karie-

184 1407 243 1456 tum
267 1408 391 1456 sanctum
414 1399 532 1473 eligitur,
558 1408 584 1456 et
608 1399 795 1457 duodenarius
818 1414 948 1455 numerus
975 1412 993 1453 a
1048 1393 1120 1463 simi,
1136 1395 1303 1463 clemosinis,
1319 1406 1345 1452 el
1358 1392 1737 1467 huniaoperihusimilsmiui,
1751 1393 1856 1463 uteJ'ns

185 1488 295 1546 Christo
319 1498 498 1546 consecratus
520 1488 644 1559 expletur
665 1490 737 1561 (Aci.
761 1488 803 1559 ιι).
825 1488 875 1545 liic
900 1486 928 1543 in
941 1487 993 1543 Ju-
1047 1483 1215 1557 precibusin
1229 1481 1856 1558 gaudinmltcminiintraremereamiui,quoti

185 1578 244 1636 daea
258 1578 409 1651 predicens
437 1578 538 1635 multos
566 1579 601 1634 ad
627 1576 707 1635 iidem
733 1576 879 1645 convertit,
909 1575 994 1633 muita
1047 1569 1144 1627 oculus
1158 1586 1213 1627 nun
1227 1570 1337 1641 vidit(l
1350 1567 1414 1628 Cor.
1433 1571 1480 1639 ιι).

186 1669 307 1725 aduersa
321 1684 370 1740 pro
384 1667 486 1725 Christi
497 1667 608 1723 nomine
623 1667 744 1739 pertulit,
761 1668 869 1723 tandem
893 1664 926 1737 (ιο
941 1667 993 1721 lod
1280 1709 1320 1766 ,k
1332 1711 1441 1766 mm
1450 1706 1600 1766 ,mm

185 1758 231 1830 ιι)
244 1756 366 1830 glorioso
381 1756 435 1813 line
449 1772 500 1829 pro
514 1756 632 1815 Domino
647 1757 788 1814 occubuit.
807 1754 860 1825 Qui
881 1770 944 1813 cum
958 1754 995 1811 eit

185 1864 256 1904 unus
277 1863 309 1903 ex
334 1845 368 1903 ils
390 1846 503 1919 quivus
525 1846 554 1902 in
570 1846 730 1902 novissimis
744 1853 787 1901 est
810 1845 981 1915 iudicaturus
1085 1832 1266 1891 Exulltssdum
1281 1832 1362 1889 nobis
1383 1840 1433 1901 θιῑ,
1450 1830 1634 1899 dilectissimi,
1659 1830 1687 1886 5¹¹
1707 1829 1854 1896 hodiem.

185 1932 337 2009 supplicate
352 1935 377 1992 ei
392 1936 519 2007 precibus
532 1943 560 1991 et
573 1934 702 1993 leudibus
717 1942 747 1991 ur
761 1943 835 2003 tune,
858 1950 920 1992 cum
945 1904 994 1989 (102
1050 1924 1233 1982 sollemnitate
1247 1922 1412 1981 sanctissimi
1427 1920 1521 1978 Patris
1535 1921 1620 1977 nostri
1636 1920 1783 1977 Benedicti.
1799 1919 1858 1989 Qui

58 2082 62 2089 ⁸
186 2026 253 2083 gqis
280 2025 362 2082 gustui
389 2032 416 2082 et
445 2025 553 2082 dutqem
581 2040 690 2093 vocem,
724 2026 820 2083 Venite
849 2022 997 2083 bendicti
1050 2023 1079 2070 ut
1095 2012 1204 2069 Lucifer
1218 2021 1307 2079 sonat,
1323 2008 1860 2081 rutilatdecusaetrnrum,sicresplen·

185 2116 298 2188 (Ιιιιι.
310 2122 394 2184 axvi,
408 2114 571 2171 mereamini
585 2115 692 2171 audire.
712 2112 793 2185 Quod
815 2114 913 2173 oculus
940 2127 996 2170 non
1049 2103 1222 2177 duitqemuaa
1233 2102 1440 2157 monachorum.
1457 2100 1508 2156 llic
1524 2098 1608 2157 nobili
1623 2106 1701 2155 ιιιιι
1711 2097 1855 2169 prosapia,

185 2204 266 2275 vidit,
283 2213 341 2263 etc.
360 2205 384 2278 (l
396 2204 457 2265 Gor.
473 2211 518 2276 ιι).
1050 2194 1144 2250 Rome
1158 2191 1272 2247 traditur
1283 2189 1317 2245 ad
1332 2189 1483 2246 litterarum
1498 2188 1586 2244 stadie
1602 2206 1611 2256 ς
1625 2187 1676 2244 ιιι
1686 2188 1858 2243 mundanam

1051 2280 1213 2354 sapientiam
1226 2281 1375 2351 Romeque
1390 2277 1466 2335 urhis
1479 2277 1596 2351 gloriam
1611 2275 1746 2348 despexit,
1764 2276 1858 2335 aulam

1052 2370 1152 2428 Christi
1166 2369 1256 2427 crucis
1270 2368 1449 2443 ignominiam
1459 2367 1567 2423 dilexit.
1584 2366 1655 2423 Nam
1674 2364 1778 2425 Urbem
1788 2380 1858 2423 ece·

220 2450 371 2512 celebriter
384 2454 482 2510 summi
497 2452 635 2527 pontilicis
649 2452 737 2511 saneti
751 2451 879 2526 Gregorii
914 2459 999 2525 auget
1051 2458 1147 2533 iusque
1160 2460 1291 2526 emeruit,
1305 2460 1341 2513 ιι
1355 2458 1539 2530 presbiterum
1552 2455 1720 2513 Ecclesirein
1735 2454 1859 2512 servicio

185 2540 266 2601 nobis
279 2543 379 2617 gaudia
394 2543 475 2617 hujus
491 2542 579 2599 sancti
593 2542 658 2614 diei,
674 2542 719 2617 qui
736 2551 863 2615 tempora
888 2557 939 2599 sua
961 2542 1000 2597 si·
1053 2551 1100 2607 nei
1115 2564 1146 2606 se
1160 2549 1287 2605 contulit,
1306 2547 1361 2604 sed
1383 2546 1473 2602 uuam
1498 2561 1560 2619 que
1580 2545 1639 2615 epig
1666 2559 1760 2601 amose
1787 2545 1858 2600 sart.

185 2631 248 2706 ffltis
264 2641 291 2690 el
306 2633 452 2689 vitutibus
467 2633 610 2691 decoravit
624 2631 779 2689 etdomum
799 2632 849 2689 liei
875 2632 955 2689 dictis
970 2638 998 2688 ei
1052 2641 1123 2697 etius
1137 2638 1252 2706 inhesit,
1269 2636 1327 2694 sola
1351 2645 1413 2708 ριιι
1433 2652 1495 2691 enm
1519 2634 1606 2691 venit.
1623 2632 1857 2705 Quoepraestitum

189 2720 298 2794 scriptis
309 2722 482 2795 perornavit.
502 2722 553 2780 liic
563 2723 670 2791 beatus,
685 2723 775 2795 primo
786 2721 885 2789 laicus,
896 2722 931 2778 de
941 2736 1000 2794 ge·
1052 2728 1106 2784 sibi
1120 2727 1296 2800 capisterium
1308 2725 1418 2781 incaute
1432 2723 1533 2797 posuit,
1549 2730 1621 2796 qnod
1637 2724 1741 2779 cadens
1749 2724 1779 2777 in
1787 2736 1858 2794 par·

191 2826 293 2869 neroaa
315 2820 472 2869 senatorum
498 2811 631 2885 dignitate
660 2812 831 2884 progenitus,
861 2808 995 2866 inmensis
1053 2815 1235 2874 tesdissituit.
1262 2815 1436 2883 Benedictus,
1461 2822 1491 2869 ut
1511 2811 1643 2871 nutmcem
1666 2812 1779 2869 denum
1792 2827 1859 2884 rep·

192 2898 302 2957 diviciis
315 2908 374 2955 erat
388 2899 534 2972 preditus.
552 2899 630 2957 Unde
643 2909 670 2957 et
681 2908 788 2973 septem
796 2898 995 2974 congregatio·
1051 2904 1132 2980 perit,
1148 2922 1200 2961 vas
1218 2902 1388 2961 contractum
1403 2902 1557 2976 integritati
1572 2901 1702 2974 precihus
1717 2900 1854 2957 restituit.

187 3002 237 3047 nes
252 2988 287 3045 de
301 2988 419 3061 propriis
433 2989 586 3046 construxit
598 2988 744 3060 reditibus,
759 2988 788 3043 in
804 3004 920 3061 querum
940 3004 994 3045 una
1052 2993 1132 3065 Quod
1143 2994 1210 3051 dum
1222 3009 1273 3065 pro
1287 2992 1368 3066 signo
1383 3000 1447 3049 ante
1462 2992 1536 3049 iores
1549 2991 1676 3048 ecclesie
1699 2990 1857 3062 suspende·

189 3076 250 3165 ipse
264 3076 353 3135 lacus
367 3084 410 3135 est
422 3078 586 3135 monachus.
602 3078 633 3133 ln
648 3094 701 3150 qua
715 3094 778 3157 cnm
795 3076 854 3135 Deo
866 3086 893 3134 et
907 3076 982 3133 homi
1053 3092 1104 3152 ιιι,
1121 3083 1285 3141 Benedictus
1299 3081 1368 3155 lngit
1381 3083 1453 3139 clam
1467 3097 1503 3137 ue
1516 3080 1553 3136 ab
1572 3079 1728 3137 hominihus
1755 3078 1857 3136 landa·

187 3167 268 3225 nibus
282 3175 377 3225 sancta
392 3166 605 3225 conversatione
618 3175 692 3223 esset
705 3174 845 3239 acceptus,
874 3166 912 3222 ab
925 3181 998 3243 apo·
1051 3180 1136 3231 retur,
1150 3171 1279 3229 Tendens
1294 3171 1386 3243 iusque
1398 3171 1434 3227 ιι
1449 3172 1604 3239 heremum,
1619 3169 1732 3226 sisciam
1759 3167 1859 3224 habuit

186 3257 284 3315 stolicu
306 3256 514 3314 archidiaconus
541 3255 694 3326 ordinatur,
720 3265 747 3313 et
761 3272 814 3313 non
831 3255 917 3312 multo
931 3272 996 3328 pouq
1051 3264 1205 3319 nomadum
1231 3261 1408 3329 monachum,
1436 3259 1485 3333 qui
1511 3267 1574 3331 post
1602 3267 1680 3331 pater
1707 3257 1858 3314 multorum

186 3361 260 3418 papa
289 3345 372 3403 Urbis
401 3346 537 3403 elevatur.
553 3346 604 3415 Qui
621 3345 710 3402 verbo
725 3353 752 3402 ιι
766 3344 898 3418 exemplo
913 3353 998 3401 tutam
1010 3335 1036 3399 C
1050 3352 1137 3410 extitit
1150 3352 1360 3421 monachorum,
1384 3349 1430 3423 qui
1459 3347 1485 3405 ei
1510 3348 1624 3405 tradidit
1650 3346 1773 3403 habiturn
1791 3346 1859 3402 nell·

187 3432 341 3492 Eccl'esiam
358 3434 395 3490 ιιι
409 3434 576 3491 illuminabat
593 3442 621 3491 ut
635 3434 676 3491 sol
691 3450 741 3491 sun
753 3434 995 3506 juberemundum
1050 3441 1140 3515 pionis
1163 3447 1191 3498 et
1214 3438 1340 3496 instruxit
1362 3438 1475 3495 mudum
1498 3446 1599 3496 sancte
1619 3435 1854 3495 cunvemationia.

188 3520 317 3581 illustrat.
335 3523 412 3581 Unde
427 3531 453 3579 et
469 3522 607 3598 lluqliam,
628 3540 715 3597 usque
739 3524 774 3581 ed
798 3523 863 3579 illud
888 3531 997 3595 tempus
1050 3532 1136 3601 nujus
1148 3530 1262 3586 ltomsni
1277 3528 1347 3586 cells
1359 3527 1387 3584 in
1402 3536 1494 3584 monte
1509 3534 1570 3584 ιιιι
1592 3535 1690 3599 posita,
1714 3525 1751 3582 ad
1774 3524 1858 3595 cujus

191 3612 325 3670 idolatrie
338 3612 470 3683 deditam,
486 3613 521 3669 ad
538 3610 619 3671 fidem
631 3611 731 3669 Christi
746 3620 928 3686 pertraxerat.
1051 3619 1172 3676 redicem
1186 3617 1309 3675 latitabat
1323 3616 1486 3673 liscedictus
1499 3616 1528 3672 in
1544 3615 1689 3689 spelunca.
1716 3615 1858 3672 Romanus

226 3710 300 3767 Ante
316 3719 457 3783 acceptum
472 3706 638 3784 pontificium
649 3709 725 3767 solus
740 3708 887 3768 scribendo
897 3709 997 3767 sedere
1051 3715 1143 3766 cutem
1155 3706 1266 3764 cottidie
1280 3721 1379 3780 panem
1393 3704 1421 3761 in
1444 3705 1536 3763 lunem
1554 3704 1669 3779 ailiqatc
1693 3701 1859 3759 titinnabulo

192 3800 348 3871 consuevit,
364 3798 412 3856 uhi
430 3800 545 3873 quadam
560 3799 606 3857 die
619 3799 735 3875 angelus
745 3798 855 3857 Domini
864 3799 891 3855 in
906 3796 999 3872 specie
1052 3796 1114 3871 (ciel
1129 3796 1276 3854 benedicto
1290 3794 1408 3868 simpsit.
1425 3794 1480 3852 Sed
1495 3793 1633 3859 diabolus,
1655 3792 1786 3850 inridens
1798 3806 1860 3847 ans·

191 3889 336 3965 naulraugi
360 3890 421 3961 (ric)
446 3886 559 3947 advenit
578 3889 780 3963 gemebundus,
802 3888 863 3959 ejus
887 3888 996 3959 adiuto-
1052 3886 1151 3954 bobus,
1164 3886 1239 3955 jacto
1253 3884 1344 3957 lapide
1358 3882 1571 3941 tintinnabulum
1580 3881 1752 3941 comminuit.
1765 3880 1859 3937 Bene—

192 3980 260 4037 rium
274 3979 363 4053 petiit,
379 3994 397 4035 ι
411 3991 466 4053 quo
480 3993 545 4035 moa
558 3995 607 4036 aes
627 3994 729 4035 aureos
757 3978 873 4051 accepit.
902 3978 1000 4035 Denuo
1053 3975 1143 4033 ιιιιιι
1157 3975 1249 4049 iisque
1262 3973 1379 4031 triennio
1396 3972 1585 4031 heremiticam
1612 3972 1699 4029 ιιιιιιι
1727 3969 1814 4038 duait,
1830 3978 1860 4027 et

192 4084 326 4127 reversus
341 4084 423 4141 opem
436 4066 599 4139 inportunis
614 4068 735 4125 vocibus
745 4066 883 4141 implorat.
894 4065 949 4123 Sed
958 4065 1001 4122 vir
1054 4063 1209 4123 bominibus
1223 4063 1390 4137 incognitus,
1406 4062 1461 4120 soli
1475 4062 1533 4120 er
1546 4060 1674 4135 nequitus
1690 4059 1750 4117 luit.
1778 4058 1860 4118 Uude

194 4156 246 4216 Dei
260 4156 386 4214 similiter
400 4156 425 4214 ei
441 4155 476 4213 vl
489 4154 655 4213 numismate
669 4158 766 4213 donat.
781 4156 879 4214 Terciu
903 4156 1001 4213 eodem
1053 4161 1081 4211 et
1105 4154 1166 4227 ipsa
1191 4152 1234 4209 sui
1256 4152 1368 4209 athlete
1386 4166 1481 4209 ruram
1496 4149 1588 4207 hahuit
1603 4167 1612 4208 ε
1626 4150 1695 4206 Nam
1709 4156 1859 4223 postquam

188 4245 233 4303 die
245 4245 403 4313 revertitur,
419 4243 552 4303 cnsilium
564 4241 633 4303 licbi
645 4243 708 4301 liter
733 4252 869 4318 precatur.
897 4242 950 4301 Sed
975 4243 1003 4301 ei
1053 4242 1190 4316 presbiter
1203 4240 1315 4313 quidam
1328 4240 1425 4313 epulas
1438 4240 1556 4298 delicate
1570 4240 1623 4295 sihi
1637 4238 1665 4295 in
1690 4238 1795 4295 Pascha
1815 4236 1861 4292 in·

193 4344 325 4409 argentea
341 4333 457 4393 scutella
473 4334 566 4392 avire
580 4334 633 4392 Uei
646 4334 772 4393 dabatur.
788 4332 842 4404 Qui
860 4330 1003 4405 accipiens
1055 4332 1163 4403 struxit,
1178 4330 1356 4389 hominusea
1370 4328 1640 4387 Banedictodelerre
1666 4326 1757 4400 jussit.
1788 4326 1860 4383 Uul-

194 4423 360 4497 amplecitur
387 4422 616 4497 gratulabundus,
645 4420 770 4481 abscedit
784 4421 875 4481 letas.
897 4420 1004 4495 Grequ-
1054 4421 1249 4479 tasadiatelo
1262 4420 1453 4495 temptationes
1466 4418 1585 4493 pertulit,
1614 4433 1684 4493 quas
1706 4431 1804 4475 cmncs
1815 4414 1860 4471 ri·

193 4512 251 4572 rius
275 4527 357 4581 uero,
378 4513 477 4586 edeple
503 4510 673 4585 pontificatu,
699 4527 762 4569 cum
785 4527 842 4569 non
864 4510 954 4569 solum
973 4510 1002 4567 in
1055 4510 1145 4568 riiiter
1158 4509 1275 4568 devicit.

191 4600 277 4669 Urbe,
293 4602 342 4659 sed
358 4618 559 4675 usqueversum
574 4601 602 4657 in
617 4601 683 4658 orba
708 4616 845 4674 pauperes
871 4598 1003 4657 innume-

204 4708 237 4751 ιι
252 4688 287 4750 de
300 4686 475 4749 lacultatihue
489 4688 622 4749 licclesire
637 4698 778 4763 pasceret,

188 4769 257 4839 'lidie
273 4778 396 4839 '‘1¹⁸⁰ae
415 4779 667 4881 m⁰i⁵ae⁸d⁶⁸⁸⁰¹¹b
678 4778 872 4879 ‘³¹²¹'sipsffl‘'
884 4778 1001 4881 dm·
1056 4815 1116 4872 duit
1128 4815 1202 4888 quod
1216 4830 1287 4887 pene
1299 4810 1429 4884 cupidine
1444 4811 1534 4869 rictus
1556 4808 1700 4869 heremum
1718 4809 1855 4869 descruit.

191 4866 296 4929 decret.
311 4870 435 4943 Quadam
450 4870 494 4926 ιιι
510 4868 574 4925 lilii
589 4868 687 4926 adesse
701 4878 727 4927 et
742 4868 1000 4927 terciumdecimum
1055 4904 1118 4960 κω
1133 4910 1210 4959 ,me
1224 4911 1322 4959 uun„
1336 4898 1430 4958 ,mdiu
1443 4900 1473 4957 q,
1489 4897 1578 4973 „qm
1600 4909 1628 4957 e,
1650 4898 1744 4958 „mors
1767 4900 1860 4955 undu,

185 4976 236 5035 W
249 4960 377 5018 mm*
398 4960 501 5060 [Μ’.
523 4974 554 5015 ⁸⁶
571 4967 700 5060 'bum‘
718 4958 811 5061 ,Μ’
834 4959 928 5059 ΜΨ
945 4966 1003 5059 “⁸7
1055 4990 1232 5050 volutabatur
1245 5005 1389 5065 quousque
1402 5003 1492 5045 omnis
1505 4985 1551 5044 illa
1572 4984 1691 5045 carnaiis
1712 4983 1861 5046 delectatio

186 5050 367 5123 quesuhlata,
383 5048 530 5106 duodecim
547 5047 624 5106 ahrre
638 5056 772 5121 permisit,
790 5055 906 5105 tertium
919 5045 995 5103 dect·
1054 5081 1090 5153 (ᾗ
1103 5082 1154 5139 „⁸
1180 5083 1225 5152 v„
1239 5079 1449 5153 effingam„
1471 5079 1537 5135 Po„
1550 5077 1859 5137 mmmmm&

185 5154 261 5197 mum
276 5154 369 5196 aecum
385 5137 512 5203 retinuit:
528 5152 611 5211 quem
627 5136 992 5209 escretcdacenaquisnam
1050 5131 1098 5227 ,io
1110 5121 1196 5225 ,ὡς
1223 5166 1381 5241 ,raficum
1396 5121 1530 5224 sed'dum
1549 5164 1586 5225 ab
1609 5182 1643 5225 ω
1661 5165 1796 5241 mm„
1815 5165 1857 5222 d,

142 5300 150 5311 ι
186 5236 258 5287 essct
274 5226 430 5302 inquisivit.
448 5228 486 5283 Δι
499 5226 570 5326 ille:
588 5248 601 5277 ι
619 5226 679 5298 ligo
693 5239 753 5280 sum
767 5224 813 5281 ille
826 5224 977 5297 nsuirapua
1000 5304 1015 5329 ·
1055 5257 1309 5325 ‘mmmmm’
1325 5273 1343 5313 ι
1357 5256 1498 5329 ,mimus
1527 5255 1553 5313 e,
1580 5271 1718 5314 monum
1747 5255 1859 5329 ,nm

185 5316 325 5391 ‘imm
338 5330 354 5371 ⁸
368 5324 397 5417 ξ’
411 5314 565 5415 ΧΠ,”““”
579 5321 607 5371 ⁰¹
620 5312 1015 5415 ⁸⁰⁰“u⁸⁸'⁸ff⁰⁸⁶⁸⁰⁰⁰,⁵⁰'’
1055 5348 1216 5423 porrigitur.
1232 5344 1319 5404 Porro
1332 5361 1395 5403 cum
1409 5345 1456 5403 ille
1467 5347 1576 5419 signum
1591 5345 1680 5403 erucis
1693 5344 1788 5411 edidit.
1803 5360 1858 5402 vae

184 5406 267 5463 ω’
294 5406 410 5463 mmm
422 5405 472 5461 ω
497 5412 626 5503 mmm
648 5417 706 5502 ,pm
736 5402 789 5459 ¹¹⁰⁰
804 5417 834 5457 ¹¹¹
849 5416 997 5474 mmm
1056 5438 1175 5494 vitreum
1199 5436 1227 5492 in
1250 5450 1335 5493 manu
1358 5433 1476 5491 ministri
1498 5434 1535 5490 ιιι
1558 5432 1728 5492 confractum
1750 5429 1857 5507 crepuit

185 5494 246 5553 ”⁰⁰
259 5491 517 5553 ¹⁰⁶⁸‘⁰¹¹¹···⁰“⁰
530 5500 613 5562 ”⁰⁸⁰²
627 5499 675 5563 ⁸¹¹²
691 5489 826 5565 quanm
850 5490 924 5549 Μ
940 5490 1001 5550 ¹³⁰·
1054 5526 1199 5615 eampo
1212 5538 1294 5585 ιιι
1307 5523 1543 5598 uptrmjeeru.
1558 5520 1857 5595 quiesceremus

225 5618 298 5692 titt)
311 5616 398 5679 Dactt
410 5618 526 5695 aliquid.
1067 5626 1072 5633 ·
1722 5609 1727 5619 ’

382 2327 423 2385 llc
440 2330 544 2387 acacio
564 2328 696 2401 Grcqcrie
714 2344 798 2401 pcpc.

864 4689 869 4701 .
1091 4605 1217 4706 Quadam
1231 4632 1277 4693 die
1290 4640 1435 4707 temptator
1447 4630 1476 4690 in
1489 4632 1583 4707 specie
1597 4628 1659 4691 auis
1672 4628 1781 4691 affuitat
1795 4646 1862 4689 aaa·

793 4688 881 4748 mm
899 4696 929 4747 ¹¹²
942 4696 1040 4761 ⁰⁰⁹⁰
1056 4723 1093 4783 cti
1107 4724 1161 4782 viri
1174 4728 1273 4798 pectus
1284 4739 1430 4783 accensum
1445 4731 1521 4780 tanto
1537 4719 1632 4781 illicito
1645 4737 1740 4780 amore
1765 4722 1861 4779 incan-
