3942 6067
120 298 187 360 ital

731 269 993 343 Ennatonmttti.
1017 312 1049 323 —
1071 273 1137 337 titt.
1162 280 1186 339 l.

1713 274 1778 341 ilii

117 426 191 483 unde
206 429 233 477 et
246 421 274 477 in
289 417 411 475 interiori
425 415 535 471 bomine
551 431 614 471 mox
628 420 671 469 cst
683 420 817 477 manuus,
831 416 858 463 et
869 409 914 479 ja·
929 404 957 465 A
972 404 1019 477 qui
1035 410 1182 477 tyranuum
1199 415 1364 475 contereret,
1382 416 1407 465 ct
1425 408 1567 481 fugitivum
1585 417 1695 465 servum
1710 424 1773 466 cum

119 515 176 572 cuit
190 513 218 569 in
233 509 363 583 sepulcro
376 507 501 578 corporis
515 505 649 577 sepultus.

158 605 193 659 D.
208 602 307 657 Nonne
321 598 367 653 ille
385 597 467 652 miser
481 610 498 652 a
512 592 682 667 nequissimo
697 590 794 663 spiritu
808 593 835 644 et
848 602 926 642 men-

121 692 270 752 dacissimo
285 695 345 746 erat
359 686 506 743 seductus‘.t
517 716 552 725 -
562 685 598 739 Μ.
614 681 702 738 Etiam
714 698 721 736 :
733 679 848 736 sednon
862 674 926 731 ideo

122 783 214 841 minas
228 780 278 837 init
292 777 430 835 obnoxius
445 776 535 846 (tat).
554 773 584 830 Si
598 772 672 829 enim
693 771 759 844 quis
776 782 861 825 serso
875 780 926 822 suo

122 888 193 946 opus
208 870 372 941 injungeret,
390 874 418 923 et
433 869 601 921 monstraret
614 862 640 919 ei
661 860 770 917 foveam
793 874 828 913 ne
853 854 926 911 intus

123 963 247 1027 caderet,
263 960 298 1015 de
314 971 368 1030 que
383 970 498 1027 surgere
513 968 568 1010 nou
582 958 686 1024 posset,
702 948 750 1006 ille
763 962 840 1014 vero,
857 960 926 1001 con-

123 1059 226 1122 tempto
239 1047 361 1111 domiuo,
378 1052 476 1117 sponte
492 1045 520 1099 iu
535 1041 643 1099 ioveam
658 1039 778 1107 caderet,
796 1044 822 1093 ιι
834 1034 926 1104 iujun-

123 1150 199 1199 ctum
212 1154 283 1210 opus
298 1137 421 1192 inactum
432 1138 599 1198 remaneret,
613 1145 669 1185 non
684 1136 756 1185 esset
770 1124 855 1182 reus‘?

161 1240 198 1297 D.
217 1240 275 1294 lmo
290 1233 392 1307 duplici
414 1232 495 1305 culpa
521 1237 595 1287 esset
616 1227 763 1285 obstrictus
780 1243 787 1281 z
804 1237 928 1295 unaque

124 1326 274 1387 Dominum
289 1322 462 1395 contempsit,
474 1320 526 1377 alia
536 1319 599 1393 qula
609 1336 640 1374 se
651 1317 686 1374 ad
697 1316 845 1388 injunctum
859 1326 928 1384 opus

125 1420 258 1492 impotem
269 1414 387 1473 iecit-
400 1414 440 1469 Μ.
455 1413 497 1467 ιιι
510 1409 574 1467 ιιοιι
585 1409 672 1465 Adam
684 1425 691 1462 :
705 1408 792 1463 Deum
806 1411 929 1461 contem·

125 1510 190 1581 psit,
206 1522 275 1581 opus
295 1502 460 1562 obedientie
483 1499 613 1567 deseruit,
637 1496 746 1555 foveam
765 1493 863 1552 mortis
885 1489 929 1547 iu-

127 1597 208 1656 cidit.

978 495 1060 553 rebus
1074 496 1176 553 domini
1191 497 1232 553 sni
1248 496 1274 553 iu
1290 498 1407 572 gratiam
1423 499 1496 571 regis
1511 498 1668 554 reduceret.

1011 587 1046 641 D.
1071 586 1163 657 Quare
1179 588 1261 645 homo
1285 588 1377 645 redire
1396 588 1481 661 potuit
1503 595 1565 661 post
1585 586 1713 660 lapsuru‘t
1745 618 1777 629 -

978 676 1018 731 Μ.
1038 674 1105 745 Quia
1119 676 1189 735 sicut
1205 694 1258 735 non
1274 695 1323 751 per
1337 694 1377 747 se,
1393 679 1442 736 sed
1467 694 1517 751 per
1537 678 1620 733 ulium
1639 677 1773 750 impulsus

980 764 1090 833 cecidit,
1106 766 1145 822 ita
1159 766 1271 839 dignum
1286 776 1353 838 erat,
1370 786 1431 827 cum
1446 785 1495 841 per
1509 784 1538 825 se
1553 783 1609 824 nou
1631 776 1736 841 posset,
1755 774 1781 823 et

979 854 1072 925 vellet,
1089 864 1119 911 ut
1131 871 1182 928 per
1195 856 1279 913 atium
1293 859 1400 932 adjutus
1415 864 1583 931 resurgeret.

980 984 1027 1039 tt.
1048 984 1204 1041 Necessitas
1216 986 1429 1043 incarnationis
1447 984 1525 1043 Verbi
1537 987 1573 1044 ad
1587 1002 1650 1044 cam
1663 987 1752 1059 satist
1769 1016 1783 1029 ·

1221 1076 1347 1132 ctionem
1360 1076 1540 1133 exibendam.

1016 1200 1053 1257 D.
1068 1200 1123 1256 Cur
1138 1216 1191 1257 nou
1206 1198 1280 1255 misit
1294 1200 1435 1275 angelum,
1449 1209 1477 1257 ut
1492 1217 1555 1258 cum
1570 1201 1739 1259 redimerat
1750 1232 1785 1245 -·

981 1294 1020 1349 Μ.
1041 1290 1069 1349 Si
1083 1290 1196 1363 augelus
1210 1288 1347 1347 homiuem
1364 1290 1538 1360 redemisset,
1555 1300 1621 1348 tuuc
1636 1289 1709 1347 illius
1725 1306 1785 1348 ser-

982 1398 1036 1438 vus
1050 1389 1143 1449 esset;
1158 1380 1240 1436 bomo
1255 1386 1346 1436 autem
1361 1380 1401 1437 sic
1417 1380 1524 1437 restitui
1534 1381 1636 1447 debuit,
1648 1384 1678 1435 ut
1697 1396 1788 1454 aequa·

984 1472 1018 1528 lis
1033 1468 1139 1546 sugetis
1152 1476 1235 1526 esset.
1247 1470 1281 1525 Et
1291 1468 1367 1525 alind
1382 1469 1478 1527 oberat
1490 1484 1497 1525 τ
1510 1469 1625 1545 augelus
1635 1470 1662 1526 in
1676 1484 1725 1526 sua
1739 1485 1788 1525 ua-

985 1570 1045 1619 tura
1059 1558 1196 1616 invalidus
1211 1566 1269 1616 erat
1298 1558 1436 1616 bominem
1465 1558 1619 1628 redimere;
1646 1548 1670 1615 si
1697 1568 1788 1617 autem

987 1653 1069 1708 homo
1083 1650 1170 1717 tieret,
1186 1648 1276 1705 minus
1291 1654 1397 1720 posset.

129 1752 175 1807 lb.
189 1751 229 1808 De
242 1748 440 1819 satisfactione
451 1746 506 1800 Deo
520 1740 680 1800 oernenda
691 1755 742 1813 pro
756 1753 789 1796 aa
798 1734 922 1808 injuria.
941 1742 969 1803 Β
1019 1743 1056 1797 D.
1077 1738 1167 1809 Quare
1181 1754 1236 1795 nou
1261 1737 1364 1795 creavit
1387 1738 1462 1795 Deus
1480 1737 1561 1795 alium
1583 1737 1721 1795 bominem
1757 1739 1792 1794 dc

164 1902 200 1957 D.
211 1899 291 1970 Quali
306 1898 388 1955 modo
400 1894 519 1967 oportuit
530 1910 594 1951 eum
604 1891 731 1948 revertit
744 1916 778 1931 -·
788 1888 825 1943 Μ.
836 1888 931 1943 liono-

127 2007 197 2058 rem,
213 2005 294 2062 quem
308 1988 366 2044 Deo
381 1985 491 2042 abstulit
506 1983 622 2040 reddere
634 1980 740 2046 debuit,
756 1987 782 2035 at
796 1992 846 2049 pro
863 1992 931 2049 pec-

129 2088 190 2139 cato
205 2078 280 2151 quod
295 2076 357 2133 tecit
373 2074 546 2132 satisfacere.
565 2070 651 2128 Valde
675 2068 748 2125 euim
762 2066 870 2139 J‘ustum
892 2071 933 2122 ost

130 2177 160 2226 ιιι
174 2168 221 2241 qui
236 2166 297 2222 aliis
311 2181 362 2221 sna
373 2163 498 2230 abstulit,
514 2171 541 2219 et
555 2160 647 2217 ablata
666 2157 798 2224 restituat,
815 2165 842 2214 ιι
864 2170 933 2229 pro-

131 2256 228 2329 iciuria
244 2254 319 2312 illata
335 2252 493 2310 satisfaciat.

166 2358 201 2412 D.
219 2353 290 2424 Quid
305 2351 416 2411 abstulit
437 2350 524 2407 Adam
547 2348 628 2405 Deci
641 2377 671 2389 -
690 2346 727 2403 Μ.
742 2345 839 2401 Totum
856 2341 930 2414 quod

130 2444 273 2520 proposuit
285 2443 315 2499 iu
327 2458 377 2497 sua
391 2440 468 2499 curia
482 2439 518 2495 de
533 2438 592 2508 ejus
606 2432 785 2508 generatione
800 2431 902 2489 iacere.

167 2547 202 2604 D.
212 2545 336 2616 Qualiter
348 2541 441 2600 debuit
456 2540 578 2598 ablatum
596 2540 728 2595 bonorem
749 2534 936 2591 redderet-

133 2638 172 2693 Μ.
187 2634 333 2691 Diabolum
347 2633 384 2688 ita
398 2632 551 2689 vincerent
564 2628 623 2701 ipse
640 2626 732 2682 victus
747 2630 789 2679 est
802 2624 837 2679 ab
853 2637 895 2687 ιο,
910 2629 938 2679 ιι

133 2725 255 2798 seipsum
269 2738 421 2795 omnesque
434 2719 646 2794 predestinatos
657 2715 691 2771 ad
707 2715 791 2770 vitam
806 2712 875 2768 tales
890 2728 937 2768 re-

134 2814 245 2871 stituere
261 2811 356 2887 quales
372 2809 453 2865 futuri
468 2815 546 2863 eraut
560 2805 583 2861 si
597 2802 823 2879 permansissent.

171 2917 205 2972 D.
222 2914 346 2985 Qualiter
361 2920 452 2968 autem
467 2908 561 2965 debuit
574 2905 752 2964 satisfaceret
767 2934 802 2945 -
816 2902 852 2957 Μ.
869 2898 938 2971 Quia

134 3010 281 3079 peccatum
302 3001 391 3075 majus
415 2999 516 3056 mundo
541 2994 686 3064 commisit,
711 2992 815 3065 aliquid
851 2992 939 3060 maius

986 1839 1073 1897 terra,
1090 1833 1117 1884 ut
1131 1828 1251 1885 mitteret
1266 1844 1327 1884 euru
1343 1843 1394 1900 pro
1409 1828 1538 1899 perditui
1550 1858 1584 1869 —
1600 1828 1638 1883 Μ.
1649 1826 1677 1883 Si
1693 1842 1792 1884 novum

987 1920 1126 1977 homiuem
1142 1919 1215 1975 Devvs
1230 1924 1352 1973 creasset
1364 1924 1391 1972 et
1412 1916 1545 1984 misisset,
1563 1923 1627 1974 tuuc
1647 1916 1683 1973 ad
1703 1932 1792 1989 genus

988 2012 1054 2069 adae
1070 2007 1221 2081 redemptio
1236 2022 1290 2062 uon
1305 2006 1475 2078 pertineret:
1489 2007 1523 2063 de
1535 2022 1584 2061 suo
1596 2006 1668 2063 euim
1681 2021 1789 2078 genere

989 2100 1083 2157 debuit
1093 2114 1165 2169 csse,
1182 2096 1227 2171 qul
1240 2112 1289 2168 pro
1305 2095 1415 2152 homino
1430 2094 1613 2152 satisfaceret.
1846 2094 1851 2101 '

1025 2207 1058 2261 D.
1075 2202 1130 2258 Cur
1144 2216 1199 2257 uon
1213 2198 1287 2255 misit
1301 2199 1375 2255 Deus
1390 2198 1584 2270 patriarcham,
1600 2198 1644 2254 vel
1668 2198 1792 2270 proptre-

990 2294 1070 2351 tum‘?
1090 2322 1125 2333 -
1153 2288 1189 2346 bl.
1217 2288 1378 2345 Patriarchae
1407 2295 1433 2344 et
1459 2287 1600 2361 prophetae
1616 2286 1644 2342 in
1673 2286 1795 2359 peccatis
1832 2334 1833 2339 ,

990 2381 1115 2457 concepti
1131 2389 1155 2438 et
1171 2378 1226 2435 nati
1240 2386 1317 2436 erunt
1332 2398 1339 2444 ;
1359 2386 1385 2435 et
1399 2376 1468 2435 ideo
1481 2394 1568 2450 genus
1582 2378 1732 2434 humanum
1748 2392 1795 2433 rc-

991 2474 1096 2531 dimere
1109 2486 1165 2527 uon
1179 2476 1315 2543 poterant.

1026 2576 1060 2631 D.
1076 2572 1180 2631 Evolve
1192 2580 1304 2629 cetera.
1316 2603 1351 2613 -
1361 2570 1398 2627 Μ.
1413 2570 1481 2641 Quia
1491 2568 1574 2643 igitur
1589 2566 1704 2643 augelus
1720 2566 1794 2627 redi-

991 2682 1067 2723 mere
1087 2680 1141 2721 nou
1162 2662 1267 2730 debuit,
1290 2669 1317 2717 et
1335 2660 1418 2717 homo
1441 2676 1491 2733 per
1515 2677 1545 2716 se
1565 2659 1726 2717 satislncere
1741 2674 1796 2715 nou
1857 2717 1861 2723 ,

991 2754 1086 2829 potnit,
1107 2752 1156 2809 Dei
1170 2750 1249 2817 lilius,
1271 2766 1322 2823 par
1337 2766 1418 2823 quem
1434 2748 1504 2806 iacta
1518 2756 1583 2805 suut
1596 2744 1696 2817 omnia,
1723 2753 1755 2804 ut
1769 2750 1796 2805 et

993 2842 1146 2915 redemptio
1160 2856 1209 2913 per
1223 2839 1299 2894 illum
1316 2838 1396 2895 fieret
1410 2839 1559 2910 assumpsit
1578 2839 1688 2910 plenum
1704 2838 1795 2893 uomi-

994 2950 1068 3001 nem,
1084 2939 1110 2988 et
1124 2931 1150 2986 in
1165 2929 1271 2985 duabus
1286 2928 1389 2984 naturis
1404 2926 1493 2985 laetus
1517 2938 1560 2985 est
1583 2942 1638 2983 uua
1658 2942 1791 2998 persona.

994 3023 1029 3079 ta
1043 3022 1072 3079 iu
1085 3020 1131 3075 illa
1145 3026 1254 3085 natura,
1270 3034 1332 3091 quas
1346 3017 1423 3073 Dens
1439 3024 1505 3082 erat,
1523 3016 1590 3073 vicit
1602 3014 1753 3083 diabolum,
1771 3024 1801 3071 ut

136 3093 238 3150 ΝΜΟ
253 3094 311 3149 ¹³0⁰
325 3091 435 3147 ⁸⁰¹V⁰f³
449 3088 551 3144 debuit·
565 3085 668 3142 H⁰s¹¹¹¹¹
683 3090 811 3139 mmmm
826 3079 882 3135 ulla
896 3092 937 3134 'a'
952 3098 977 3162 G
992 3107 1051 3181 ipse
1078 3106 1181 3162 vicerat
1209 3103 1358 3169 homiuem,
1387 3110 1414 3157 et
1441 3100 1568 3157 omuibus
1597 3100 1800 3172 praedestinatis

137 3184 211 3241 tione
225 3182 312 3255 potuit
326 3181 428 3237 lacere.
444 3178 509 3233 ldeo
524 3177 551 3231 iu
569 3184 655 3231 morte
669 3170 832 3246 permansit.

174 3283 208 3339 D.
225 3282 258 3336 lit
273 3294 321 3338 cur
341 3278 450 3352 penitus
471 3289 526 3333 uon
544 3272 652 3346 periit?
678 3303 712 3313 -
734 3270 869 3327 Statutum
891 3267 941 3323 Dei

138 3370 279 3427 immutari
288 3383 344 3425 uon
359 3366 446 3440 potuit
458 3383 465 3421 t
477 3362 622 3438 proposuit
631 3359 707 3419 enim
717 3376 750 3417 ex
761 3372 864 3432 genere
874 3356 942 3413 ddae

140 3461 289 3519 electorum
303 3472 446 3515 numerum
461 3454 614 3527 complere.

176 3558 213 3615 D.
234 3557 307 3629 Quid
320 3553 407 3630 ergot
421 3583 452 3596 -
465 3554 501 3609 Μ.
518 3551 589 3622 Quia
603 3549 724 3608 debitum
739 3548 872 3605 bonorem
886 3546 944 3603 Deo

141 3665 197 3707 nnn
212 3646 303 3717 solvit,
313 3648 389 3705 Dens
399 3645 436 3703 ab
450 3660 484 3701 eo
498 3642 582 3700 inrito
598 3635 714 3713 accepit,
731 3654 795 3695 cum
809 3653 872 3695 eum
886 3652 945 3710 poe·

143 3742 187 3797 nis
201 3734 322 3812 subegit.

181 3839 215 3894 D.
230 3835 374 3907 Quomodo
394 3834 482 3891 bonor
497 3829 549 3889 Dei
575 3836 618 3887 est
644 3842 726 3901 paena
753 3822 897 3882 hominist
913 3852 947 3865 -

144 3928 181 3985 Μ.
199 3927 270 3998 Quia
283 3942 365 3999 quem
388 3925 497 3982 dulcem
520 3927 638 3994 patrem,
659 3925 690 3975 ut
707 3915 789 3987 iilius,
803 3916 832 3971 iu
856 3913 948 3989 gloria

144 4017 247 4074 habere
261 4014 434 4088 contempsit,
454 4013 528 4069 bunc
550 4025 630 4067 suum
657 4006 804 4064 Dominum
831 4003 858 4060 in
887 4011 946 4061 tor·

146 4106 257 4176 mentis,
272 4114 301 4163 ut
315 4102 428 4162 rebellis
442 4117 550 4169 servus,
567 4094 663 4156 sensit.

177 4208 212 4262 D.
221 4206 290 4262 Cum
300 4205 408 4261 solvere
418 4201 509 4270 vetlet,
518 4207 547 4257 ct
557 4214 611 4255 nou
619 4204 722 4270 posset,
734 4194 948 4260 cu1·Dens,cum

147 4296 307 4353 misericors
323 4294 366 4361 sit,
382 4308 437 4349 uon
452 4291 477 4347 ei
491 4289 603 4358 dimisit,
619 4296 666 4343 aut
679 4284 763 4342 talem
781 4283 810 4340 in
829 4281 949 4356 gloriam

148 4384 257 4442 admisit
280 4385 353 4455 (aas)
364 4384 378 4439 ι
392 4413 426 4423 -
435 4382 471 4438 Μ.
483 4379 512 4437 Si
521 4380 596 4436 Deus
609 4376 672 4433 ideo
684 4374 710 4432 ei
722 4389 802 4431 suum
815 4373 948 4428 bonorem

148 4474 294 4531 dimitteret
306 4472 371 4545 quia
384 4472 487 4527 habere
502 4486 558 4526 uou
572 4474 676 4541 posset,
696 4464 832 4535 impotens
854 4468 947 4525 esset;

150 4564 174 4620 si
187 4569 278 4620 autem
292 4568 468 4635 peccatorem
490 4557 628 4615 bominem
648 4551 810 4626 impunitum
836 4551 864 4607 iu
889 4548 948 4624 glo·

149 4651 219 4709 riam
233 4657 397 4717 assumeret,
412 4648 485 4705 uude
498 4646 628 4718 angelum
646 4658 698 4715 pro
716 4657 770 4697 uua
784 4639 951 4712 cogitatione

152 4741 322 4809 extrusisset,
336 4739 451 4809 iniustus
476 4743 559 4793 esset.
576 4736 664 4791 Porro
688 4731 712 4786 si
734 4737 876 4803 peccatum
897 4726 952 4782 im·

151 4831 276 4905 punitum
291 4836 453 4892 remaneret,
470 4823 577 4899 aliquid
591 4821 620 4879 iu
638 4836 723 4894 reguo
739 4817 787 4875 Dei
809 4816 952 4873 inordina-

153 4928 210 4976 tum
226 4927 316 4987 csset3
333 4917 382 4974 sed
397 4918 425 4973 iu
439 4929 527 4989 reguo
542 4914 601 4983 ejus
616 4910 683 4966 nibil
698 4908 881 4965 inordinatum
905 4922 951 4961 re-

151 5008 304 5081 linquitur:
321 5014 448 5080 peccator
468 5020 537 5077 ergo
551 5000 642 5075 puniri
663 4998 766 5062 debuit,
789 4995 857 5063 Quis
881 4991 954 5051 euim

152 5114 292 5173 gemmam
308 5097 343 5153 de
357 5110 437 5153 coeno
452 5093 587 5149 sublatam
602 5090 630 5145 iu
656 5090 798 5145 thesauros
815 5101 882 5142 snos
907 5098 954 5141 re·

154 5187 258 5247 condat
272 5204 327 5244 nou
342 5183 511 5259 purgatam?

189 5288 226 5344 D.
246 5286 292 5342 Ad
309 5300 390 5359 quem
406 5282 488 5338 linem
502 5297 570 5353 ergo
583 5278 678 5337 debuit
700 5274 852 5334 deveniret
867 5304 901 5315 -
915 5270 954 5327 bl.

154 5376 290 5449 Quoniam
305 5372 448 5444 transfuga
462 5386 561 5429 servus
576 5385 639 5426 cum
652 5367 724 5424 lurto
738 5364 842 5421 domini
864 5362 907 5417 sui
922 5361 956 5418 ad

157 5464 340 5524 sevissimam
355 5462 514 5537 protegent
529 5468 683 5532 tyranuum,
693 5454 763 5514 fliius
774 5454 849 5528 regis
859 5451 958 5507 missus

157 5562 200 5617 est
213 5556 248 5613 de
263 5550 365 5629 palatio
388 5552 417 5609 in
443 5564 586 5609 carcerem
609 5555 672 5621 post
700 5546 823 5606 exsulem
847 5557 957 5601 servum

196 5682 271 5754 (tat)
286 5682 329 5747 d„
344 5678 451 5736 narius

197 5780 272 5852 (tet)
288 5780 340 5850 Μ,
358 5777 493 5851 sumpsit.

996 3195 1097 3254 aoelurn
1118 3192 1232 3267 aperuit,
1257 3198 1284 3248 et
1306 3190 1413 3264 angelis
1432 3190 1596 3263 coequavit:
1628 3188 1702 3261 quod
1727 3189 1802 3246 solus

998 3287 1072 3343 Deus
1088 3284 1179 3341 iacere
1193 3280 1289 3354 potuit.
1307 3281 1337 3334 lu
1353 3294 1386 3336 ea
1408 3287 1500 3335 sutem
1524 3285 1619 3333 natura
1641 3294 1695 3351 qua
1718 3279 1803 3335 bomo

997 3374 1047 3432 luit
1061 3374 1152 3446 majus
1167 3386 1215 3444 pro
1227 3370 1326 3439 injuria
1340 3369 1442 3426 muudo
1457 3366 1536 3425 solvit
1552 3368 1637 3439 (tto),
1649 3382 1712 3424 oum
1727 3382 1800 3423 mor·

998 3474 1054 3522 tem
1068 3462 1219 3519 indebitam
1233 3458 1335 3527 subiit3
1359 3458 1432 3533 quod
1457 3456 1533 3515 solus
1551 3457 1633 3514 homo
1648 3455 1742 3513 debuit
1758 3456 1802 3512 ιιι-

1001 3571 1074 3614 Gdl'e.

1001 3706 1045 3758 ta.
1063 3700 1118 3758 dar
1136 3699 1251 3757 Variam
1265 3698 1305 3753 sit
1321 3696 1519 3761 incarnatam,
1535 3696 1563 3749 et
1579 3708 1616 3750 aa
1634 3691 1755 3765 Virgine,
1775 3697 1804 3752 ct

1197 3790 1229 3845 tn
1245 3785 1379 3858 temporis
1396 3782 1594 3856 plenitudine.

1038 3909 1071 3963 D.
1087 3902 1250 3961 benedictus
1265 3916 1356 3957 sermo
1370 3898 1424 3956 oris
1446 3897 1494 3967 tui,
1515 3896 1561 3970 qui
1581 3896 1616 3953 de
1637 3895 1716 3953 coelis
1732 3892 1805 3949 milri

1003 3995 1113 4054 deduxit
1129 3990 1228 4049 lilium
1243 3991 1308 4047 Dei.
1327 3988 1381 4045 Sed
1397 3988 1441 4044 dic
1455 3986 1522 4043 milti
1538 4002 1585 4043 cur
1600 3982 1684 4040 Filius
1700 3984 1735 4039 sit
1758 3982 1804 4055 iu,-

1004 4094 1141 4153 camatus,
1170 4090 1197 4139 et
1220 4098 1275 4138 unu
1303 4080 1391 4144 Pater,
1417 4090 1468 4133 nec
1491 4074 1609 4148 Spiritus
1625 4073 1808 4131 sanctuar-

1004 4180 1042 4233 st.
1063 4176 1091 4233 Si
1107 4176 1193 4241 Pater,
1208 4180 1253 4227 aut
1272 4168 1388 4241 Spiritus
1411 4173 1522 4223 sauctus
1540 4163 1738 4229 incarnaretur,
1755 4162 1810 4219 duo

1004 4266 1064 4323 Filii
1078 4266 1106 4321 in
1120 4263 1249 4320 trinitate
1264 4265 1487 4331 computarentur
1502 4272 1509 4310 ε
1525 4270 1596 4311 nnus
1613 4252 1697 4309 Filius
1715 4250 1807 4326 Virgi·

1003 4356 1056 4422 uis,
1073 4355 1118 4429 qui
1133 4360 1207 4411 esset
1222 4346 1398 4415 incarnatus;
1424 4345 1491 4401 ulter
1504 4342 1588 4400 Filius
1612 4342 1675 4399 Dei.
1704 4342 1737 4397 Et
1759 4341 1812 4397 ulia

964 4464 993 4532 ξ’,
1006 4463 1088 4505 cavrsa
1104 4451 1172 4501 crat.
1190 4442 1271 4498 Filius
1286 4448 1326 4496 est
1341 4436 1490 4493 similitudo
1502 4434 1567 4501 Dei;
1590 4434 1705 4507 augelus
1720 4440 1810 4487 autem

1008 4544 1034 4594 et
1049 4536 1130 4591 homo
1144 4535 1351 4601 assumpserant
1366 4526 1417 4581 sibi
1445 4522 1650 4579 similitudinem
1681 4522 1741 4578 Dei.
1758 4520 1813 4577 De·

1007 4622 1064 4678 buit
1079 4634 1145 4693 ergo
1160 4616 1206 4673 ille
1221 4611 1368 4679 incarnari,
1384 4608 1429 4667 cui
1444 4608 1601 4682 specialiter
1619 4605 1717 4675 injuria
1741 4604 1812 4662 iacta

1007 4712 1095 4768 iuerat
1118 4725 1126 4763 t
1148 4715 1177 4763 ut
1202 4705 1285 4760 istum
1313 4699 1531 4759 misericorditer
1559 4697 1698 4760 salvaret,
1730 4693 1807 4749 illum

1005 4802 1078 4871 juste
1093 4799 1245 4855 damnaret.
1262 4792 1342 4849 iliud
1362 4790 1444 4847 etiam
1459 4806 1465 4843 :
1483 4788 1548 4861 quia
1573 4784 1666 4842 omnia
1686 4798 1735 4855 per
1766 4782 1812 4838 Fi-

1010 4890 1086 4957 lium,
1102 4886 1165 4943 ideo
1180 4894 1206 4941 ct
1221 4881 1374 4954 redemptio
1389 4896 1440 4953 per
1454 4891 1529 4934 eum.

1045 4992 1081 5046 D.
1100 4988 1155 5043 Cur
1169 4983 1254 5044 votuit
1270 4980 1346 5038 uasci
1361 4979 1395 5035 dc
1419 4974 1594 5049 virginet-
1619 4972 1655 5027 Μ.
1684 4969 1809 5040 Quatuor

1010 5080 1100 5139 modis
1115 5076 1179 5135 iacit
1194 5077 1268 5131 Deus
1280 5070 1416 5128 homines.
1437 5068 1496 5123 Uno
1511 5064 1593 5119 modo
1610 5062 1718 5133 absque
1734 5066 1811 5132 patre

1011 5181 1037 5229 et
1052 5176 1156 5232 matre;
1180 5165 1229 5221 scd
1243 5163 1276 5219 de
1292 5169 1374 5225 terra,
1393 5164 1421 5213 ut
1446 5156 1548 5219 Adam;
1573 5151 1694 5209 secundo
1717 5146 1810 5213 modo,

1011 5262 1045 5319 de
1062 5259 1121 5317 solo
1135 5257 1204 5321 viro,
1222 5260 1251 5309 nt
1265 5252 1363 5314 Evam3
1380 5246 1460 5303 tertio
1474 5246 1567 5313 modo,
1583 5242 1618 5297 de
1641 5241 1700 5297 viro
1724 5245 1751 5294 ιι
1772 5235 1815 5293 ιι-

1011 5350 1095 5417 miua,
1113 5356 1140 5403 ut
1156 5342 1276 5419 quotidie
1292 5344 1440 5395 nascuntur
1459 5349 1572 5399 omues3
1595 5335 1703 5403 quarto
1721 5326 1816 5397 modo,

1012 5441 1048 5498 do
1062 5438 1120 5495 sola
1135 5434 1244 5499 lamina,
1262 5428 1334 5505 quod
1348 5420 1521 5501 privilegium
1536 5418 1644 5477 Christi
1660 5414 1818 5473 solireser·

1013 5538 1106 5589 vatum
1121 5535 1162 5585 est
1178 5542 1184 5583 :
1200 5532 1229 5582 nt
1241 5522 1311 5579 sicut
1326 5533 1400 5575 mors
1415 5531 1465 5589 per
1475 5512 1604 5570 teminam
1618 5498 1755 5581 virginem
1771 5502 1818 5560 in-

1049 5654 1124 5729 (rso)
1139 5656 1187 5721 A„
1202 5651 1270 5723 fait,
1287 5644 1463 5737 protulerit
1480 5639 1575 5713 maiar
1594 5635 1701 5695 mando
1715 5632 1813 5693 scirit.

1017 5762 1063 5829 l’.,
1079 5758 1138 5833 fnit
1151 5747 1247 5818 natas,
1262 5745 1432 5823 proinjaria
1446 5736 1589 5799 mandam
1603 5734 1703 5795 solvit·
