3942 6067
115 217 189 275 12³7

755 208 867 269 surra
886 206 982 265 uruat
1003 212 1131 271 ereren.
1167 198 1177 217 ‘

1704 196 1775 279 aare

107 340 283 397 'sentiendum
305 338 351 409 sit,
365 339 473 397 dubito.
486 341 566 397 blac.
584 340 612 397 Si
640 338 761 397 internus
775 343 817 393 est
831 335 908 393 locus
926 334 954 395 tt
968 334 1019 389 snb
1033 337 1114 393 terris
1131 338 1159 393 in
1174 338 1278 396 inferos
1292 340 1379 414 mergi
1395 340 1530 399 rideatur.
1541 342 1608 401 ldeo
1624 350 1717 401 antem
1731 344 1772 400 in·-

107 437 320 497 tormenterum,
337 429 364 485 io
381 446 437 503 quo
451 430 542 485 anima
570 429 613 487 vel
637 439 702 486 cum
733 442 850 499 corpore
876 424 920 482 rel

109 517 174 574 sine
189 534 305 591 corpore
320 519 474 586 cruciatur,
490 528 559 576 tunc
588 527 691 591 septem
721 515 856 588 speciales
875 513 920 568 in-

107 605 181 663 ferni
197 608 391 679 reperiuntur.
412 606 518 663 Primus
533 606 657 663 infernus
672 614 715 663 est
726 620 828 677 corpus
852 618 919 659 cor·

110 695 253 767 ruptibile,
284 698 357 768 qued
381 696 501 752 animam
529 704 671 769 aggravat,
696 702 723 753 el
743 710 805 751 eum
827 690 920 748 multis

107 784 260 843 doloribus
275 786 402 853 cruciat;
419 787 520 857 patitur
547 801 665 858 namque
696 784 722 840 in
752 800 785 840 eo
806 782 916 844 lumem,

114 872 204 941 sitim,
221 873 353 942 laborem,
370 872 566 948 fatigationem,
581 875 705 941 morbos,
730 871 853 934 dolores,
868 886 918 927 va-

108 962 166 1018 rias
179 961 371 1030 infirmitates;
388 981 420 1019 ex
437 964 495 1033 ujus
510 963 717 1030 inhabitatione,
735 962 786 1030 ira,
803 959 916 1026 invidia,

108 1050 185 1117 odio,
201 1050 309 1109 tristitia
326 1051 452 1117 allicitur,
468 1052 593 1120 avaritia,
609 1051 832 1123 coucupiscentia
852 1066 916 1105 car-

107 1141 175 1207 nali,
191 1156 264 1197 vana
276 1141 367 1215 gloria
381 1150 516 1197 veantur.
535 1144 565 1197 In
581 1141 749 1198 hocinlerno
763 1138 919 1215 ingemiscit

105 1246 140 1285 se
156 1229 245 1286 fidelis
258 1230 350 1286 anima
365 1231 494 1297 cruciari,
511 1238 537 1286 et
553 1230 588 1287 de
603 1232 655 1287 boc
670 1229 756 1286 llebili
771 1246 853 1301 proce
867 1245 916 1301 po-

106 1318 193 1374 stulat
207 1318 364 1387 deliberari,
379 1320 474 1376 dicens
491 1337 498 1377 :
516 1322 594 1377 Educ
608 1320 643 1377 de
660 1336 773 1377 carcere
787 1320 916 1375 unimam

106 1423 204 1464 eneam
224 1408 261 1464 ed
282 1410 475 1474 confitendum
491 1410 677 1477 nominituo,
694 1410 811 1467 Domine
826 1409 912 1476 (Ptol.

106 1500 196 1559 exart.
216 1498 359 1554 Secundus
374 1497 498 1555 infernus
528 1506 569 1554 est
595 1498 640 1555 hic
669 1498 797 1564 mundus,
813 1498 840 1552 in
855 1512 910 1570 quo

105 1601 170 1641 cum
194 1587 409 1659 corporeanima
423 1588 570 1655 cruciatur,
589 1587 656 1643 dum
672 1604 702 1643 se
717 1603 734 1643 a
749 1586 837 1657 patria
863 1602 916 1657 pa·

974 422 1025 479 luri
1039 426 1172 493 (licuntur,
1188 428 1252 502 quia
1268 429 1336 485 sicut
1352 430 1445 487 omnia
1459 448 1603 504 corporea.
1619 432 1642 497 si
1664 433 1774 507 ponde·

974 513 1012 567 ris
1036 514 1076 573 sui
1101 516 1226 573 ordinem
1242 525 1362 585 teneant,
1378 519 1507 576 inferiora
1522 528 1585 577 sunt
1599 521 1688 578 omnia
1704 538 1773 594 gra·
1824 568 1828 575 .

973 597 1061 665 viora,
1078 599 1115 655 ita
1130 602 1283 673 spiritualia
1297 604 1387 659 omnia
1403 604 1534 661 inferiora
1554 616 1617 662 sunt
1640 606 1770 663 tristiora.

974 686 1046 743 llinc
1073 697 1115 744 est
1140 690 1213 763 quod
1242 692 1349 765 quidam
1375 700 1447 749 tanta
1476 695 1585 751 tristitia
1608 694 1771 762 abiciantur,

972 776 1046 847 quud
1062 776 1158 851 fragile
1173 794 1273 852 corpus
1286 798 1344 837 eam
1360 798 1457 853 capere
1485 799 1540 839 non
1563 785 1649 855 possit
1665 803 1672 848 ;
1698 784 1772 841 unde

972 863 1056 919 vitam
1072 868 1220 937 suspendio
1235 868 1280 925 vel
1296 870 1445 942 praecipitio
1468 872 1511 928 vel
1527 871 1617 945 aliqua
1634 872 1660 929 vi
1675 882 1771 930 extor-

971 960 1064 1025 quent.
1082 955 1228 1028 Postquam
1244 957 1335 1013 anima
1362 976 1377 1013 a
1405 975 1521 1031 corpore
1544 961 1690 1029 excutitur,
1716 978 1772 1018 non

971 1041 999 1095 io
1013 1042 1103 1115 aliquo
1118 1042 1179 1100 loco
1193 1046 1354 1114 retruditur,
1384 1049 1433 1104 aad
1451 1048 1479 1104 in
1502 1049 1665 1107 immensum
1686 1050 1772 1129 tristi·
1869 1084 1876 1096 ·

970 1131 1015 1187 tias
1040 1140 1068 1187 et
1095 1131 1198 1189 doloris
1213 1135 1372 1191 barathrum
1389 1137 1568 1211 immergitur.
1585 1138 1681 1196 Omnis
1696 1139 1771 1195 enim

970 1218 1048 1276 locus
1062 1219 1271 1295 longitudinem,
1287 1223 1468 1295 latitudinem,
1485 1227 1653 1284 altitudinem
1676 1229 1769 1297 habet,

970 1307 1019 1364 sed
1035 1310 1124 1367 anima
1138 1312 1202 1368 dum
1218 1312 1260 1369 bis
1275 1310 1403 1369 omnibus
1414 1324 1499 1384 carel,
1516 1316 1544 1372 in
1558 1317 1633 1375 nullo
1648 1317 1709 1375 loeo
1724 1318 1769 1373 in·

969 1396 1043 1453 eludi
1057 1398 1138 1455 ualet.

1270 1524 1388 1585 CAPUT
1406 1528 1473 1587 XX.

106 1674 193 1729 radisi
219 1675 347 1732 exsulare
370 1675 556 1744 lamentatur;
579 1676 684 1747 paritur
710 1684 804 1733 autem
825 1677 852 1731 in
880 1691 955 1754 εεΒ
1005 1661 1533 1725 9150·ΝθῦὓθᾱῑιθθῑῙΙθῙῦἰῑὶῑιῙθῦθ
1554 1676 1764 1738 ίθιῐΰθῐιῑῦιῑιῐῐι,

109 1761 210 1837 frigus,
226 1772 333 1832 aestum,
349 1772 539 1837 tempestates,
553 1765 735 1837 pestilentias,
750 1764 833 1833 bella,
848 1782 915 1837 prae·
969 1757 997 1805 θ(
1016 1750 1051 1806 (Ῐο
1075 1766 1107 1807 0⁰
1127 1753 1261 1820 slliblfflh
1279 1754 1340 1826 quia
1369 1754 1477 1813 ⁰ll¹⁰i⁰l
1504 1756 1531 1813 5¹¹
1559 1758 1613 1815 ¹1⁸⁰
1639 1758 1771 1815 flamma?

105 1852 167 1920 das,
184 1853 320 1921 incendia,
337 1854 436 1910 darona
451 1861 479 1910 et
492 1854 571 1911 naria
584 1855 767 1912 incommoda.
791 1857 821 1909 ln
852 1854 912 1910 ani-

104 1953 153 1992 mo
180 1945 271 1995 autem
299 1938 430 2012 alhigitur
455 1939 490 1994 de
518 1939 668 1996 amissione
699 1947 837 2008 natorum,
866 1940 910 1995 vel

104 2034 261 2099 parentum,
277 2027 321 2083 rel
335 2028 484 2084 amicorum
503 2027 548 2084 rel
564 2044 659 2084 rerum
675 2046 683 2097 3
712 2028 747 2084 de
770 2036 914 2085 coutume-

105 2111 162 2180 liis,
177 2111 344 2182 deiujuriis,
359 2112 394 2167 de
405 2112 570 2181 maledictis,
591 2114 625 2169 de
653 2113 736 2169 variis
762 2113 913 2169 aduersita-

104 2200 189 2255 tibus.
205 2200 246 2257 De
261 2201 314 2257 boc
327 2201 433 2257 inlerno
447 2202 540 2258 anima
566 2200 680 2257 liberata
703 2209 794 2258 cantat
814 2210 913 2273 gratu-

105 2288 209 2345 lando:
226 2290 335 2347 Eduxit
348 2306 393 2347 me
407 2290 441 2347 de
457 2292 523 2349 lacu
536 2293 659 2348 miserie
673 2292 749 2349 etde
765 2292 824 2348 luto
834 2292 913 2363 soecis

102 2379 194 2449 (Paul.
211 2380 330 2450 xxxix).
346 2379 452 2435 Tertius
468 2376 594 2437 iniernus
608 2388 650 2436 est
659 2379 828 2436 cohabitatio
843 2380 912 2435 invi·

107 2478 169 2518 cern
183 2478 215 2519 se
228 2463 398 2531 odientium
414 2464 479 2521 duro
502 2464 545 2521 rel
566 2465 632 2533 insti
657 2465 692 2522 de
709 2463 912 2522 cohabitatione

105 2551 254 2619 malorum,
281 2552 352 2609 sicut
378 2553 428 2609 Lot
449 2552 479 2607 in
498 2553 636 2620 Sodomis,
663 2554 839 2618 cruciantur;
863 2556 910 2612 vel

103 2640 173 2697 mali
201 2641 237 2697 de
265 2641 470 2699 couversatione
500 2643 635 2699 bonorum
659 2650 830 2716 torquentur,
848 2658 911 2699 curn

102 2745 122 2783 a
148 2730 263 2801 perditis
291 2730 415 2787 moribus
438 2731 630 2802 prohibentur.
665 2732 696 2787 ln
724 2732 776 2789 boc
801 2729 910 2789 interne

101 2818 232 2888 uerbera,
248 2817 364 2886 uincula,
378 2819 492 2889 Jejunia,
509 2819 630 2893 vigilias,
646 2836 782 2888 carceres,
794 2820 909 2890 bestias,

102 2906 195 2980 ignes,
212 2908 305 2964 varias
334 2908 476 2980 passiones
501 2908 535 2963 ab
557 2908 675 2966 invicem
701 2909 841 2982 patiuntur
857 2926 864 2963 z
880 2910 909 2966 in

100 2997 204 3063 animo,
217 2995 325 3066 timore,
346 3014 473 3066 moerore,
500 2998 648 3066 anxietate,
673 2998 905 3070 pusillanimitate,

968 1838 1046 1895 ltro.
1064 1840 1125 1914 Ego
1145 1850 1209 1914 pulo
1231 1842 1341 1899 divitem
1363 1844 1479 1901 illumin
1495 1855 1582 1914 sexto,
1600 1864 1680 1920 quern
1705 1847 1770 1914 dixi,

966 1926 1078 1985 interno
1093 1930 1177 1987 luisse
1193 1949 1201 1987 :
1217 1931 1363 1987 Dominum
1386 1942 1477 1989 autem
1492 1934 1527 1991 tle
1542 1944 1648 2009 quarto,
1677 1936 1706 1993 id
1730 1944 1772 1993 est

967 2016 1003 2074 de
1018 2019 1151 2089 corporali
1166 2036 1248 2091 poeua
1262 2022 1367 2077 dixisse
1380 2040 1387 2087 ;
1403 2023 1452 2079 sed
1466 2024 1529 2096 quia
1543 2024 1571 2079 id
1586 2025 1659 2097 qnod
1689 2024 1718 2081 in
1739 2042 1771 2082 re

967 2114 1033 2173 erat,
1056 2122 1156 2178 capere
1183 2124 1237 2165 nen
1266 2118 1400 2181 poterant,
1417 2112 1496 2183 quasi
1511 2112 1546 2169 de
1560 2113 1697 2184 corporali
1712 2122 1770 2171 loro

967 2203 1059 2251 mento
1074 2196 1126 2252 illis
1141 2198 1280 2255 narrabat.
1297 2200 1492 2257 Verumtamen
1508 2202 1646 2275 quomodo
1666 2202 1771 2259 intelli-

966 2286 1058 2358 genda
1073 2286 1107 2341 sit
1123 2286 1170 2342 illa
1186 2286 1296 2344 hamma
1310 2288 1418 2355 inlerni,
1429 2289 1475 2346 ille
1487 2288 1564 2347 sinus
1578 2292 1713 2359 Abrahae,
1724 2292 1769 2349 illa

965 2374 1061 2446 lingua
1079 2374 1180 2444 divitis,
1199 2376 1244 2432 ille
1260 2376 1361 2451 digitus
1385 2379 1526 2451 pauperis,
1554 2380 1602 2437 ille
1625 2380 1687 2437 sitis
1711 2389 1771 2438 tur·

966 2463 1060 2530 menti,
1077 2462 1124 2519 illa
1138 2464 1210 2521 stilla
1224 2466 1374 2540 refrigerii,
1391 2467 1435 2523 rix
1461 2468 1582 2527 fortasse
1596 2485 1613 2525 a
1627 2478 1770 2527 mansueto

963 2554 1159 2625 quaerentibus,
1175 2570 1312 2629 nunquam
1328 2564 1419 2613 autem
1433 2556 1588 2616 inuenietur
1614 2574 1631 2617 a
1654 2566 1771 2617 conten·

964 2641 1034 2698 tiose
1049 2642 1245 2701 scrutantibus.

1258 2851 1371 2909 Clll‘lll'
1389 2853 1467 2911 XXl.

998 2973 1076 3029 bisc.
1097 2972 1168 3043 Quid
1183 2974 1217 3031 de
1237 2974 1332 3031 inieris
1351 2976 1523 3034 sentiendum
1537 2978 1580 3047 sit,
1597 2979 1656 3037 lleo
1671 2996 1720 3054 per
1733 2988 1761 3041 te

101 3086 241 3157 angustia,
265 3086 375 3142 tristitia
399 3095 615 3151 consumuntur;
632 3088 712 3157 hujus
728 3086 829 3143 inferni
848 3105 906 3161 poe-
919 3054 945 3117 C
960 3077 1011 3117 ¹¹⁰⁵
1033 3061 1211 3131 illumimme·
1233 3063 1291 3133 Μ’
1318 3064 1422 3131 Vide⁰3
1446 3066 1511 3139 qnid
1525 3083 1592 3124 vem
1620 3070 1655 3126 (¹⁶
1674 3085 1761 3147 ¹⁹²S⁰⁰

101 3174 146 3230 nis
160 3174 232 3231 allici
248 3175 323 3232 dolet
338 3176 384 3249 qui
394 3177 518 3232 testando
530 3176 628 3233 clamat
644 3194 651 3232 :
667 3178 781 3234 Dolores
795 3180 908 3250 inferni

102 3264 354 3321 circumdederunt
372 3281 428 3333 me,
449 3270 721 3339 praeoccupaverunt
748 3283 794 3323 me
814 3268 909 3339 luqrtci

100 3355 202 3409 mortis
225 3353 312 3423 (Prot.
334 3353 417 3425 xrrr).
434 3353 553 3423 Quartus
568 3352 691 3409 inlernus
714 3363 756 3411 cst
779 3354 856 3411 locus
878 3355 906 3410 in

99 3440 193 3498 medio
204 3449 284 3498 terres
292 3442 408 3514 positus,
421 3443 486 3514 igne
495 3451 523 3499 et
532 3442 661 3513 sulphure
672 3442 782 3514 plenus,
794 3443 840 3500 hic
849 3442 907 3500 usi-

99 3530 280 3587 talonemine
294 3531 394 3587 dicitur
408 3531 532 3587 internas
561 3532 605 3588 vel
629 3540 758 3605 stagnum
781 3532 855 3605 ignis
879 3542 906 3588 et

99 3618 239 3692 sulphuris
255 3642 262 3683 ς
280 3622 401 3677 adhunc
425 3621 562 3692 pertinent
592 3622 683 3677 omnia
710 3620 774 3677 loca
804 3621 848 3676 vel
876 3622 904 3678 in

98 3712 171 3759 terra
187 3704 231 3762 rel
246 3714 445 3777 superterram
472 3704 608 3761 ardentia.
632 3704 750 3775 Quintus
768 3704 903 3769 infernus,

98 3808 161 3849 curn
183 3794 273 3849 anima
301 3794 413 3865 corpori
436 3795 575 3850 subtracta
590 3793 625 3849 ad
640 3793 700 3850 loca
714 3794 862 3866 spiritualia
876 3808 906 3856 et

98 3882 227 3952 poenalia,
259 3883 423 3954 corporibus
464 3883 566 3939 similis
600 3882 709 3939 ducitur
739 3882 899 3939 cmcianda.

99 3971 336 4027 Sextusinlernus
351 3978 405 4038 est,
432 3988 495 4028 cum
523 3970 624 4038 anima,
654 3987 771 4043 corpore
795 3972 903 4045 penitus

96 4068 217 4125 mortno,
234 4076 289 4117 non
303 4062 466 4131 corporalia,
478 4060 528 4117 scd
542 4061 693 4133 spiritualia
707 4061 900 4132 corporalibus

96 4147 196 4203 similia
211 4148 320 4220 patitur,
339 4150 388 4206 sed
403 4157 430 4205 et
443 4149 550 4215 dolore,
579 4166 697 4206 moerore
725 4164 759 4206 ac
790 4149 903 4205 tristitia

96 4236 225 4293 afficitur.
241 4238 290 4294 llic
304 4240 367 4310 quia
382 4238 519 4311 corporali
533 4244 575 4294 est
589 4237 705 4294 inlerior
731 4246 759 4294 et
784 4238 901 4309 depres-

99 4326 166 4392 sior,
183 4325 305 4381 inlernus
328 4326 440 4382 inlerior
460 4335 573 4384 vocatur
588 4343 595 4396 ;
613 4328 647 4383 de
670 4328 722 4384 hoc
746 4326 899 4384 scribitur:

964 3149 1095 3206 coelorum
1111 3150 1278 3207 credendum
1294 3152 1338 3221 sit,
1354 3154 1464 3210 omnino
1480 3154 1602 3230 srnbigo.
1619 3158 1696 3215 llru.
1716 3160 1765 3217 lle-

962 3250 1048 3307 gnum
1063 3234 1196 3291 caelorum
1211 3252 1265 3291 nnn
1281 3244 1321 3293 eat
1335 3236 1412 3295 locus
1433 3240 1584 3312 corporalis
1609 3242 1659 3298 sed
1683 3243 1769 3315 spiri-

963 3323 1053 3389 tualis,
1070 3325 1205 3395 corporali
1221 3324 1318 3381 similis
1335 3345 1342 3395 ;
1364 3326 1392 3383 in
1407 3336 1513 3401 quaest
1528 3345 1582 3401 par
1597 3338 1622 3388 et
1637 3332 1769 3405 gaudium

962 3419 989 3467 ct
1003 3412 1149 3469 ineffabilis
1163 3414 1257 3472 laetitia
1270 3415 1297 3471 in
1308 3417 1465 3475 omnimode
1476 3419 1582 3493 glorie;
1598 3420 1627 3476 in
1642 3437 1695 3494 quo
1707 3422 1768 3480 sub·

960 3502 1060 3557 stantia
1075 3502 1136 3569 Dei,
1153 3504 1266 3559 verbum
1284 3521 1394 3579 quoquc
1407 3508 1492 3575 Deus,
1519 3526 1569 3580 per
1593 3510 1665 3581 quod
1694 3510 1764 3569 lacta

960 3598 1023 3645 sunt
1047 3590 1148 3659 omnia,
1178 3592 1204 3647 in
1228 3592 1359 3650 charitate
1378 3595 1495 3668 Spiritus
1514 3596 1601 3653 sancti
1617 3598 1697 3656 sicuti
1711 3607 1762 3669 est,

959 3674 1076 3742 ridetur,
1092 3684 1119 3731 el
1140 3676 1219 3733 beate
1232 3677 1349 3735 fruendo
1363 3681 1422 3737 sine
1438 3679 1492 3737 llne
1507 3682 1632 3737 hahetur.
1649 3682 1706 3739 lloc
1719 3692 1762 3740 εει

959 3763 1070 3820 tertium
1086 3764 1196 3833 coelum,
1208 3766 1234 3821 in
1252 3783 1306 3839 quo
1316 3776 1358 3823 est
1372 3769 1527 3840 paradisus,
1540 3770 1566 3825 in
1578 3786 1660 3843 quem
1670 3780 1763 3843 raptus

958 3855 1002 3908 est
1026 3853 1172 3925 Apostolus
1188 3872 1195 3909 ε
1211 3855 1264 3911 hoc
1279 3864 1320 3911 est
1335 3856 1434 3915 coelum
1450 3858 1477 3912 in
1503 3858 1575 3931 quod
1605 3868 1761 3932 assumptoe

958 3950 1000 3998 est
1015 3942 1159 4011 Christus;
1176 3944 1204 3999 in
1218 3945 1272 4002 hoc
1286 3945 1358 4002 coelo
1379 3949 1442 4002 sunt
1456 3948 1567 4021 agmina
1590 3948 1763 4020 angelorum,

957 4038 984 4085 ει
1002 4031 1099 4089 animae
1121 4032 1277 4099 beatorum,
1310 4050 1365 4090 non
1390 4033 1469 4092 locali
1498 4033 1633 4109 positione
1655 4036 1763 4107 disjun-

956 4128 1017 4187 ctae,
1045 4121 1095 4177 sed
1123 4122 1312 4180 misericordia
1343 4124 1513 4196 disponentis
1537 4126 1712 4197 promeritis
1733 4127 1763 4183 in

956 4207 1045 4281 gloria
1061 4209 1203 4268 distinctae.
1220 4212 1254 4267 Et
1275 4212 1319 4269 hic
1342 4220 1404 4268 sunl
1427 4214 1521 4269 multae
1549 4216 1705 4272 mansiones
1733 4216 1762 4273 in

956 4313 1012 4353 una
1040 4299 1121 4355 domo
1150 4300 1253 4367 Patris,
1272 4302 1298 4357 iu
1327 4302 1426 4375 quibus
1455 4303 1635 4375 disponuntur
1653 4305 1719 4376 justi
1743 4320 1761 4362 a

98 4410 209 4466 mm
223 4411 351 4468 animam
366 4428 458 4468 mmm
473 4428 512 4468 a
525 4413 641 4477 memo
654 4413 788 4484 inferior,
803 4412 893 4482 (M
912 4416 939 4479 l)
953 4386 1123 4487 justitra'pro
1135 4388 1247 4487 justitiae
1256 4391 1375 4491 meritis.
1392 4391 1442 4491 llic
1457 4400 1498 4449 εει
1513 4392 1572 4467 spei
1586 4401 1689 4452 nostrae
1704 4411 1758 4453 ex-

98 4498 220 4567 nxxxr).
237 4500 374 4571 Septimus
396 4500 518 4557 iulernas
546 4508 587 4556 est
612 4500 686 4574 ignis
714 4509 841 4567 aetemus,
868 4500 898 4555 in
955 4484 1100 4547 ⁸Fe⁰¹³¹¹⁰2
1115 4477 1159 4534 ¹¹¹⁰
1174 4478 1277 4534 l⁸b0i¹⁸
1295 4480 1450 4537 lembum

89 4600 181 4655 'quem
194 4584 284 4640 anima
298 4596 360 4641 curn
376 4594 487 4658 recepto
507 4600 623 4657 corpore
650 4585 769 4642 truditur
795 4585 824 4640 in
852 4584 897 4642 die

95 4670 191 4743 iudicii
204 4688 268 4730 cum
282 4672 453 4730 daemonibus
476 4688 587 4745 semper
608 4673 771 4731 crucianda.
799 4674 897 4731 illrum

98 4769 188 4817 autern
215 4761 259 4818 bic
280 4761 405 4818 infernus
419 4763 447 4817 in
462 4763 514 4819 hoc
529 4762 639 4829 munde,
656 4776 691 4818 an
714 4768 792 4819 extra
814 4778 896 4817 mun-

99 4850 164 4906 dum
177 4849 281 4907 lutunrs
296 4851 342 4920 ait,
357 4849 509 4925 ignoratur.

1242 4654 1355 4715 carba
1372 4657 1467 4717 XXll.

988 4787 1064 4844 Drsc.
1080 4787 1113 4843 Et
1127 4785 1193 4860 quid
1220 4802 1290 4859 opus
1321 4795 1362 4845 est
1384 4805 1485 4861 corpus
1501 4788 1537 4845 ab
1551 4788 1694 4847 animabus
1710 4805 1755 4847 re·

952 4875 1015 4947 cipi,
1030 4876 1127 4948 quibus
1142 4874 1202 4932 sinc
1216 4890 1333 4949 corpore
1348 4882 1439 4951 potest
1452 4878 1513 4950 ipsa
1527 4890 1635 4937 sumana
1662 4878 1751 4936 beati·

907 4981 912 4987 ·
952 4964 1016 5021 tudo
1044 4964 1184 5037 praeberi‘.l
1207 4966 1280 5022 ldae.
1308 4966 1429 5031 Quidam
1455 4966 1586 5023 naturalis
1614 4967 1752 5041 appetitus

387 5030 501 5087 catur
520 5030 599 5085 XlX.

132 5149 210 5207 Drsc.
228 5151 257 5209 Si
270 5150 370 5207 interni
383 5151 538 5222 corporalia
565 5151 630 5208 loca
652 5163 706 5206 nen
734 5151 797 5219 siut,
824 5150 897 5207 unde

98 5237 148 5292 sub
162 5234 244 5292 terris
259 5252 321 5293 esse
335 5236 462 5292 dicuntur
476 5254 484 5303 3
500 5235 544 5292 vel
559 5237 631 5292 unde
646 5234 743 5292 inlerni
758 5235 897 5307 appellan-

98 5328 151 5388 tur,
181 5320 205 5375 si
233 5320 285 5376 sub
307 5319 387 5377 terris
402 5334 456 5377 non
471 5319 549 5375 sint?
562 5320 639 5375 ιιιε.
659 5319 723 5375 ldeo
746 5318 897 5375 subternis

98 5407 198 5465 inferni
212 5425 274 5467 esse
288 5409 414 5466 dicuntur
429 5408 471 5466 vel
486 5409 647 5476 creduntur,
663 5408 727 5480 quia
740 5423 896 5481 congruen-

99 5506 140 5553 ter
163 5497 193 5554 ιε
219 5498 315 5570 spiritu
341 5498 449 5555 illarum
476 5514 569 5555 rerum
592 5496 783 5553 similitudines
795 5496 836 5554 sic
850 5496 897 5553 dc·

951 5052 1023 5109 inest
1050 5053 1195 5111 animabus
1218 5054 1426 5111 administrandi
1455 5071 1565 5129 corpus,
1582 5072 1637 5129 quo
1659 5073 1748 5131 appe-

953 5143 1001 5197 titu
1032 5144 1207 5200 retardantur
1233 5144 1436 5217 quodammodo
1463 5160 1499 5202 ne
1526 5153 1582 5202 tnta
1606 5144 1755 5205 intentione

951 5231 979 5287 in
994 5230 1023 5288 id
1036 5248 1173 5288 summurn
1201 5232 1298 5289 caelum
1326 5240 1464 5308 pergant;
1479 5233 1600 5308 quandiu
1615 5249 1669 5291 non
1685 5235 1736 5292 sub

951 5324 994 5371 est
1022 5332 1132 5390 corpus,
1162 5318 1240 5387 cujus
1269 5316 1505 5375 administratione
1543 5319 1679 5391 appetitus
1706 5319 1753 5377 ille

951 5408 1127 5479 conquiescat
1157 5424 1164 5461 ε
1195 5407 1257 5464 idco
1285 5422 1400 5465 necesse
1423 5416 1474 5478 est,
1501 5418 1531 5464 ut
1555 5424 1672 5480 corpora
1701 5424 1752 5467 sua

951 5496 1092 5568 recipiant,
1124 5512 1184 5568 quae
1211 5496 1327 5567 speciali
1354 5497 1444 5569 gloria
1474 5496 1624 5570 promerita
1646 5498 1753 5575 angelis

98 5593 303 5654 monstrantem
316 5596 355 5655 ut,
372 5587 601 5661 quemadmodum
627 5601 692 5644 caro
714 5591 823 5642 mortua
844 5587 896 5642 sub
947 5586 1006 5657 jam
1034 5586 1220 5658 adaequentur,
1237 5594 1263 5641 et
1279 5586 1308 5641 in
1323 5587 1422 5642 summi
1441 5586 1505 5645 coeli
1527 5588 1647 5655 risione,
1676 5588 1751 5647 reri-

98 5682 174 5733 terra
187 5676 355 5748 reconditur,
371 5677 412 5735 sic
426 5691 545 5751 peccans
559 5676 649 5733 anima
670 5691 686 5731 a
709 5690 793 5733 cerne
808 5675 895 5733 solnta

949 5674 1012 5731 tatis
1025 5674 1166 5732 liberrima
1180 5673 1323 5733 intuitione
1337 5692 1447 5751 semper
1459 5677 1656 5749 jucundentur.
