3942 6067
185 259 254 313 ibid
527 254 676 314 bobono
694 250 944 314 AUGUSTODUN.
964 248 1041 307 ΟΡΡ.
1064 251 1150 307 PARS
1169 252 1218 307 111.
1239 284 1273 295 -
1294 250 1491 310 btvbnotcat
1771 248 1846 309 ibid

182 382 293 441 adimit.
313 382 431 441 Postera
442 396 563 455 namque
575 383 620 439 die
632 384 728 439 ltoates
746 395 841 452 penem
862 376 976 450 petiere,
993 373 1124 447 Acepite
1139 377 1197 447 eius
1211 377 1345 451 surgebat
1364 385 1391 433 et
1412 376 1524 433 tlemnxa
1552 380 1696 433 crescente
1725 374 1753 430 in
1784 373 1845 431 alta

184 489 216 531 se
229 488 292 531 cum
307 471 364 530 suis
377 472 504 529 omnibus
515 471 675 544 imperatori
688 468 848 527 subdidere.
1034 465 1091 539 poli
1106 467 1248 522 tendebat.
1277 466 1385 523 Crebro
1401 464 1434 537 (b
1448 467 1501 523 aba
1514 464 1556 536 κθ)
1572 464 1656 521 etiam
1682 463 1748 521 visae
1771 470 1838 519 sunt

1036 568 1134 611 manns
1149 554 1258 611 llartini
1282 554 1522 611 intermissurum
1552 551 1694 609 sollemnia
1722 552 1841 626 gemmis

220 651 327 711 Exinde
345 651 488 719 Martinus,
510 650 613 708 relictis
635 648 730 717 armis,
755 646 915 704 monachico
931 645 983 701 ba·
1037 643 1148 701 radiare
1161 652 1242 716 atque
1257 658 1325 701 auro
1340 650 1366 699 et
1380 642 1484 701 electro
1498 640 1645 715 crepitare.

185 742 242 799 bito
256 742 385 807 induitur,
401 740 514 813 llylario
529 738 691 796 Pictaviensi
711 737 843 809 episcopo
866 736 985 805 coniun-

184 830 267 905 gitur,
278 846 341 888 oum
354 846 409 903 qao
422 829 591 901 aliquamdiu
604 834 787 885 commoratus
803 826 839 881 ad
854 831 985 897 parentes
1074 822 1198 894 Quodam
1220 829 1343 891 tempore
1366 820 1470 894 populo
1490 832 1661 893 paganorum
1676 816 1791 875 liertiae
1812 816 1841 871 in

182 920 288 987 tendit3
309 919 359 976 sed
374 918 400 974 ei
414 918 542 975 diabotus
555 919 585 974 in
598 918 640 974 via
652 917 779 982 occurrit,
795 932 827 972 se
838 915 865 971 ei
878 915 908 970 iu
921 929 984 971 om·
1038 926 1135 983 campo
1150 911 1323 983 praedicante,
1340 926 1410 983 puer
1425 910 1537 984 quidam
1552 906 1744 979 opprimiture
1758 904 1842 961 turba

184 1009 266 1067 nibus
277 1007 485 1065 adversaturum
499 1007 641 1079 promittit.
662 1006 714 1077 Qui
730 1006 826 1063 sssvam
841 1004 984 1077 ingressus
1038 1002 1219 1071 constipante.
1236 998 1324 1069 Quem
1339 1008 1427 1055 matur
1437 1013 1499 1056 cum
1513 996 1616 1067 ejulatu
1630 1000 1728 1051 sancto
1738 992 1839 1050 attulit·

183 1096 493 1169 aletronibuscapitur,
508 1096 619 1169 ligatur,
647 1096 675 1150 in
698 1095 790 1151 abdita
813 1092 913 1150 ductus
936 1091 985 1147 uni
1038 1104 1155 1161 moxque
1170 1088 1262 1145 vivum
1276 1103 1370 1145 coram
1387 1087 1514 1145 omnibus
1538 1084 1600 1158 ejus
1623 1082 1755 1155 precibus
1768 1082 1840 1139 reci·

183 1181 410 1238 incustodiendus
419 1181 637 1238 commendatur.
650 1179 703 1250 Qui
718 1196 769 1251 por
779 1178 885 1235 llartini
900 1177 985 1233 verba
1038 1194 1103 1250 pere
1117 1176 1227 1239 meruit,
1243 1192 1303 1250 quae
1316 1192 1378 1233 cum
1394 1176 1467 1231 omni
1482 1174 1584 1246 populo
1605 1172 1723 1229 credens
1746 1177 1841 1243 pratea

182 1272 242 1329 Deo
254 1270 372 1327 credidit
385 1270 623 1342 eamquesolvens
638 1270 674 1326 ad
685 1268 757 1325 viem
768 1267 891 1333 deducit,
902 1267 985 1323 latro·
1040 1268 1095 1323 lieo
1109 1264 1209 1322 retulit.
1226 1264 1270 1322 Sic
1280 1264 1397 1321 Trinitas
1411 1270 1505 1319 sancta
1517 1260 1635 1317 electum
1651 1274 1730 1315 suum
1742 1273 1839 1317 coram

71 1358 75 1365 '
183 1359 284 1417 mum
298 1369 448 1427 execrator,
463 1359 608 1415 Martinam
628 1358 700 1415 lidus
724 1372 819 1414 comes
832 1353 985 1427 discipulus
1038 1349 1193 1406 bominibus
1207 1348 1340 1423 glorificat
1355 1348 1419 1405 dum
1442 1356 1499 1404 tres
1522 1353 1645 1403 mortuos
1657 1360 1708 1417 per
1720 1359 1784 1401 eum
1803 1342 1839 1399 ad

182 1444 364 1502 commitatur.
381 1443 511 1500 llartinua
525 1451 616 1500 autern
631 1444 668 1499 ud
678 1450 810 1515 parentes
820 1440 985 1513 perveniens
1038 1438 1122 1496 vitam
1138 1444 1259 1495 revocat.

182 1542 296 1589 matrem
325 1549 402 1589 suam
426 1534 561 1591 convertit
574 1533 609 1589 ad
625 1531 780 1595 Dominam,
796 1538 901 1603 patrem
915 1545 984 1587 con·

181 1622 252 1682 verti
265 1621 448 1696 [convertere]
464 1638 519 1679 non
531 1621 628 1694 potuit.
652 1621 719 1677 lude
732 1620 767 1676 ad
781 1619 920 1690 Hylarium
936 1634 982 1674 re·
1072 1614 1158 1684 liujus
1171 1612 1254 1671 locati
1269 1611 1319 1669 viri
1335 1620 1374 1669 tot
1382 1611 1494 1685 egregia
1505 1610 1586 1689 signa
1598 1609 1754 1667 scribuntur
1764 1608 1838 1683 quod

182 1712 298 1769 vertitur
311 1721 339 1769 et
352 1711 388 1767 ab
411 1710 548 1767 haereticis
570 1711 654 1768 variis
678 1709 768 1783 paenis
791 1707 919 1765 edicitur.
940 1708 980 1763 lio
994 1716 1021 1778 Β
1037 1699 1111 1757 nullo
1126 1714 1252 1755 sermone
1267 1696 1487 1768 explicabuntur.
1513 1695 1592 1752 Unde
1612 1710 1698 1766 pauca
1713 1695 1772 1751 bac
1787 1710 1839 1750 vos

182 1808 307 1873 tempore
328 1800 438 1874 quidam
461 1801 670 1857 catechuminos
691 1815 722 1855 se
743 1798 769 1854 ei
792 1796 980 1854 associaverat
1035 1789 1146 1847 audisse
1160 1787 1277 1845 sufficiat
1292 1803 1326 1843 ne
1341 1785 1473 1858 prolixior
1487 1800 1578 1841 sermo
1594 1784 1672 1841 vobis
1695 1782 1838 1841 fastidium

181 1889 357 1964 quiabsene
371 1889 488 1945 barcino
511 1889 544 1956 (r
567 1890 630 1958 aaa)
654 1904 710 1945 non
735 1887 886 1959 baptizatus
900 1887 980 1942 abta·
1034 1878 1154 1951 ingerat·
1195 1876 1263 1933 Cum
1301 1874 1412 1947 auidam
1440 1873 1650 1939 Postumianae,
1683 1873 1839 1945 peragrans

182 1988 236 2035 rat.
253 1978 384 2035 llartinua
399 1986 492 2035 autem
512 1994 642 2035 reversus
666 1976 693 2033 in
716 1976 838 2034 lacrimis
853 1974 978 2043 solvitur,
1034 1966 1127 2021 mundi
1151 1964 1287 2038 pillibuss.
1312 1970 1424 2019 ‘wilm
1450 1964 1544 2019 Palles
1560 1962 1587 2017 in
1601 1962 1729 2033 AEgyptn,
1743 1961 1772 2017 in
1784 1961 1838 2016 ¹¹¹·

181 2064 230 2121 aed
246 2063 362 2121 Domino
375 2079 437 2121 eum
452 2063 613 2121 consolante
635 2062 751 2119 tristicia
775 2062 835 2131 ejns
857 2061 886 2116 in
908 2075 980 2134 gau·
1033 2054 1104 2123 daea,
1120 2053 1148 2108 in
1163 2052 1271 2109 Gracia
1290 2051 1440 2119 visitasset,
1456 2066 1490 2109 ac
1505 2050 1589 2105 multa
1603 2048 1738 2121 preclara
1751 2057 1779 2105 et
1789 2048 1838 2103 di-

180 2152 259 2210 dinm
272 2152 450 2220 conuertitur,
461 2167 580 2225 moxque
597 2160 721 2209 mortuus
735 2150 770 2207 ab
784 2166 817 2207 eo
832 2149 981 2206 resuscita·
1033 2157 1089 2217 qna
1103 2143 1190 2199 relatu
1213 2140 1344 2197 iratribus
1369 2154 1495 2195 reversus
1515 2146 1683 2205 enarrasset.
1709 2137 1839 2193 iuvenum

181 2249 236 2299 tar.
251 2242 313 2298 Alio
327 2249 450 2313 tempore
464 2249 624 2298 transeunte
639 2240 753 2297 llartino
776 2239 904 2311 lagabria
928 2254 979 2295 vox
1033 2240 1075 2289 cst
1089 2232 1223 2289 Martinus
1236 2230 1362 2287 omnium
1378 2230 1476 2287 merita
1492 2233 1520 2287 et
1534 2229 1606 2285 lacta
1625 2227 1713 2301 signia
1727 2233 1755 2283 ct
1768 2242 1839 2283 san-

180 2327 290 2387 anditur
302 2330 330 2385 in
344 2330 464 2402 quodam
486 2331 560 2387 vico.
588 2327 642 2399 Qui
666 2329 732 2386 dum
755 2343 864 2386 causam
889 2328 980 2385 luctus
1033 2320 1126 2378 ctitate
1141 2319 1346 2377 transcendisse
1360 2327 1387 2375 et
1401 2317 1442 2375 iili
1455 2333 1552 2377 omnes
1567 2317 1603 2373 ed
1624 2315 1710 2373 solitus
1725 2314 1837 2371 aaroni

181 2418 348 2489 sciscitatur,
363 2419 390 2475 ei
403 2420 511 2493 quidam
525 2418 674 2491 suspendio
692 2417 744 2473 sibi
757 2416 875 2473 animam
890 2424 980 2473 eatur·
1033 2424 1189 2466 mensuram
1205 2424 1259 2465 non
1274 2408 1444 2480 pervenisse.
1473 2407 1544 2462 Nem
1558 2404 1642 2463 caecis
1657 2404 1755 2473 visum,
1768 2418 1837 2458 sur-

181 2502 252 2562 sisse
279 2511 421 2575 narratum
449 2504 514 2561 inde
539 2502 672 2561 Martinus
699 2501 847 2558 miseratus
873 2500 978 2568 miseri,
1032 2498 1074 2555 dis
1090 2496 1208 2555 reddidit
1221 2497 1355 2563 auditum,
1371 2496 1454 2551 mutia
1475 2494 1622 2567 loquelam,
1647 2492 1763 2566 leprosis
1788 2508 1839 2547 re-

181 2592 278 2662 ejectis
292 2592 435 2662 omnibus,
451 2609 551 2665 preces
564 2592 653 2647 tundit
666 2589 837 2649 misericordi
862 2590 978 2647 llisera-
1032 2587 1145 2659 parabat
1173 2585 1355 2652 mundiciam,
1381 2584 1488 2643 claudis
1520 2598 1663 2657 gressum,
1700 2580 1836 2653 populum

181 2680 245 2739 tori.
267 2680 388 2754 Oquam
403 2698 490 2754 prope
503 2691 546 2739 cst
560 2680 693 2739 Dominus
714 2679 841 2737 omnibus
865 2695 929 2735 eum
951 2678 981 2734 in
1033 2670 1213 2728 consolidavit
1237 2669 1351 2741 paralisi
1372 2684 1558 2741 oppressum
1575 2666 1701 2723 ardorem
1716 2666 1836 2723 labriam

182 2769 297 2826 veritate
320 2770 527 2828 invocantibusi
544 2771 638 2840 (Prot.
653 2769 759 2840 cxstv.)
784 2767 879 2826 Statim
905 2784 980 2825 mor·
1035 2759 1179 2831 mitigavit,
1205 2757 1330 2815 sutorem
1354 2756 1511 2815 daemossum
1531 2772 1566 2813 0¹
1585 2754 1741 2813 hominibus
1762 2752 1836 2811 effu-

180 2866 243 2915 tuus
258 2858 319 2916 vitre
335 2859 460 2915 redditur
474 2867 501 2915 et
515 2874 577 2916 cum
593 2857 721 2926 llartino,
737 2856 846 2914 cunctis
862 2863 981 2927 stupen-
1032 2847 1118 2921 gavit,
1129 2854 1156 2903 et
1166 2862 1222 2903 nou
1238 2846 1325 2905 solum
1339 2845 1401 2919 ipse
1414 2862 1465 2918 per
1475 2860 1506 2902 ae
1521 2845 1602 2919 signa
1617 2844 1771 2911 exhibebat,
1784 2846 1836 2901 sed

179 2945 267 3014 tibus,
280 2946 360 3003 vivas
374 2948 560 3020 progreditur.
576 2945 689 3016 Oenius
703 2944 793 3001 meriti
806 2944 979 3016 apudDeum
1035 2937 1116 2992 eiiam
1146 2936 1223 2991 mulii
1251 2935 1278 2989 in
1307 2934 1417 2991 nominc
1445 2933 1552 2990 Martini
1583 2933 1652 2989 mira
1684 2933 1832 2989 faciebant.

181 3032 228 3091 hic
242 3033 283 3092 vir
295 3034 382 3091 extitit
397 3036 443 3108 qui
457 3036 530 3093 hunc
545 3035 607 3093 vitae
629 3034 747 3091 resbtuit
768 3033 816 3107 qui
838 3049 869 3091 se
889 3033 979 3105 ipsum
1033 3025 1161 3083 Oleuma
1183 3023 1300 3080 Maltino
1328 3023 1503 3080 benedictum
1530 3037 1639 3079 omnem
1668 3020 1836 3095 languorem

181 3124 310 3182 occidere
323 3140 378 3180 non
394 3125 533 3196 pertimuit
545 3124 551 3181 l
564 3125 613 3181 llis
626 3124 706 3181 miris
721 3124 862 3181 miraculis
876 3123 978 3180 mundo
1033 3113 1170 3187 pellebat
1186 3111 1272 3169 liletae
1286 3112 1321 3167 ab
1336 3127 1369 3169 00
1385 3112 1476 3167 missac
1490 3110 1585 3184 fugato
1600 3104 1696 3168 doloro
1718 3108 1837 3167 salutem

181 3207 347 3281 conficetur,
364 3210 421 3266 lieo
434 3210 598 3281 disponente
620 3209 781 3265 sublimatur
795 3208 880 3264 inicia
893 3209 980 3264 Turo-
1035 3201 1200 3267 reddebant;
1216 3216 1300 3267 aves,
1326 3199 1437 3267 beelim,
1466 3207 1608 3271 serpentes
1635 3199 1693 3268 ejus
1719 3196 1838 3269 imperio

182 3293 236 3351 nini
250 3292 433 3366 pontificatus.
450 3293 503 3364 Qui
516 3294 586 3350 mira
599 3293 748 3349 bumilitate
762 3291 980 3351 etsoiiicitudiue
1035 3292 1185 3363 parebant;
1217 3290 1300 3345 vestis
1329 3290 1388 3360 ejus
1416 3293 1488 3346 tacta
1517 3288 1561 3346 vel
1590 3294 1707 3345 stramen
1730 3287 1757 3343 in
1782 3301 1838 3358 qno

182 3398 298 3456 gregem
312 3383 365 3439 sibi
378 3383 555 3441 commissum
575 3383 697 3455 regebat,
724 3382 796 3439 dulci
818 3380 940 3439 doctrina
954 3389 981 3437 et
1035 3378 1162 3436 dormivit
1176 3379 1316 3435 daemones
1331 3376 1374 3435 vel
1390 3377 1540 3450 quamlibet
1566 3376 1712 3433 adversam
1736 3374 1840 3432 valitu-

182 3470 254 3529 vivis
265 3472 398 3544 exemplis
411 3472 536 3529 subditos
549 3472 712 3528 instruebat.
726 3473 862 3544 Tempora
876 3487 925 3527 aua
940 3472 980 3526 si·
1035 3469 1126 3525 dinem
1142 3468 1264 3535 iurabat,
1281 3466 1402 3525 celerem
1416 3467 1561 3523 sanitatem
1576 3465 1732 3539 prestabat.
1749 3465 1840 3535 Hujus

182 3559 287 3635 qaiset
299 3560 434 3636 prodigiis
455 3561 581 3627 ornavit,
603 3568 690 3618 totam
713 3560 867 3619 Ecclesiam
895 3574 981 3618 aurea
1036 3574 1124 3631 cappa
1152 3558 1319 3615 Francorum
1347 3556 1462 3630 regibus
1485 3554 1520 3611 ad
1545 3554 1618 3612 bella
1631 3554 1758 3611 euntibus
1786 3568 1839 3625 pro

183 3648 309 3707 columna
321 3649 509 3709 inflexibiliter
521 3650 695 3709 sustentavit.
1035 3646 1116 3719 siquo
1131 3646 1347 3712 anteferebatur,
1364 3652 1392 3701 et
1404 3661 1454 3716 per
1468 3660 1529 3701 eam
1554 3642 1635 3701 victis
1659 3642 1786 3699 bentibus
1799 3644 1840 3701 vi·

1035 3744 1123 3793 ctana
1144 3734 1338 3807 potiebantur;
1367 3750 1451 3791 unum
1479 3740 1507 3789 et
1533 3748 1551 3789 a
1576 3731 1738 3790 custodibus
1760 3731 1839 3787 illius

219 3826 332 3885 ilardno
344 3828 381 3884 ad
394 3828 540 3886 ecclesiam
554 3829 722 3901 procedente
741 3827 877 3886 daemonia
889 3826 918 3883 in
932 3842 981 3884 ec·
1035 3840 1131 3898 cappa
1154 3840 1241 3898 usque
1268 3823 1350 3881 bodie
1378 3821 1533 3895 cappellani
1561 3820 1745 3893 appellantur.
1773 3820 1839 3876 An-

180 3915 292 3973 alesiam
314 3917 449 3990 mugitum
463 3918 593 3985 edebant,
609 3925 636 3975 at
649 3917 743 3974 clerici
756 3933 807 3989 per
821 3915 981 3990 energumi-
1035 3914 1092 3989 geli
1107 3929 1181 3985 saepe
1197 3913 1223 3969 ei
1236 3911 1476 3985 colloquebantur,
1492 3910 1580 3969 sancti
1595 3910 1695 3984 quique
1709 3908 1841 3982 trequen-

181 4020 234 4061 nos
247 4005 406 4077 episcopum
420 4006 567 4063 adventare
581 4004 747 4062 sentiebant.
776 4004 982 4078 Torquebantur
1036 4010 1077 4059 tar
1092 4018 1155 4059 cum
1170 4018 1204 4058 eo
1220 4000 1487 4059 sermocinabantur.
1513 3998 1609 4057 Oculis
1622 4013 1656 4055 ac
1670 3997 1795 4055 manibus
1809 3997 1839 4054 in

181 4094 295 4167 maligni
306 4096 343 4151 de
356 4095 503 4165 prasentia
515 4094 642 4150 substitio
657 4095 717 4151 lieo
730 4093 817 4166 digni.
839 4094 900 4150 llox
915 4109 981 4151 vero
1035 4090 1135 4149 omium
1157 4106 1267 4161 semper
1289 4088 1464 4155 intendebat,
1488 4102 1537 4145 ore
1556 4096 1584 4143 et
1601 4086 1685 4144 corde
1699 4086 1840 4143 Christum

183 4182 272 4239 utillo
285 4183 375 4241 cilicio
389 4183 553 4249 obvolvitur,
565 4182 649 4240 cineri
664 4182 860 4255 prosternitur,
875 4180 982 4238 inmun·
1034 4179 1161 4252 gerebat.
1192 4178 1313 4250 Regibus
1344 4185 1473 4248 potenter
1500 4175 1670 4247 imperabat,
1695 4175 1840 4233 haereticos

182 4272 282 4327 dorum
306 4273 451 4343 spirituum
477 4281 588 4329 caterva
615 4272 652 4328 ab
678 4271 802 4329 obsessis
825 4270 982 4328 bominibus
1034 4284 1097 4325 cum
1125 4282 1226 4339 magns
1252 4266 1415 4323 auctoritate
1442 4265 1604 4337 superabat.
1636 4263 1839 4337 Episcoporum

182 4358 336 4431 expellitur.
352 4359 476 4429 Quadam
490 4360 618 4417 sollemni
640 4360 686 4417 die
708 4360 809 4417 missas
823 4360 982 4417 celebratu—
1035 4356 1138 4414 invidia
1153 4372 1168 4411 a
1183 4354 1299 4412 subditis
1313 4354 1414 4411 illatam
1429 4353 1558 4423 iniuriam
1579 4352 1716 4425 patienter
1736 4353 1838 4409 tolera-

182 4447 273 4503 ros'in
286 4448 408 4505 sacrario
428 4449 553 4505 comedit
566 4456 593 4505 et
608 4449 797 4522 eranquidam
812 4464 917 4521 pauper
930 4465 980 4505 re·
994 4430 1021 4493 D
1036 4446 1099 4511 bat,
1129 4442 1286 4514 exemplum
1313 4441 1502 4499 sanabmnnim
1528 4439 1655 4497 omnibus
1679 4456 1735 4511 prae
1765 4438 1839 4513 [per]

174 4544 253 4593 -etern
267 4536 302 4592 ab
317 4537 440 4609 eopetit.
460 4536 513 4607 Qui
527 4536 652 4608 motinus
666 4537 809 4593 diaconem
823 4538 913 4603 mittit,
928 4554 979 4593 ve·
1033 4532 1127 4589 omnia
1141 4531 1237 4587 dabat.
1263 4526 1389 4587 Obitum'
1403 4544 1483 4585 suum
1509 4528 1592 4601 louge
1619 4526 1654 4599 (1⁰
1680 4530 1746 4599 abt)
1775 4534 1840 4595 anta

182 4629 252 4679 stem
267 4619 380 4693 pauperi
394 4619 491 4679 afferre
509 4620 651 4694 pracepit.
680 4621 730 4677 lilo
749 4628 872 4677 morante
886 4621 979 4677 iderti-
1033 4619 1182 4691 praescivit,
1194 4617 1326 4675 fratribus
1341 4618 1415 4675 diem
1437 4617 1529 4675 exitus
1554 4616 1594 4673 sui
1616 4616 1756 4688 praedixit.
1776 4616 1837 4689 lgi-

179 4723 234 4765 nus
248 4715 350 4763 vestem
364 4722 442 4763 suam
462 4706 549 4776 exuit,
572 4708 687 4779 pauperi
708 4706 814 4764 tribuit.
842 4707 979 4763 Diaconos
1034 4718 1077 4765 tur
1101 4724 1165 4765 cum
1193 4705 1324 4765 Dominus
1350 4705 1474 4779 gloriosa
1503 4706 1605 4763 merita
1632 4703 1705 4761 beati
1726 4703 1840 4761 liertini

182 4796 621 4869 reversusbortatnrepiscopum
645 4797 744 4853 missas
765 4796 918 4862 celebrare,
935 4796 979 4851 di·
1033 4796 1201 4855 decrevisaet
1216 4794 1403 4860 remunerari,
1425 4800 1454 4851 et
1475 4793 1617 4851 emeritum
1637 4792 1753 4849 militam
1776 4800 1840 4865 post

181 4899 249 4942 cens
262 4884 395 4957 populum
408 4885 513 4943 lassum
527 4884 574 4942 diu
588 4884 762 4958 expectando
775 4885 909 4942 laborare.
926 4883 980 4953 Qui
1033 4886 1134 4943 multos
1147 4900 1252 4957 agones
1276 4882 1410 4955 perhenni
1436 4890 1512 4941 serto
1540 4882 1682 4946 laureare,
1710 4881 1838 4953 corporis

182 4973 250 5029 dixit
272 4990 421 5045 pauperem
434 4975 512 5046 prius
526 4974 698 5031 vestiendum
722 4980 749 5030 et
768 4974 809 5031 sic
832 4974 979 5031 servicium
1033 4974 1129 5031 dolore
1144 4972 1290 5043 corripitur
1304 4972 1400 5045 sicque
1421 4985 1438 5027 a
1460 4969 1557 5029 dolore
1580 4978 1607 5027 et
1627 4978 1716 5027 morte
1730 4969 1838 5041 pariter

182 5062 234 5119 Dei
246 5062 443 5135 peragendum.
459 5062 509 5120 llle
521 5064 708 5119 stomachatus
730 5076 764 5117 ex
788 5062 911 5132 proxima
935 5070 979 5118 ta·
1033 5062 1164 5135 eripitur,
1193 5068 1275 5132 atque
1304 5060 1412 5133 angelis
1439 5064 1466 5117 et
1493 5058 1599 5117 sanctis
1625 5056 1839 5117 concinentibus

182 5152 272 5207 berna
285 5150 396 5223 nipram
412 5151 580 5222 brevemque
594 5158 700 5208 vastem
714 5150 808 5221 paucis
832 5151 979 5207 nummulis
1033 5149 1162 5225 gaudium
1178 5148 1288 5204 Domini
1303 5149 1345 5205 sui
1357 5149 1436 5205 laetus
1450 5148 1616 5221 ingreditur,
1641 5147 1690 5203 aed
1714 5145 1838 5205 coelestis

182 5240 291 5308 coemit,
315 5240 349 5296 nd
372 5240 458 5312 pedes
480 5238 602 5311 episcopi
626 5254 689 5295 cum
711 5238 751 5295 ira
774 5238 899 5310 proiecit.
916 5239 978 5309 ipse
1032 5238 1180 5297 modulatio
1197 5236 1318 5293 amultis
1342 5236 1503 5309 percipitur.
1528 5237 1599 5291 Nam
1614 5235 1763 5293 Severinus
1778 5233 1837 5290 Co-

179 5343 250 5386 vero
261 5327 346 5385 nichil
361 5329 469 5400 penitam
483 5335 637 5385 commotus
648 5326 793 5384 diaconem
807 5329 884 5385 exire
906 5345 980 5400 prex-
1032 5327 1165 5385 luciensis
1180 5325 1334 5397 episcopus,
1351 5325 1443 5381 multis
1458 5326 1604 5383 virtutibus
1628 5322 1785 5397 predictus,
1801 5338 1838 5379 ea

181 5417 264 5491 cepit,
279 5426 386 5475 vestem
400 5417 510 5474 aliamrn
520 5415 596 5474 clam
609 5416 705 5486 induit,
717 5416 813 5490 sieque
826 5417 979 5476 seminudis
1032 5418 1098 5474 bora
1111 5433 1172 5473 cum
1196 5415 1312 5471 diacono
1327 5430 1377 5471 suo
1392 5412 1555 5487 Ervelgiso,
1583 5421 1679 5486 postea
1707 5411 1835 5484 eiusdem

176 5504 301 5563 *brachiis
313 5508 349 5563 ad
363 5507 509 5563 misaamm
519 5505 664 5564 sollemnia
679 5506 802 5574 accedit,
818 5507 868 5564 sed
881 5506 976 5563 Domi·
1031 5504 1086 5563 inci
1100 5504 1243 5578 episcopo,
1259 5502 1331 5559 inter
1346 5504 1607 5569 monasteriensem
1624 5501 1756 5561 orationis
1780 5499 1836 5555 ibat

180 5595 346 5649 ausmtanti
359 5595 462 5667 populo
475 5594 603 5652 meritum
620 5595 747 5666 preclari
760 5594 886 5667 presulis
899 5603 978 5666 pate·
1031 5595 1140 5668 quando
1162 5592 1251 5649 anima
1272 5590 1415 5648 Mantinia
1435 5606 1520 5648 carne
1540 5591 1628 5649 soluta
1650 5589 1713 5649 caeli
1732 5587 1835 5661 templa

183 5678 260 5735 iecit.
278 5686 349 5737 taam
361 5697 396 5741 co
408 5682 507 5740 nnus
520 5682 679 5741 celebrante
701 5683 800 5754 globus
819 5682 921 5755 igneus
942 5683 978 5741 de
1032 5683 1133 5741 adibat.
1156 5680 1208 5751 Qui
1228 5680 1383 5755 angelicam
1408 5679 1525 5737 audiens
1553 5680 1721 5749 armoniam,
1750 5677 1831 5751 ipno-
