3942 6067
91 237 162 297 1065

396 215 584 298 sussurim
601 214 797 297 caucason.
819 268 855 279 -
871 230 965 297 nou.
986 238 1055 298 xx,
1076 235 1168 296 rosr
1184 232 1452 300 raurnccsrrm.

1682 242 1751 303 1066

91 366 189 421 harum
214 363 358 437 epularum
386 366 513 422 exstincti
535 365 738 445 occubuemnt.
773 365 815 422 td
836 362 995 455 hochup
1024 398 1084 439 eam
1111 390 1300 455 eorrupepung
1330 388 1395 441 tunc
1419 382 1449 439 pn
1476 390 1605 459 stagnum
1627 385 1699 459 ignis
1719 394 1748 447 eg

92 455 178 513 etiam
193 454 348 513 condrium
361 454 444 511 altilia
459 455 554 514 occisa
566 463 640 524 sunt,
657 455 721 528 quia
739 455 841 528 quique
855 455 892 511 ad
950 473 1089 545 sulphuris
1103 471 1190 541 missi,
1206 480 1339 547 perpetuo
1354 474 1498 532 ardebunt,

90 544 212 603 coelestia
225 555 316 602 mente
329 545 518 612 convolantes,
535 562 584 618 pro
598 545 640 601 his
662 545 749 617 epulis
763 544 894 616 prostrati

92 643 167 691 sunt.
186 634 268 691 Tauri
282 650 391 708 quoque
406 644 597 707 persecutores
615 635 726 692 luerunt
741 634 787 707 qui
802 632 895 691 corui-

93 725 145 780 bus
170 722 340 780 infidelitalis
367 722 464 781 fideles
491 725 702 789 ventilaverunt,
718 723 768 780 sed
783 724 893 781 Christo

89 813 217 870 veniente
245 813 368 870 enervati
395 822 467 869 sunt.
496 814 623 871 volatilia
649 822 739 869 antem
772 810 896 870 haeretici

89 903 245 981 extiterunt,
274 903 321 975 qui
348 904 550 977 quodammodo
581 904 618 960 ad
652 904 707 959 alta
732 903 896 959 volaremut

91 992 244 1065 quandoin
258 993 358 1049 coelnm
386 1010 417 1050 os
443 998 594 1066 posuerunt
623 1000 650 1051 et
677 992 852 1067 iniquitatem
867 992 895 1049 in

91 1082 202 1139 excelso
224 1091 322 1140 contra
336 1084 484 1140 Dominum
497 1084 582 1141 locuti
600 1092 662 1139 sunt
677 1102 685 1152 3
701 1084 750 1139 sed
764 1100 781 1139 a
796 1082 895 1139 Catho-

89 1171 153 1228 licis
179 1172 242 1230 victi
270 1181 297 1229 et
319 1174 492 1229 exterminati
508 1182 592 1229 sunt:
604 1174 637 1230 Et
651 1173 715 1246 quia
728 1173 787 1229 haec
802 1172 895 1229 omnia

91 1278 142 1333 per
154 1261 257 1318 Christi
272 1263 422 1335 potentiam
436 1270 498 1319 suut
512 1263 615 1331 sedata,
633 1262 724 1320 omnia
752 1270 814 1319 sunt
841 1278 894 1319 no-

93 1352 134 1405 his
160 1351 196 1407 ad
225 1352 340 1409 salutent
366 1362 531 1427 preparata,
545 1352 610 1409 ideo
624 1353 660 1410 ob
676 1352 751 1409 uulla
778 1352 895 1427 negocia

92 1439 282 1515 neglegamus,
312 1442 378 1515 quin
402 1450 459 1499 tota
486 1442 643 1500 festinantia
665 1442 701 1499 ad
722 1440 817 1515 epulas
844 1439 894 1499 Dei

90 1531 243 1602 veniamus,
259 1531 311 1587 Dei
326 1532 427 1604 quippe
440 1530 595 1589 convivium
610 1540 651 1587 est
667 1532 816 1604 perhennis
831 1531 895 1587 ritae

91 1620 236 1695 gaudium.
254 1620 297 1675 Ad
310 1621 363 1677 hoc
377 1620 462 1677 currit
477 1620 601 1695 quisquis
617 1621 668 1676 Dei
682 1627 821 1692 praecepta
838 1619 894 1675 im-

985 617 1028 673 Ne
1039 616 1118 686 hauns
1132 625 1240 675 exortes
1255 617 1372 677 convivii
1386 618 1471 676 simas
1494 619 1578 679 variis
1598 621 1750 679 documen·

950 705 986 760 tis
1013 706 1121 763 instruit
1148 722 1202 763 nos
1227 708 1369 765 Dominus.
1385 710 1484 767 Narrat
1503 712 1584 767 etiam
1598 712 1670 785 quod
1686 711 1750 785 qui·

950 794 1015 850 dam
1039 794 1183 853 ticulneam
1196 797 1223 853 in
1237 798 1316 856 vinea
1335 813 1388 856 suc
1409 800 1543 868 babuerit,
1563 808 1590 858 et
1617 818 1668 873 per
1694 808 1751 860 tres

950 900 1040 941 annos
1067 886 1181 942 veniens
1210 886 1328 944 fructum
1341 888 1369 945 in
1383 904 1417 945 ea
1431 906 1485 947 non
1501 890 1636 947 invenerit
1650 907 1658 959 ς
1674 898 1701 948 et
1715 908 1750 948 nc

950 968 1051 1025 diutius
1067 969 1169 1025 sterilis
1184 980 1345 1044 occuparet,
1364 974 1505 1031 succidere
1519 976 1651 1048 precepit
1664 978 1747 1048 tlon.

949 1058 1028 1127 xrrr).
1048 1059 1177 1116 liculnea
1191 1061 1290 1117 sterilis
1304 1062 1331 1118 in
1345 1063 1377 1137 (l0
1392 1064 1456 1133 ιιι)
1470 1064 1549 1121 vinea
1576 1073 1636 1122 erat
1660 1066 1749 1139 Syna-

949 1164 1024 1223 goga
1043 1148 1071 1205 in
1090 1149 1153 1225 lege
1178 1150 1356 1209 infructuosa.
1370 1153 1411 1210 De
1433 1170 1488 1226 qua
1508 1155 1641 1212 Dominus
1662 1156 1752 1213 tribus

950 1238 1030 1293 aunis
1057 1238 1178 1296 tructam
1200 1240 1334 1312 quaesivit,
1355 1243 1420 1315 quia
1442 1258 1504 1300 eam
1518 1253 1582 1301 ante
1596 1244 1687 1319 legem
1702 1260 1752 1319 per

950 1328 1135 1399 patriarchas,
1153 1329 1206 1385 sub
1220 1330 1284 1403 lega
1298 1347 1349 1403 per
1363 1334 1521 1405 propbetas,
1533 1334 1583 1391 sub
1597 1334 1685 1409 gratia
1699 1347 1751 1408 per

950 1416 1091 1489 apostolos
1105 1418 1141 1475 cd
1155 1418 1274 1477 fructum
1288 1420 1354 1477 boni
1366 1422 1457 1493 operis
1470 1424 1593 1493 monuit;
1611 1424 1662 1481 sed
1688 1422 1750 1497 quia

950 1522 1000 1578 per
1028 1504 1172 1579 perfidiam
1200 1510 1321 1567 aretenta
1343 1517 1446 1568 terram
1469 1512 1570 1569 sterilis
1598 1512 1749 1586 occuparit,

951 1595 1067 1653 securim
1080 1596 1175 1667 judicii
1190 1599 1233 1654 sui
1247 1598 1273 1655 ei
1287 1600 1322 1655 ad
1338 1600 1460 1659 radicem
1474 1602 1568 1675 posuit
1595 1601 1661 1660 dum
1687 1618 1750 1660 earn

92 1708 170 1781 plere
194 1710 307 1783 satagit.
327 1711 367 1766 De
383 1710 499 1766 exitibus
515 1710 621 1767 viarum
637 1714 725 1768 vocati
737 1710 773 1766 ad
787 1710 895 1781 nuptias
908 1732 935 1793 B
951 1684 1137 1743 R⁰ffl³⁰0¹¹¹ffi
1151 1686 1244 1759 81ὓάῙο
1259 1687 1389 1746 succidii·

90 1800 148 1868 jam
174 1798 382 1867 discumbimus,
399 1800 515 1872 quiade
530 1800 614 1857 variis
642 1800 780 1857 erroribus
794 1799 830 1855 ad
848 1816 894 1855 sa-

95 1895 234 1945 cramenta
261 1890 405 1946 Dominica
432 1889 623 1946 convenimus.
638 1890 674 1945 Et
687 1890 761 1961 ideo,
776 1888 897 1945 dilectis-

96 1978 168 2042 simi,
202 1986 278 2035 veste
304 1978 419 2050 nuptiali
446 1977 680 2051 resplendeamus,
709 1986 738 2035 ut

95 2066 130 2138 (1⁰
145 2066 198 2122 att
213 2067 255 2139 ιο)
270 2068 415 2123 Dominum
426 2084 484 2140 praa
494 2067 620 2124 omnibus
631 2075 656 2123 et
671 2068 812 2139 proximos
827 2067 898 2123 sicut

96 2172 147 2211 nos
162 2157 238 2230 ipsos
252 2157 408 2231 diligamus.
425 2157 514 2227 Quem
531 2158 559 2213 in
573 2159 627 2215 bac
639 2166 716 2215 veste
730 2174 778 2213 rex
792 2157 898 2213 intrans

96 2261 151 2301 non
168 2246 308 2314 invenerit,
325 2246 439 2320 ligatum
454 2248 490 2303 da
504 2247 631 2305 convivio
655 2263 704 2303 suo
727 2246 788 2317 ejici
808 2246 896 2316 jubet,

97 2336 227 2392 tenebras
249 2335 396 2393 infernales
415 2336 529 2394 videbit.
546 2338 649 2393 Horum
665 2340 758 2393 autem
773 2335 898 2394 civitates

97 2425 164 2498 ipsis
178 2426 291 2497 perditis
305 2434 489 2482 cremantura
505 2426 602 2500 quibus
626 2428 697 2482 servi
721 2426 799 2482 missi
824 2426 899 2495 inju-

985 1827 1067 1886 Ficus
1081 1829 1162 1887 etiam
1178 1830 1281 1889 sterilis
1302 1832 1330 1889 iu
1358 1833 1441 1891 vinea
1467 1842 1510 1891 est
1536 1834 1651 1908 quilibet
1670 1835 1753 1893 horno

950 1918 1011 1974 sine
1037 1918 1116 1976 bonis
1143 1921 1271 1992 operibus
1294 1921 1322 1978 in
1343 1923 1481 1981 Ecclesia.
1507 1925 1547 1981 Da
1570 1926 1624 1983 hoc
1648 1924 1754 1983 tructus

767 1978 898 2034 V¹d⁰¹i⁰⁰²
951 2006 1031 2063 trium
1046 2022 1182 2065 annorum
1197 2012 1329 2083 queritur
1343 2011 1406 2069 dum
1422 2013 1547 2087 operatio
1575 2012 1640 2071 lidei
1662 2014 1753 2071 Trini-

952 2097 1016 2153 tatis
1029 2098 1064 2153 ab
1079 2114 1112 2155 eo
1125 2098 1242 2171 exigitur
1258 2118 1264 2165 ;
1281 2109 1308 2157 et
1328 2102 1380 2157 nisi
1404 2102 1483 2159 citius
1501 2102 1675 2161 confessione
1697 2104 1753 2161 cir-

953 2186 1151 2257 cumfodiatur,
1168 2196 1194 2245 et
1210 2198 1316 2246 stercus
1329 2189 1497 2263 poenitcntiae
1511 2190 1640 2265 mittatur,
1664 2201 1753 2251 morte

953 2275 1095 2333 excidetur
1109 2285 1136 2333 et
1150 2277 1179 2333 in
1194 2277 1287 2351 ignem
1302 2279 1437 2353 gehennae
1452 2280 1587 2339 mittetur.

990 2420 1048 2477 Hoc
1076 2436 1183 2495 quoque
1206 2420 1392 2496 praefigurarit
1405 2424 1503 2481 mulier
1516 2424 1657 2495 inclinata,
1675 2427 1724 2484 sed
1737 2443 1754 2485 a

98 2514 146 2569 riis
173 2514 263 2572 affecti
290 2525 460 2584 enecantur3
488 2516 551 2589 quia
574 2516 702 2572 nimirum
729 2516 899 2572 demonibus
953 2510 1073 2565 Domino
1093 2510 1138 2583 pia
1159 2520 1255 2567 sanata
1277 2514 1356 2585 (Luc.
1372 2516 1447 2585 xm).
1476 2515 1574 2571 Mulier
1595 2516 1629 2572 ad
1651 2524 1755 2574 terram

97 2605 230 2676 perdendi
255 2606 453 2677 permittuntur,
477 2622 492 2660 a
515 2606 615 2678 quibus
638 2605 835 2678 predicatores
855 2604 901 2663 hic
953 2599 1078 2655 inclinata
1093 2608 1153 2655 erat
1166 2603 1314 2675 synagoga
1329 2603 1380 2659 sub
1395 2603 1517 2675 pondere
1532 2604 1602 2677 legis
1622 2614 1746 2663 curvata.

97 2694 266 2750 contumeliis
294 2694 455 2768 affliguntur
470 2703 497 2752 et
508 2711 629 2769 corpora
656 2696 764 2753 illorum
790 2696 899 2752 demam
954 2687 1183 2759 Quaeallomino
1210 2692 1327 2765 erigitur
1354 2693 1419 2748 dum
1446 2692 1637 2751 multitudode
1652 2696 1753 2753 ludaeis

96 2782 155 2857 igni
168 2783 371 2857 inextinguibili
386 2786 603 2842 succenduntur.

132 2927 172 2983 De
187 2926 232 2983 his
248 2928 352 3000 nuptiis
366 2928 451 2984 texuit
465 2945 513 2985 rex
529 2928 659 2985 Salomon
684 2928 765 2987 dulce
788 2928 898 3001 epitha-

97 3016 220 3084 lamium,
242 3016 307 3072 dnm
320 3017 349 3073 in
364 3017 444 3074 laude
458 3017 558 3091 Sponsi
571 3026 599 3075 et
614 3017 729 3091 Sponsae
743 3034 794 3091 per
809 3017 899 3089 Spiri-

98 3114 153 3162 tum
172 3106 310 3163 concinait
333 3106 452 3165 Cantica
474 3109 666 3166 conmotam.
686 3108 770 3164 Filius

954 2793 1089 2835 conversa
1104 2780 1138 2835 de
1153 2795 1235 2836 onere
1249 2780 1320 2853 legis
1342 2798 1392 2853 per
1413 2782 1529 2857 gratiam
1554 2784 1678 2856 eripitur.
1697 2786 1755 2841 Mu-

953 2867 1006 2925 lier
1020 2868 1103 2925 etiam
1117 2868 1212 2926 decern
1229 2878 1255 2927 et
1270 2880 1332 2927 octo
1347 2872 1426 2927 annis
1441 2872 1555 2931 incurva
1570 2882 1612 2930 est
1627 2875 1756 2947 quaelibet

955 2957 1045 3013 anima
1069 2958 1120 3013 sub
1144 2967 1260 3032 utraque
1284 2959 1346 3032 lege
1367 2960 1475 3017 infirma
1490 2962 1599 3037 (itte).
1615 2964 1755 3020 Denarius

954 3063 1072 3121 namque
1086 3048 1121 3105 ad
1137 3048 1221 3104 Vetus
1235 3049 1439 3107 Testamentum
1459 3059 1574 3123 propter
1595 3051 1757 3126 decalogum

149 3196 155 3206 ,
215 3196 219 3205 ,
529 3197 534 3207 ,
572 3196 607 3208 ,,
653 3196 659 3208 ,
772 3101 1036 3211 ,(ῙΠῘΡΡθοιιςιε,
1053 3138 1246 3211 octogenarius
1261 3147 1353 3195 autern
1367 3140 1485 3213 pertinet
1499 3140 1534 3197 ad
1547 3142 1656 3200 Novum
1674 3143 1757 3201 Testa

98 3212 172 3269 regns
188 3195 356 3252 Hierusalem
371 3196 547 3269 desponsavit
556 3200 610 3252 sxbx
623 3195 706 3253 tuan
721 3213 795 3270 regis
809 3198 901 3269 Baby-

954 3235 1076 3283 mentum
1092 3236 1203 3300 propter
1216 3236 1342 3285 octavam
1357 3230 1508 3288 Dominicae
1526 3232 1752 3290 resurrectionis.

98 3284 179 3352 ¹⁰⁰³*
205 3292 401 3359 ³⁰⁰⁰P¹²mq⁰⁰
420 3285 533 3342 mdidi‘
561 3285 740 3343 erudiendffl
753 3295 837 3359 “que
853 3301 901 3343 οἳ·
955 3317 1057 3374 Decem
1072 3333 1141 3391 ergo
1161 3325 1188 3375 et
1202 3327 1264 3375 octo
1278 3319 1357 3375 anuis
1385 3320 1482 3377 mulier
1509 3320 1669 3379 incurvatur
1691 3324 1757 3380 dum

100 3374 217 3429 nandam
242 3376 294 3430 sub
321 3390 405 3431 manu
430 3375 555 3434 custodia
570 3394 577 3441 ;
593 3376 653 3449 ipse
680 3392 747 3434 vero

101 3644 222 3699 traducet
236 3644 394 3714 thalamum,
409 3660 504 3701 secum
518 3644 554 3700 ad
569 3643 678 3717 nuptias
693 3660 804 3716 sponse
817 3660 898 3701 orna·

293 3463 298 3475 ,
321 3464 326 3475 ,
768 3376 835 3432 ”hm
857 3390 902 3477 ,ω’
956 3406 1046 3462 anima
1060 3406 1200 3480 utriusque
1215 3407 1285 3481 legis
1300 3408 1523 3481 prevaricatione
1542 3419 1754 3487 praegravatum

102 3470 206 3520 struere
220 3478 375 3522 convivium
392 3479 399 3536 ;
415 3481 497 3538 quam
511 3466 603 3521 denuo
616 3481 745 3522 reversus
767 3480 829 3523 cum
856 3482 901 3521 xn-

101 3554 177 3627 genti
204 3561 337 3626 apparatu
365 3555 539 3627 maximoque
563 3553 636 3611 cultu
651 3554 679 3609 in
696 3556 832 3611 stellatum
855 3554 901 3611 in-

955 3496 1038 3551 seda
1065 3498 1184 3555 Domino
1212 3498 1247 3553 ad
1275 3498 1389 3556 salutem
1410 3500 1573 3558 sublevatur
1586 3501 1651 3558 dum
1666 3502 1757 3577 gratia

954 3584 1041 3657 ipsius
1056 3601 1106 3658 per
1121 3586 1305 3659 poenitentiam
1320 3587 1449 3645 salvatur.

100 3740 173 3789 tores
196 3732 299 3790 ducens
319 3733 347 3789 in
366 3733 514 3805 palacium,
534 3734 595 3803 ejus
625 3748 694 3791 vern
723 3741 901 3805 corruptores
992 3728 1047 3783 Per
1069 3743 1213 3799 pauperes,
1230 3728 1372 3796 karissimi,
1391 3728 1523 3787 debemus
1549 3733 1699 3804 pervenire
1719 3734 1756 3793 ad

99 3822 213 3880 tradens
227 3822 256 3879 in
269 3822 389 3881 carceris
402 3822 576 3895 supplicium.

135 3965 192 4022 Rex
208 3962 378 4021 iherusalem
392 3972 434 4021 est
449 3964 532 4033 Dens,
550 3964 626 4035 cujus
641 3964 727 4021 Filius
755 3972 797 4020 est
818 3964 900 4021 Chri-

100 4061 171 4109 stus.
196 4056 253 4109 hex
278 4054 427 4127 Babylonis
451 4062 493 4110 est
516 4053 652 4110 diabolus.
673 4053 819 4110 Gentilitas
836 4068 900 4112 vero

100 4152 161 4200 erat
174 4145 232 4215 ejus
247 4142 303 4199 filia
317 4160 380 4200 curn
394 4151 467 4200 esset
481 4142 616 4200 idolatriae
626 4143 728 4199 dedita.
748 4144 826 4200 Hanc
841 4144 900 4215 ipse

99 4250 116 4288 a
130 4235 208 4290 Patre
223 4233 402 4307 desponsavit
415 4234 481 4290 dum
496 4242 591 4306 postea
607 4234 768 4307 sanguinem
782 4232 900 4289 fundens
954 4263 965 4333 (

100 4324 135 4381 de
149 4324 258 4381 diabolo
270 4324 298 4380 in
312 4340 396 4381 cruce
411 4324 595 4397 triumpharit.
612 4324 689 4380 Hanc
712 4323 818 4380 custodi
844 4330 899 4378 tra-

100 4414 176 4483 didit,
196 4415 260 4471 dum
287 4430 348 4470 earu
374 4414 465 4471 ordini
492 4413 634 4471 doctorum
656 4412 747 4470 divina
769 4412 833 4487 lege
855 4412 899 4467 in-

99 4504 266 4575 struendam,
283 4504 400 4577 gemmis
413 4502 540 4560 virtutum
555 4503 740 4560 decorandam
754 4517 897 4559 commen-

955 3816 1109 3875 convivium
1125 3816 1185 3873 Dei.
1196 3818 1328 3889 Praecepit
1341 3818 1413 3875 enim
1427 3819 1560 3876 Dominus
1575 3837 1611 3879 ne
1624 3823 1660 3879 ad
1674 3840 1755 3895 pran-

955 3904 1031 3961 dium
1059 3913 1180 3963 nostrum
1210 3906 1309 3963 divites
1336 3908 1379 3965 vel
1405 3915 1531 3980 potentes
1558 3909 1757 3981 invitemus,a·

955 3992 1055 4066 quibus
1071 3992 1279 4051 retributionem
1293 3994 1338 4051 hic
1352 3994 1528 4067 recipiemus,
1539 3998 1587 4053 sed
1598 4006 1627 4054 ιιι
1639 3999 1675 4055 ad
1688 4015 1755 4057 cona

954 4081 1056 4140 rivium
1072 4090 1197 4139 nostrum
1210 4100 1353 4157 pauperes,
1366 4085 1483 4155 debiles,
1507 4085 1629 4156 claudos,
1654 4103 1752 4160 meos,

955 4188 1115 4243 evocemus,
1132 4188 1146 4229 a
1161 4173 1260 4247 quibus
1274 4174 1376 4231 nullam
1389 4174 1598 4233 retributionem
1612 4193 1754 4249 speremus

966 4263 1033 4319 Luc.
1046 4262 1181 4334 mahiloc
1190 4262 1262 4319 cuim
1270 4262 1402 4320 iacientes
1412 4263 1483 4319 beati
1492 4264 1604 4336 erimus,
1612 4266 1676 4339 quia
1686 4268 1755 4325 reci·

954 4352 1029 4424 pient
1042 4368 1093 4409 nos
1102 4351 1131 4408 in
1141 4360 1243 4409 eterna
1253 4353 1429 4410 tabernacula
1437 4369 1500 4412 cum
1509 4354 1700 4415 defecerimus.
1711 4357 1754 4415 hd

912 4474 939 4535 D
955 4441 1007 4499 Dei
1017 4441 1113 4514 epulas
1123 4442 1393 4516 gradiendumnobis
1404 4452 1506 4518 estper
1517 4454 1675 4505 sanctorum
1686 4448 1752 4509 vies.

100 4593 184 4650 davit.
207 4594 269 4665 lpse
292 4609 359 4650 vero
379 4592 447 4649 abiit
467 4592 626 4650 convivium
647 4607 809 4665 procurare,
836 4590 898 4665 quia
990 4586 1101 4661 legitur
1132 4585 1166 4643 de
1195 4586 1314 4659 quadam
1344 4587 1430 4645 nobili
1460 4589 1524 4663 quia
1551 4592 1683 4650 seculum
1709 4608 1753 4651 re·

100 4683 222 4755 proiecto
239 4682 361 4739 ascendit
389 4682 418 4737 in
444 4682 557 4750 coelum,
578 4681 670 4738 locum
698 4680 724 4737 ei
751 4689 844 4754 aptum
870 4680 898 4736 in
953 4676 1080 4749 linquens
1108 4678 1305 4734 monasterium
1334 4679 1361 4734 in
1389 4696 1445 4753 quo
1472 4679 1628 4755 quingentas
1654 4681 1753 4753 puellae

100 4772 182 4830 domo
196 4772 285 4829 Patris
298 4788 348 4844 per
361 4772 460 4828 multas
475 4771 631 4828 mansiones
644 4785 816 4843 preparare.
840 4771 897 4827 Da·
953 4773 1043 4831 erant,
1060 4766 1178 4835 intravit,
1195 4774 1221 4825 et
1235 4774 1263 4823 ut
1279 4783 1342 4825 vare
1357 4770 1468 4842 sapiens
1483 4768 1572 4838 lieret,
1589 4770 1698 4827 stultam
1722 4787 1753 4829 se

98 4880 153 4919 nuo
168 4878 230 4919 cum
245 4862 366 4919 exercitu
379 4862 501 4919 omnium
521 4862 685 4935 angelorum
710 4859 800 4917 veniet
828 4876 899 4916 eam·
953 4856 1101 4913 simulavit.
1118 4854 1149 4912 ln
1165 4856 1291 4929 coquinae
1298 4857 1451 4917 ministerio
1461 4859 1615 4925 serviebat;
1631 4858 1754 4916 omnium

25 4993 29 5001 .
100 4969 154 5026 que
169 4952 204 5008 de
214 4950 385 5024 Babylonios·
395 4952 470 5021 (ιιι)
479 4948 707 5025 peregrinationis
720 4949 801 5006 exilio
811 4958 896 5019 eruet,
953 4962 984 5003 se
999 4946 1125 5002 famulam
1140 4946 1286 5003 exhibebat
1300 4964 1463 5022 ;numquam
1478 4948 1568 5006 cibum
1582 4949 1616 5005 ad
1630 4965 1753 5006 mensam

99 5050 180 5115 atque
207 5041 235 5097 in
263 5041 398 5098 civitatem
426 5040 514 5096 Patris
538 5043 588 5109 sui,
605 5039 754 5111 gloriosam
773 5039 899 5095 flierusa·
953 5051 1016 5092 curn
1033 5036 1092 5093 aliis
1108 5037 1208 5092 sedens
1223 5035 1373 5108 accipiebat
1390 5056 1397 5102 ;
1413 5036 1570 5094 ablumenta
1583 5046 1688 5097 tantum
1703 5056 1753 5098 va·

98 5131 164 5203 lem,
179 5148 241 5188 eum
256 5146 362 5186 summo
375 5128 498 5201 tripudio
512 5129 675 5185 introducet.
691 5130 767 5185 Tunc
789 5145 898 5201 sponsae
954 5141 1049 5181 sorum
1064 5132 1091 5181 et
1105 5124 1190 5182 micas
1205 5126 1239 5183 de
1253 5142 1349 5183 mensa
1362 5136 1449 5183 tersas
1473 5126 1500 5191 in
1525 5126 1587 5185 cibc
1607 5130 1749 5187 sumebat.

98 5230 245 5278 ornatores
259 5220 340 5276 simul
364 5219 513 5286 intrabunt,
530 5218 591 5291 quia
611 5218 658 5291 qui
682 5218 835 5276 Eclesiam
854 5217 899 5275 bic
954 5212 1088 5271 Omnibus
1111 5214 1179 5271 risui
1206 5224 1273 5283 erat,
1305 5214 1426 5271 omnium
1452 5215 1516 5273 odia
1547 5208 1752 5289 pacientissime

25 5329 37 5385 j
99 5313 208 5384 scriptis
226 5310 272 5366 rel
291 5309 370 5365 dictis
388 5308 575 5364 instruxerunt
604 5310 631 5364 et
659 5308 738 5364 bonis
766 5306 899 5379 exemplis
952 5305 1103 5361 sustinebat
1117 5323 1125 5372 ;
1140 5320 1201 5361 cum
1216 5304 1291 5360 nulla
1305 5304 1452 5378 aliquando
1477 5305 1642 5380 colloquium
1666 5308 1752 5365 habe-

25 5399 31 5421 ³
99 5408 323 5475 peremererunt,
346 5414 408 5457 cum
435 5398 482 5453 illa
510 5405 575 5456 tuuc
593 5398 622 5452 in
643 5396 745 5469 nuptiis
769 5397 841 5469 Agni
871 5403 900 5452 ut
954 5394 1009 5461 bat,
1036 5394 1088 5449 soli
1111 5394 1169 5451 Dec
1196 5394 1306 5466 placere
1329 5394 1464 5459 studebat,
1491 5396 1596 5453 interea
1623 5398 1754 5454 revelavit

26 5506 28 5512 ·
103 5492 145 5547 sol
167 5490 333 5564 fulgebunt;
353 5496 546 5561 persecutores
561 5502 625 5543 vcro
638 5486 685 5559 qni
702 5501 763 5544 eam
778 5487 899 5543 laceran·
955 5484 1087 5541 Dominus
1103 5483 1211 5540 cuidam
1226 5483 1346 5541 solitario
1360 5484 1418 5553 ejus
1435 5486 1690 5557 conversationem
1706 5488 1753 5561 qui

100 5590 142 5638 tes
165 5578 222 5651 tim
244 5578 404 5647 intulerunt,
428 5587 456 5635 et
481 5576 604 5635 haretici
628 5582 710 5651 atque
730 5574 899 5636 schismatici
956 5574 1070 5633 veniens
1095 5572 1130 5630 ad
1154 5572 1262 5645 cellam,
1283 5572 1387 5648 rogavit
1411 5590 1443 5633 se
1469 5575 1611 5635 intromitti
1633 5577 1677 5651 (ι’.
1701 5576 1754 5635 sat

135 5713 481 5789 (monasticum.
1511 5753 1517 5767 .

257 5814 389 5883 Parnon.
411 5811 572 5879 mittut.
1555 5816 1595 5879 ct
