3942 6067
92 326 125 379 ct

474 314 521 371 DE
542 310 778 371 ebriosorum
796 306 910 367 cudat
928 304 1019 363 LIBRI
1038 303 1217 377 Quaruoa.
1236 336 1272 347 -
1285 306 1349 364 Lttt.
1370 307 1391 361 1.

1705 308 1739 363 bb

92 443 191 517 aliquid
212 441 325 499 interius
346 446 429 506 esset,
451 438 516 512 quia
537 444 634 494 natura
652 436 746 511 gravis
765 435 800 491 ad
822 432 888 489 illud
902 432 925 487 Α
940 434 998 489 ileo
1010 440 1109 489 cuncta
1124 430 1308 502 disponente?
1323 431 1384 497 sed,
1400 432 1491 504 siqua
1506 440 1608 501 esseut,
1623 432 1676 489 nisi
1699 432 1739 489 sia

91 534 209 589 maderet
227 531 344 605 :gravia
360 530 433 587 enim
447 528 606 583 naturaliter
619 526 733 583 tendunt
749 526 886 581 deorsum.

92 624 118 679 Si
130 638 196 678 rero
207 620 310 693 aliquid
325 635 410 692 supra
424 620 517 693 ignem
532 624 614 685 esset,
631 632 664 672 ex
680 615 790 671 levitate
803 614 838 669 ad
852 613 888 668 tl-

92 712 130 767 lut
144 710 281 777 tenderet,
308 718 335 765 et
356 706 470 764 dissolri
497 707 532 763 ab
558 704 618 761 aliis
639 712 783 777 quereret,
807 702 888 759 Juxta

92 810 191 857 terram
206 800 296 872 posita
311 806 352 855 ast
366 808 447 871 aqua,
465 796 539 869 quia,
551 792 888 867 cumnaturalitergraris

93 890 124 945 sit
137 904 222 961 aqua,
239 888 291 944 etsi
305 902 359 945 non
376 892 506 959 qnantum
520 892 604 953 tarra,
626 882 777 939 seeundum
797 882 888 938 locum

92 978 214 1035 obtinere
229 977 334 1033 debuit.
355 976 461 1031 Deinde
475 990 524 1031 aer
538 973 585 1047 qui
599 972 708 1045 gravior
719 978 761 1027 est
773 971 848 1043 igne,
860 976 888 1026 et

93 1067 179 1124 levior
194 1074 236 1123 est
250 1080 329 1139 aqua,
346 1065 445 1121 merito
458 1064 530 1121 inter
543 1070 689 1135 utrumque
702 1060 823 1133 ponitur.

123 1176 156 1230 lit
176 1173 308 1247 quoniam
331 1172 397 1245 quid
422 1170 455 1227 sit
483 1170 647 1227 elementum
676 1167 830 1235 docuimus,
860 1173 887 1223 ει

92 1272 153 1337 quot
168 1262 232 1329 siut,
249 1269 276 1318 et
290 1276 374 1335 qnare
388 1261 469 1332 plura
487 1274 541 1315 non
560 1260 623 1325 sint,
640 1264 792 1315 etecusam
809 1256 885 1311 ordi-

92 1352 207 1407 nationis
222 1349 447 1425 significarimus,
461 1349 495 1405 de
510 1350 588 1415 chao,
600 1348 627 1403 id
638 1354 679 1403 est
689 1346 885 1403 elementorum

92 1440 261 1507 contusione,
278 1454 339 1513 qum
353 1438 403 1495 suit
417 1438 445 1493 iu
463 1438 598 1511 principio
611 1436 744 1503 dicamus,
760 1450 885 1491 commu-

92 1546 149 1585 nem
164 1530 327 1585 sententiam
343 1534 542 1601 proponentes,
558 1526 658 1583 deinde
672 1525 832 1599 pannoniae,
850 1523 885 1580 ad

91 1618 209 1674 nltimam
224 1618 413 1690 probationem
430 1624 555 1672 nostram
569 1614 772 1673 confirmantes.

123 1731 222 1788 Dicunt
237 1746 333 1787 omnes
356 1729 415 1786 iere
433 1730 568 1786 elementa
589 1728 617 1783 in
639 1726 727 1800 prima
750 1724 885 1784 creatione

91 1828 161 1875 certa
183 1819 244 1877 loca
274 1835 329 1875 non
351 1819 510 1885 obtinuisse,
533 1818 583 1873 sed
608 1816 635 1873 in
661 1832 743 1873 unam
770 1830 887 1871 massam

90 1910 167 1963 mista
190 1906 289 1979 luisse,
311 1916 338 1965 et
366 1909 401 1965 ub
427 1909 481 1967 hoc
508 1908 591 1965 modo
618 1906 700 1963 simul
723 1906 884 1971 ascendere,

95 1997 175 2053 modo
190 1996 273 2053 simul
288 1998 458 2055 descendere
474 1996 578 2071 (Ovid,
595 1996 614 2051 l.
630 2011 639 2051 ι
654 1996 777 2061 betam..
793 2002 819 2051 et
833 1994 887 2049 lie·

90 2086 186 2157 siod.);
203 2086 372 2159 subJunguut
387 2094 414 2142 ει
437 2086 573 2143 rationem
594 2100 688 2158 quare,
712 2092 741 2139 ut
763 2084 884 2151 Creator,

89 2174 216 2231 videlieet
230 2176 389 2231 ostenderet
406 2193 413 2230 :
434 2174 487 2231 nisi
501 2191 550 2231 sua
564 2172 686 2247 potentia
704 2180 732 2228 et
751 2172 887 2245 sapientia

88 2274 114 2319 et
127 2265 246 2321 bonitate
265 2280 309 2320 res
323 2264 474 2331 ordinarat,
487 2270 587 2337 quanta
603 2278 696 2319 rerum
707 2260 834 2318 conlusio
849 2260 887 2317 io·

86 2361 133 2409 ret.
149 2353 256 2409 Deinde
271 2354 433 2410 auctoritate
448 2354 567 2409 Platonis
583 2352 627 2409 bic
647 2352 772 2423 probant,
794 2349 884 2423 quiin

87 2440 885 2513 Timaeoait:Decmcsinordinctcjoctctiooc,clementa

88 2532 221 2603 redegisse
236 2533 268 2587 ira
283 2532 420 2588 ordinem.
433 2531 490 2587 Nos
508 2546 573 2587 raro
586 2529 705 2586 dicimus
716 2528 813 2583 falsam
822 2542 885 2585 essa

89 2620 248 2677 sententiam
263 2634 347 2693 quam
362 2626 478 2692 mount,
494 2618 644 2692 probantes
654 2634 708 2674 uon
719 2616 885 2674 convenien-

89 2717 139 2763 tem
153 2708 289 2765 rationem
303 2724 387 2781 quam
400 2708 540 2776 inducunt,
563 2724 615 2765 nec
636 2708 706 2763 bene
726 2722 787 2763 esse
801 2706 884 2761 intel-

88 2795 181 2853 lectam
197 2798 388 2855 auctoritatem
414 2813 496 2870 quam
516 2796 703 2868 praetendunt.
724 2794 801 2851 Prius
815 2810 884 2868 ergo

88 2886 234 2957 pmbemus
249 2886 414 2943 sententiam
428 2902 491 2943 asse
514 2886 625 2953 salsam,
642 2892 736 2957 postea
751 2882 884 2941 rationem

87 2974 333 3041 inconvenientem,
350 2976 449 3033 deinde
468 2974 654 3033 auctoritatem
677 2989 731 3029 non
748 2974 817 3029 bene
838 2973 883 3027 in-

90 3064 236 3121 tellectam.
248 3064 299 3121 Dic
313 3080 381 3138 ergo
396 3064 521 3137 quisquis
535 3063 661 3129 affirmas,
675 3062 883 3119 elementatuuc

88 3162 299 3225 erantcorpora,
315 3170 350 3209 an
365 3156 439 3209 noni
454 3154 477 3209 si
492 3168 611 3224 corpora
624 3168 680 3209 non
695 3158 783 3221 erant,
805 3158 885 3207 erant
900 3142 921 3199 C

87 3242 208 3313 spiritus,
223 3242 267 3299 rel
278 3242 461 3313 proprietates
471 3241 588 3315 spiritus
598 3249 644 3297 aut
655 3240 883 3312 corporiseran13

86 3330 211 3405 sineque
225 3332 340 3403 spiritus
355 3346 444 3405 neque
474 3330 629 3403 proprietas
657 3329 747 3401 aliqua
762 3327 882 3399 spiritus,

85 3420 196 3477 materia
212 3437 275 3477 esse
295 3428 408 3493 potest:
424 3436 476 3477 nec
496 3420 578 3493 igitur
599 3418 743 3476 elementa.
760 3418 884 3490 Corpora

84 3510 164 3581 igitur
178 3516 204 3565 et
219 3508 282 3567 ioca
297 3510 438 3567 obtineant
454 3526 462 3565 τ
477 3525 562 3565 omne
577 3508 653 3564 euim
667 3523 768 3579 corpus
784 3507 812 3562 in
829 3507 882 3563 ali-

86 3615 138 3670 quo
148 3600 208 3655 loco
217 3606 273 3667 est;
283 3598 342 3653 siin
351 3598 559 3667 locoerant,rel
568 3596 685 3663 ibisuat,
697 3596 822 3667 velaiibi,
833 3596 882 3653 sed

85 3696 160 3743 extra
173 3688 309 3743 elementa
320 3687 500 3745 nullusiocns
510 3686 656 3743 estbrent
666 3701 734 3759 ergo
745 3684 883 3743 elementa

85 3776 129 3831 ubi
144 3793 217 3833 nunc
232 3784 306 3843 sunt,
321 3776 404 3832 etiam
417 3776 441 3831 si
456 3784 549 3831 essent
565 3776 606 3831 sic
621 3774 754 3847 disposita
768 3782 796 3831 ut
809 3789 882 3831 nurnc

85 3872 155 3931 sunt,
173 3866 202 3921 in
214 3864 258 3921 his
271 3874 389 3939 quatuor
399 3864 468 3922 locis
478 3872 555 3921 erant
568 3880 575 3919 ε
586 3864 733 3937 aliquando
744 3878 811 3935 ergo
826 3862 882 3919 ele-

85 3962 174 4009 menta
189 3954 347 4011 obtinebant
361 3953 520 4011 interiorem
540 3954 643 4023 locum,
664 3952 810 4025 aliquando
832 3969 881 4007 su-

84 4043 217 4114 periorem
232 4043 332 4113 locum,
353 4044 407 4101 duo
422 4042 511 4099 media
527 4042 598 4100 loca.
620 4043 649 4099 Si
669 4058 738 4117 ergo
761 4047 792 4097 ut
805 4040 881 4097 affir-

85 4149 151 4201 mes,
177 4131 303 4189 similiter
323 4132 491 4190 descendant
515 4132 629 4189 interius
645 4149 706 4189 oum
729 4131 811 4205 aliqui
834 4131 882 4187 da-

85 4221 228 4291 ssendaat,
242 4222 357 4279 sednon
378 4230 419 4277 εει
432 4221 508 4279 locus
518 4239 572 4295 quo
583 4222 753 4279 descendant
764 4236 771 4275 z
783 4219 882 4277 simili-

84 4319 125 4364 ter
140 4312 163 4367 si
184 4312 367 4367 ascenderent
387 4310 523 4381 superius,
546 4328 608 4367 cum
628 4311 727 4385 aliquis
746 4310 881 4367 ascenda-

84 4407 133 4467 ret,
151 4400 202 4455 sed
217 4416 272 4456 non
287 4408 329 4455 est
342 4400 419 4456 locus
434 4415 488 4473 quo
503 4401 679 4469 ascenderem
698 4416 749 4457 nec
763 4415 831 4473 ergo
846 4399 883 4455 si·

942 530 970 577 ιιι
985 536 1040 577 non
1052 521 1115 590 sint,
1131 520 1259 577 ordinata
1272 534 1290 576 a
1304 520 1363 576 lleo
1377 530 1481 577 essent.
1494 524 1560 579 cum
1574 523 1646 578 enim
1659 530 1740 579 terras

941 618 1047 666 naturae
1060 609 1184 665 naturaie
1199 610 1234 664 sit
1247 610 1376 664 deorsum
1390 610 1512 680 tendere,
1536 612 1662 685 ignisque
1676 627 1738 666 snr-

942 714 1013 769 sum,
1027 698 1081 754 nisi
1095 698 1252 754 interiorem
1268 698 1359 754 locum
1374 706 1445 753 terra
1459 699 1605 766 obtineret,
1621 708 1649 755 et
1666 700 1739 771 ignis

941 788 1131 860 superiorem,
1156 789 1200 843 bas
1218 794 1354 860 quaereret
1374 802 1485 859 semper
1504 788 1673 855 interiorem,
1693 788 1740 844 hic

942 876 1111 949 superiorem
1127 894 1135 931 ε
1150 882 1177 932 ει
1192 876 1232 931 sic
1255 882 1328 931 esset
1348 875 1501 932 inordinata
1517 876 1638 946 jactatio.
1662 878 1740 933 lianc

941 966 1049 1039 redegit
1062 966 1175 1022 Creator
1188 964 1216 1020 in
1229 964 1364 1030 ordinem,
1377 965 1546 1021 conterendo
1555 973 1635 1022 terras
1649 966 1739 1022 locum

940 1054 1109 1121 interiorem,
1125 1054 1183 1125 igni
1203 1053 1384 1125 superiorem,
1402 1062 1432 1108 ut
1444 1055 1490 1111 bic
1503 1070 1558 1111 nun
1572 1056 1739 1126 habeatque

940 1144 1100 1209 descendat,
1124 1158 1176 1200 nec
1204 1143 1264 1198 brec
1286 1158 1340 1214 quo
1360 1143 1499 1199 ascendat.
1523 1144 1565 1198 lix
1584 1142 1740 1199 inordinata

940 1232 1024 1305 igitur
1032 1231 1191 1302 jactatione,
1204 1246 1266 1305 quae
1280 1246 1336 1287 non
1350 1230 1409 1298 tuit,
1421 1232 1471 1287 sed
1485 1232 1652 1305 essepotuit,
1665 1232 1738 1288 Deus

940 1322 1076 1379 elementa
1090 1321 1198 1394 redegit
1211 1323 1240 1377 in
1254 1320 1376 1376 ordinem
1393 1334 1399 1375 :
1415 1319 1498 1376 reluti
1522 1321 1545 1377 si
1567 1321 1671 1377 monitu
1686 1321 1740 1376 ali-

940 1412 1019 1481 cujus
1042 1410 1121 1467 amiat
1141 1409 1239 1479 nostri,
1262 1408 1367 1481 aliquid
1386 1411 1460 1481 quod
1483 1409 1662 1482 contingeret,
1684 1408 1740 1465 nisi

940 1500 1000 1572 ipse
1014 1506 1098 1566 esset,
1124 1498 1286 1572 effugiamus
1297 1506 1310 1553 ‘s
1326 1497 1454 1565 dicimus,
1472 1498 1525 1554 iste
1546 1498 1670 1555 liberarit
1688 1513 1740 1554 nos

940 1590 976 1645 ab
989 1590 1043 1645 boe
1057 1588 1141 1655 malo,
1158 1604 1212 1644 non
1229 1587 1359 1661 quiahoc
1373 1587 1477 1642 molum
1497 1587 1618 1659 primum
1632 1587 1737 1654 luisset,

940 1686 967 1734 et
982 1685 1079 1750 postea
1093 1692 1146 1733 nos
1159 1676 1223 1732 iude
1245 1676 1401 1744 liberasset,
1425 1676 1475 1732 sed
1498 1676 1562 1748 quia
1585 1677 1635 1731 iste
1659 1676 1739 1733 nobis

905 1784 926 1843 g
940 1766 993 1822 nisi
1007 1773 1091 1834 esset,
1107 1765 1255 1821 accideret.
1271 1764 1395 1821 Fuerunt
1409 1765 1436 1820 in
1444 1763 1532 1836 prima
1540 1765 1679 1821 creatione
1693 1764 1742 1820 ubi

939 1870 1013 1912 nunc
1028 1862 1089 1909 sunt
1106 1862 1156 1910 :et
1170 1852 1243 1909 enim
1258 1861 1329 1909 terra
1344 1861 1476 1925 cooperta
1492 1862 1548 1909 erat
1557 1854 1647 1926 aquis,
1665 1868 1740 1925 aqna

939 1960 1007 2001 vero
1022 1942 1147 2015 spissior,
1161 1958 1210 1998 aer
1223 1942 1289 1997 item
1310 1942 1425 2014 spissior
1439 1950 1466 1999 et
1489 1943 1635 2000 obscurior
1653 1957 1737 2016 qnam

939 2033 1021 2090 ruodo
1032 2032 1081 2100 sit;
1094 2031 1206 2104 quippe,
1218 2046 1282 2088 curn
1293 2048 1383 2103 neque
1394 2031 1446 2093 sol,
1457 2048 1547 2105 neque
1557 2033 1633 2102 luna,
1646 2046 1737 2105 neque

938 2118 999 2174 alise
1013 2117 1102 2173 stellae
1111 2124 1204 2173 essent
1219 2116 1316 2189 quibas
1330 2116 1559 2173 illuminarentur.
1573 2116 1649 2189 Ignis
1662 2117 1739 2188 spis-

940 2208 996 2263 sior
1009 2222 1090 2279 quam
1104 2206 1189 2262 modo
1203 2205 1247 2273 sit,
1264 2206 1294 2263 id
1307 2221 1373 2263 vero
1387 2206 1460 2278 quod
1480 2213 1555 2262 terra
1567 2206 1646 2277 aquis
1669 2221 1737 2265 coc·

939 2304 1027 2369 perta,
1043 2309 1097 2351 nec
1110 2294 1202 2367 aliquo
1216 2295 1320 2351 lumino
1334 2295 1477 2364 illustrata,
1489 2308 1541 2351 uec
1554 2293 1678 2353 aedificiis
1692 2295 1737 2351 di-

939 2386 1048 2453 atiucta,
1059 2399 1111 2441 nec
1124 2383 1181 2439 suis
1195 2383 1360 2441 animalibus
1370 2384 1488 2457 repleta:
1503 2385 1656 2457 uocatique
1671 2401 1738 2461 gra-

938 2474 1012 2530 mine
1022 2480 1117 2530 ornata
1132 2490 1139 2527 ε
1156 2474 1229 2544 quod
1243 2490 1314 2545 aqua
1328 2482 1354 2530 et
1368 2489 1424 2541 aer,
1441 2481 1469 2529 et
1480 2473 1572 2547 spissi,
1590 2481 1617 2529 et
1625 2475 1740 2541 obscuri

939 2572 1021 2621 eraut
1036 2578 1043 2618 :
1057 2561 1132 2635 quod
1145 2561 1175 2615 ia
1189 2564 1379 2635 superioribus
1394 2564 1480 2619 stellae
1490 2580 1546 2619 non
1555 2564 1735 2635 apparebant,

938 2661 1107 2712 rocaverunt
1119 2649 1196 2731 χάος,
1211 2655 1240 2711 id
1254 2661 1295 2709 est
1309 2651 1499 2708 contusionem
1527 2652 1733 2708 elementomm.

939 2742 1159 2818 Undebloyses:
1180 2748 1276 2809 Terra.
1296 2740 1392 2812 inquit,
1413 2741 1510 2795 inania
1532 2743 1561 2796 et
1582 2756 1681 2808 vacco,
1707 2745 1738 2798 et

938 2836 1093 2893 terruerat
1106 2851 1192 2909 saper
1205 2833 1310 2906 [wiern
1323 2830 1416 2903 abyssi
1425 2829 1509 2899 (Gerr.
1528 2844 1547 2895 r,
1563 2829 1605 2895 ιι),
1615 2828 1735 2887 baecdis-

938 2921 1031 2977 solvit.
1050 2922 1118 2979 Cum
1133 2939 1204 2997 aqua
1216 2937 1304 2994 usque
1318 2918 1353 2975 ad
1367 2917 1513 2973 maximam
1532 2926 1638 2990 partem
1659 2919 1736 2975 aeris

938 3008 1043 3066 elevata
1058 3020 1109 3078 est,
1125 3029 1173 3069 aer
1187 3026 1253 3068 vero
1268 3008 1385 3082 spissus,
1401 3015 1428 3063 et
1439 3006 1515 3080 ignis
1526 3006 1651 3064 similiter
1661 3007 1689 3063 in
1702 3024 1737 3065 ca

937 3099 1114 3169 spissitudine
1125 3100 1232 3173 aliquid
1241 3108 1321 3155 terrm
1336 3104 1363 3153 et
1371 3111 1451 3169 aquae
1461 3096 1513 3151 sub
1523 3112 1554 3151 se
1563 3096 1661 3165 inerat,
1673 3113 1735 3171 quae

938 3203 972 3243 ex
985 3188 1077 3246 calore
1098 3190 1170 3261 ignis
1194 3188 1321 3245 similiter
1339 3193 1367 3241 et
1386 3184 1509 3243 siccitate
1528 3186 1684 3259 coagulata,
1708 3195 1735 3243 et

938 3274 1043 3347 durata,
1059 3294 1176 3351 corpora
1190 3276 1327 3333 stellamm
1340 3273 1459 3331 risibilia
1473 3281 1500 3329 et
1513 3274 1605 3331 lucida
1618 3276 1733 3331 creavit.

937 3363 1016 3435 Quod
1030 3382 1094 3423 vero
1109 3367 1137 3421 in
1154 3366 1355 3438 compositione
1371 3362 1523 3433 stellarum,
1540 3363 1575 3419 de
1596 3362 1733 3422 inferiori·

938 3454 989 3509 bus
1009 3462 1036 3510 et
1058 3456 1247 3529 superioribus
1266 3452 1409 3511 elementis
1439 3450 1542 3523 aliquid
1561 3451 1605 3519 sit,
1625 3453 1733 3510 ratione

936 3543 983 3599 tali
998 3552 1087 3615 potest
1101 3542 1227 3617 probari;
1243 3542 1318 3617 quod
1331 3540 1448 3598 risibilia
1466 3540 1530 3609 sint,
1548 3547 1575 3597 et
1589 3541 1734 3613 splendida

936 3640 963 3688 et
981 3632 1093 3689 mobilia
1114 3650 1122 3689 ε
1143 3632 1216 3706 quod
1239 3630 1313 3688 enim
1335 3630 1455 3687 visibilia
1478 3634 1543 3683 suut
1571 3645 1605 3685 ex
1632 3630 1733 3687 risibili

937 3730 1009 3791 sunt,
1024 3738 1057 3778 ex
1073 3721 1174 3778 risibili
1184 3730 1211 3778 et
1221 3719 1350 3778 invisibili
1362 3720 1473 3785 habent,
1484 3717 1533 3774 sed
1544 3718 1580 3773 ab
1604 3718 1735 3776 invisibili

936 3810 1004 3867 nibil
1020 3819 1110 3884 potest
1123 3825 1186 3868 esse
1199 3810 1316 3878 visibile,
1333 3817 1363 3865 ut
1377 3808 1520 3865 Lucretius
1534 3806 1600 3866 dicit
1615 3806 1683 3880 (Lib.
1701 3824 1732 3879 tr,

936 3908 975 3963 De
990 3924 1050 3963 rer.
1069 3908 1154 3978 nai).

1007 4022 1051 4078 Ex
1065 4016 1280 4078 insensibilibus
1295 4033 1340 4075 me
1354 4016 1453 4075 credas
1466 4016 1569 4073 sensile
1581 4018 1670 4089 pipat.

935 4136 1089 4194 Macrobius
1106 4151 1112 4191 :
1130 4136 1224 4193 omnm
1236 4135 1362 4209 qualitor
1374 4135 1520 4206 geminato
1529 4134 1642 4202 ενεεειι,
1657 4129 1735 4193 saei

936 4242 1021 4301 pacm
1035 4226 1214 4283 contrarium
1226 4228 1373 4297 operatur.
1393 4224 1491 4279 Beatus
1512 4222 1612 4279 Paulus
1628 4223 1663 4279 ad
1675 4224 1737 4280 lle-

936 4315 1026 4372 brmos
1039 4332 1047 4371 τ
1061 4315 1129 4371 fids
1142 4312 1335 4384 intelligimus
1349 4316 1451 4386 aptota
1464 4325 1523 4371 etse
1536 4314 1641 4371 saeculo
1654 4315 1735 4371 verbo
1775 4332 1779 4339 ·

936 4405 996 4470 bat,
1003 4408 1037 4461 at
1046 4420 1083 4461 ex
1093 4403 1281 4460 invisibilibus
1289 4402 1414 4459 visibilia
1423 4401 1526 4470 fierent
1536 4401 1629 4472 (liebr.
1639 4416 1670 4470 rr,
1679 4402 1732 4473 ιιι).

84 4488 140 4544 mni
165 4488 360 4556 ascendebant,
390 4505 441 4545 nee
462 4490 544 4545 simul
571 4490 799 4547 descendebant:
816 4488 886 4545 ialsa
898 4484 922 4543 D
935 4493 997 4549 Non
1011 4507 1081 4564 ergo
1092 4492 1237 4563 exigneet
1248 4506 1313 4546 aere
1324 4490 1427 4546 babent
1438 4489 1732 4561 quodvisibiliasuut;

83 4592 152 4650 ergo
173 4586 216 4633 est
233 4577 340 4633 illomm
364 4578 510 4635 sententia.
533 4578 732 4637 luconrenicns
748 4586 791 4634 est
803 4577 881 4645 ratio,
937 4582 1011 4654 quod
1022 4589 1113 4637 autern
1125 4580 1246 4636 risibilia
1260 4586 1332 4645 suut,
1348 4594 1384 4635 en
1397 4578 1507 4645 risibili,
1524 4579 1604 4636 idest
1617 4595 1634 4635 a
1647 4588 1732 4646 terra,

85 4682 168 4737 quam
191 4666 333 4734 inducunt,
360 4667 465 4723 scilicet
487 4669 574 4725 Deum
596 4669 631 4723 ad
652 4669 705 4725 hoc
727 4666 884 4734 iecissent
937 4678 963 4727 et
977 4685 1048 4741 aqua
1062 4668 1165 4725 simol:
1182 4668 1262 4737 Quod
1276 4667 1421 4739 splendida
1435 4674 1498 4723 sunt
1519 4676 1547 4723 et
1560 4667 1683 4735 mobilia,
1699 4686 1733 4725 ex
1805 4670 1818 4683 ⁹

84 4756 241 4812 ostenderet
257 4764 357 4828 quanta
372 4772 464 4812 rerum
475 4756 599 4814 conlusio
614 4756 693 4823 iuret,
705 4756 759 4812 nisi
775 4756 883 4813 bouitas
938 4760 1060 4815 obscuro
1074 4766 1102 4814 ct
1116 4757 1249 4814 immobili
1260 4775 1268 4812 ι
1278 4772 1335 4813 non
1350 4756 1454 4813 babent
1464 4772 1530 4831 ergo
1545 4774 1579 4813 ex
1592 4756 1737 4829 splendido

85 4846 145 4915 ejus
155 4842 313 4901 ordinaret.
329 4844 378 4901 Cui
386 4846 568 4901 ostenderet?
578 4846 676 4918 angelo
688 4864 695 4900 ι
707 4845 757 4901 sed
767 4844 883 4917 angelus

83 4949 118 4988 ex
138 4942 235 4987 natura
256 4942 283 4989 ει
303 4934 391 5005 gratia
408 4934 528 4991 divinam
547 4934 714 4991 voluntatem
739 4933 885 4990 innotescit

85 5021 205 5087 bomini,
220 5021 271 5076 sed
286 5021 405 5079 nondum
421 5031 481 5079 erat
495 5023 586 5090 bomo,
599 5022 740 5080 uthomini
756 5023 883 5080 ostende·

85 5120 125 5166 ret
139 5110 215 5167 iacta
230 5126 340 5179 eorum,
357 5110 410 5167 nisi
426 5128 510 5185 nsque
525 5114 560 5168 ad
575 5112 713 5169 hominem
732 5127 883 5169 servaren-

86 5208 146 5256 tur:
161 5200 211 5255 sed
226 5208 290 5255 aute
304 5201 422 5256 bominis
437 5202 601 5258 creationem
615 5201 742 5257 ordinata
753 5210 825 5257 sunt.
836 5203 882 5257 lo-

85 5287 254 5347 conreniens
267 5288 327 5346 baec
341 5297 415 5346 esset
429 5290 507 5359 ratio,
521 5290 672 5348 auctoritas
688 5306 754 5347 vcro
763 5290 883 5347 Platonis

86 5394 140 5434 non
156 5378 228 5433 bene
241 5378 381 5436 intellecta
394 5380 479 5435 estab
490 5378 530 5436 eis
540 5396 546 5437 :
558 5396 620 5437 cum
631 5378 704 5436 enim
714 5378 779 5437 dicit
789 5379 879 5436 Plato:

88 5470 177 5525 baum
193 5468 364 5527 inordinato
381 5470 545 5540 jactatione
569 5470 712 5527 clementa
733 5469 882 5527 reduxisse

87 5558 116 5613 ia
127 5557 276 5615 ordinem.-
285 5572 341 5613 nou
353 5556 417 5613 ideo
425 5557 500 5625 dicit,
511 5558 586 5631 quod
597 5574 718 5631 unquam
728 5558 881 5615 inordinate

87 5646 264 5715 jactarentur.
290 5646 359 5717 Quis
381 5647 455 5707 enim
476 5646 556 5707 locus
579 5657 653 5707 esset
674 5648 879 5719 inordinationi,

938 4856 964 4905 ει
976 4847 1081 4915 mobili,
1098 4846 1214 4913 scilicet,
1230 4862 1264 4902 ex
1277 4862 1343 4903 aare
1357 4853 1385 4902 et
1402 4846 1479 4919 igne.
1502 4846 1586 4903 Facta
1604 4856 1667 4903 suat
1679 4846 1735 4920 igi-

938 4944 981 4993 tur
994 4952 1029 4992 er
1042 4944 1159 5009 quatuor
1173 4934 1328 5001 elementis,
1341 4935 1392 4990 sed
1406 4935 1441 4991 de
1451 4933 1626 4992 inferioribus
1643 4935 1735 4992 domi-

938 5032 1020 5081 netur
1033 5024 1061 5080 in
1080 5024 1121 5080 eis
1144 5040 1215 5097 aqua
1233 5042 1240 5080 ι
1256 5024 1291 5079 de
1311 5023 1496 5095 superioribus
1516 5024 1589 5099 ignis
1605 5043 1613 5079 ι
1629 5040 1663 5079 er
1682 5025 1736 5079 boc

938 5112 1035 5171 affecto
1049 5120 1139 5185 potest
1157 5112 1280 5185 probari,
1303 5112 1378 5185 quod
1395 5112 1517 5170 calorem
1535 5111 1619 5170 terris
1636 5110 1735 5169 conte·

937 5212 1011 5271 runt,
1025 5202 1061 5259 ad
1074 5201 1270 5259 nutrimentum
1277 5201 1331 5269 sui,
1352 5202 1497 5259 humorem
1516 5201 1655 5259 attrabunt
1670 5217 1677 5254 :
1694 5199 1735 5255 si·

936 5292 1014 5349 milia
1037 5308 1155 5364 mmqne
1177 5291 1313 5347 similibus
1332 5292 1518 5364 congaudent.
1538 5289 1589 5345 Hic
1611 5286 1739 5359 subjiciet

936 5380 1037 5454 aliquis
1055 5396 1061 5435 :
1078 5381 1144 5441 Cum
1154 5380 1183 5436 in
1197 5395 1263 5439 aere
1277 5380 1313 5437 sit
1326 5380 1424 5437 bumor
1437 5378 1562 5452 superior
1571 5394 1651 5450 quam
1662 5387 1739 5436 esset
1791 5376 1797 5385 '

936 5470 964 5525 in
978 5470 1053 5543 igne,
1077 5476 1105 5525 et
1124 5468 1211 5538 calor,
1230 5469 1281 5525 etsi
1303 5484 1358 5525 non
1377 5474 1479 5535 tantus,
1499 5483 1598 5541 qnare,
1619 5468 1648 5523 in
1666 5484 1734 5525 aere

935 5575 1054 5631 corpora
1068 5559 1211 5615 stellarum
1229 5558 1302 5616 iacta
1321 5572 1376 5613 noo
1392 5558 1476 5613 sunti
1496 5557 1556 5615 Nos
1575 5573 1642 5615 vero
1658 5557 1729 5615 diei·

935 5664 1016 5707 mus:
1032 5648 1113 5719 Quod
1127 5647 1253 5721 quamuis
1262 5662 1310 5705 aer
1319 5644 1480 5719 sitcalidua,
1491 5648 1733 5705 esttamenetbu-
