3942 6067
182 165 251 221 raas
527 116 535 135 ⁰
729 163 925 225 insuasum
944 130 1108 217 lacunar.
1132 160 1294 219 uocum.
1677 144 1679 151 '
1773 163 1861 215 raas

225 287 255 342 lu
264 285 327 360 'quo
341 286 477 361 siquidem
490 296 584 347 montc
598 290 730 348 iratribus
743 290 843 346 ibidem
853 289 881 344 ia
894 286 992 345 ordine
1006 282 1035 344 A
1050 288 1078 339 et
1092 285 1248 361 quicunque
1258 290 1329 347 hauc
1341 288 1493 361 iufringere
1505 285 1661 353 tentaverit,
1690 284 1866 340 anathema-

190 376 379 456 cartbusieusi
394 378 453 435 Dec
467 378 655 446 militantibus,
680 389 707 436 et
730 380 880 436 secundum
895 390 991 432 sacras
1046 374 1081 430 tis
1094 379 1226 433 sententia
1241 378 1419 450 percutimus.
1442 401 1449 409 ·

190 464 277 535 ipsius
297 465 402 521 ordinis
424 466 616 533 institutiones,
640 484 657 523 a
681 469 781 524 sanctis
805 482 901 522 eornm
919 480 992 535 prte-
1082 464 1195 537 Signum
1211 466 1334 523 Gaulridi
1349 464 1552 523 catalaunensis
1566 463 1701 537 episcopi.

192 554 388 609 decessoribus
403 555 490 622 datas,
515 556 690 630 degentibus,
714 556 871 628 praedictum
895 568 992 610 coeno-
1083 553 1164 627 Siga.
1184 554 1269 611 hirisi
1285 554 1487 611 attrebatensis
1500 552 1632 626 episcopi.

193 642 280 707 bium,
295 650 322 699 et
337 644 468 716 quidquid
483 644 598 701 ecclesia
613 657 705 702 nostra
719 646 747 700 in
762 644 903 716 procinctu
921 642 995 711 eins·
1084 642 1163 715 Sign.
1184 643 1307 700 Oddonis
1322 644 1428 700 abbatis
1443 644 1475 699 S.
1494 641 1625 715 Remigii.

194 731 258 787 ,iem
272 732 392 787 cmunbii
404 732 477 788 inira
490 734 660 799 subscriptos
673 735 805 789 terminos
825 732 991 805 possidebat,
1085 730 1165 805 Sign.
1184 732 1342 804 ingulranni
1355 732 1565 791 attiviltamnsis
1580 730 1697 785 abbatis.

195 820 334 876 communi
357 820 439 876 totius
464 822 572 893 capituli
597 822 684 879 nostri
711 838 825 879 assensn
844 828 992 896 gratanter,
1085 818 1165 891 Sign.
1185 820 1294 877 Ricardi
1309 820 1488 877 llosomeusis
1502 818 1618 885 abbatis,

194 917 222 964 et
244 906 279 963 ab
303 909 377 965 omui
403 924 488 966 censu
510 918 538 967 et
561 911 704 968 erectione
726 911 844 967 liberum
857 909 993 975 dedimus,
1086 908 1166 981 Siga.
1185 908 1285 963 llellini
1299 908 1407 965 abbatis
1422 909 1451 967 S.
1467 906 1639 977 Theoderici.

196 997 392 1053 concessimus
406 998 487 1054 etiam
500 1006 530 1054 ut
545 1008 642 1065 terras,
655 1014 724 1071 quas
737 1000 829 1055 rustici
844 997 915 1053 inira
930 1014 995 1055 ecs·
1086 997 1166 1069 sign.
1186 996 1297 1053 Jorauni
1313 996 1419 1053 abbatis
1434 998 1465 1053 S.
1485 996 1601 1053 Nicasii.

195 1085 260 1141 dem
273 1084 404 1142 terminos
418 1087 603 1158 possidebant,
620 1088 643 1144 si
658 1088 730 1144 dono
745 1087 787 1143 vel
812 1086 902 1159 pretio
923 1100 996 1159 praa-
1086 1085 1166 1157 Sign.
1186 1084 1288 1142 albrici
1302 1086 1331 1142 S.
1347 1085 1434 1141 basoli
1449 1084 1566 1141 abbatis.

195 1173 263 1231 dicti
285 1173 385 1230 iratres
408 1176 550 1249 acquirere
571 1176 699 1248 poterint,
726 1176 813 1232 libere
841 1184 868 1231 et
891 1176 997 1247 absque
1087 1174 1167 1247 Sigo.
1185 1174 1299 1230 Ursouia
1313 1174 1419 1229 abbatis
1438 1173 1469 1229 S.
1490 1170 1625 1243 Diosynii.

196 1259 255 1319 ullo
266 1278 352 1319 censu
366 1262 394 1317 iu
409 1271 572 1334 perpetuum
586 1266 716 1321 habeant.
735 1265 865 1321 Similiter
887 1265 921 1320 de
936 1280 998 1320 om·
1088 1262 1169 1335 Sign.
1188 1260 1318 1334 Fulgonis
1334 1262 1441 1317 abbatis
1457 1259 1662 1331 sparnacensis.

196 1349 286 1419 nibus,
312 1367 373 1423 quae
392 1352 432 1407 lbi
455 1352 608 1409 llichardus
631 1355 810 1410 Mesomeusis
833 1354 920 1408 abbas
935 1368 998 1408 eum
1089 1350 1169 1423 Siga.
1187 1350 1319 1407 Willelmi
1331 1349 1437 1405 abbatis
1451 1348 1485 1404 de
1499 1348 1585 1403 Mauri
1601 1348 1705 1402 Monte.

196 1438 254 1494 suis
268 1437 408 1506 tratribus,
425 1447 453 1496 et
464 1440 581 1497 domnus
598 1442 679 1500 Ursio
694 1443 723 1500 S.
736 1443 858 1513 Dionysii
873 1442 957 1497 abbas
972 1450 1000 1497 et
1089 1440 1169 1513 Siga.
1188 1438 1289 1495 atnriei
1307 1447 1333 1493 et
1347 1438 1472 1511 lingonis
1488 1436 1747 1493 archidiaconorum.

198 1527 260 1599 ejus
274 1531 451 1600 congregatio
466 1531 613 1599 habebant,
630 1532 745 1588 liberam
760 1532 945 1599 donationem,
972 1537 1002 1585 et
1089 1528 1168 1598 sign.
1189 1530 1287 1583 Leonis
1302 1527 1410 1584 decani.

197 1615 234 1672 ab
248 1618 323 1673 omui
337 1619 447 1689 querela
462 1620 614 1676 absolutam
629 1629 757 1692 prompta
782 1621 926 1676 devotione
949 1620 1040 1697 (ιδ-Β
1091 1618 1171 1691 Sign.
1192 1616 1317 1673 cervasii
1331 1615 1464 1672 cantoris.

198 1705 317 1760 tulerunt
343 1714 371 1763 at
398 1708 543 1763 dederunt.
560 1708 718 1764 Willelmus
730 1709 812 1764 etiam
829 1710 956 1773 Setbona,
972 1716 1000 1763 et
1091 1707 1171 1777 Siga.
1192 1704 1311 1772 henrici,
1329 1704 1468 1777 Gregorii,
1485 1702 1587 1776 llogeri
1601 1702 1841 1773 presbyterorum.

196 1793 328 1851 Nicolaus
340 1794 375 1851 de
389 1794 496 1869 Burgo,
513 1806 540 1852 et
555 1797 646 1853 Guido
660 1798 695 1853 de
709 1798 815 1853 hltreio
825 1797 955 1870 quidquid
964 1796 1001 1851 ibi
1091 1794 1170 1865 Sign.
1189 1794 1314 1857 Bosouis,
1330 1792 1453 1859 llaincri,
1471 1791 1600 1848 Bernardi
1624 1790 1818 1846 diaconomm.

197 1882 339 1949 tenebant,
354 1891 382 1940 at
395 1885 468 1957 quod
483 1884 578 1941 usibus
590 1902 742 1958 pauperum
757 1886 857 1943 Christi
878 1886 944 1941 utile
966 1900 1001 1943 ac
1090 1885 1186 1940 Testes
1201 1884 1280 1939 etiam
1296 1881 1426 1951 huiusrei
1438 1888 1499 1936 sunt
1511 1896 1518 1937 :
1530 1873 1683 1936 lescelinus
1692 1886 1757 1935 tuuc
1768 1877 1860 1949 prior,

197 1973 385 2029 necessarium
414 1973 503 2030 visum
530 1983 582 2045 est,
618 1992 670 2047 pro
698 1976 821 2032 remedio
849 1976 1000 2031 animarum
1055 1974 1135 2047 llngo
1159 1972 1296 2044 subprior,
1323 1968 1470 2027 ltainaldus
1493 1968 1666 2040 prarpoaitas,
1689 1965 1859 2037 sigibertus,

198 2075 312 2117 suarum
325 2061 387 2133 pari
399 2061 524 2119 libertate
536 2063 682 2119 dederunt.
1055 2062 1222 2127 hlacharius,
1238 2061 1318 2133 llugc
1333 2058 1501 2129 capellanus,
1517 2057 1657 2112 Genterus
1677 2054 1861 2119 altreiensis,

232 2149 344 2207 lli-suut
357 2150 464 2206 termini
479 2151 579 2223 quibus
594 2153 726 2224 predicta
739 2152 802 2209 loca
829 2152 976 2208 limitantur
992 2168 999 2207 2
1055 2150 1187 2206 Amulius
1203 2148 1380 2221 propositus,
1395 2146 1568 2202 christianus
1593 2153 1697 2211 cantor,
1719 2143 1861 2214 Hapderi-

198 2237 233 2293 ab
246 2237 373 2294 orientali
388 2238 471 2314 plaga
483 2256 582 2296 versus
596 2240 749 2307 meridiem,
766 2242 801 2297 ab
822 2243 887 2296 Asia
913 2256 1000 2312 nsque
1055 2256 1105 2296 cus
1119 2238 1289 2303 cellerarius,
1307 2236 1388 2304 Otho,
1406 2234 1562 2299 Gerr-astus,
1579 2233 1752 2299 Benedictus,
1776 2232 1859 2287 Lam·

197 2326 233 2382 ad
254 2326 372 2383 rivulum
398 2328 445 2399 qui
470 2328 614 2384 delinitio
641 2330 782 2399 amosias,
810 2331 847 2385 ab
875 2330 1000 2385 Amosiis
1056 2331 1161 2397 bertus,
1186 2328 1250 2385 item
1274 2326 1446 2391 lambertus,
1472 2322 1629 2390 Balduiuns,
1653 2322 1702 2378 sed
1728 2329 1754 2377 et
1769 2320 1862 2376 omnis

199 2430 286 2485 usque
299 2414 334 2471 ad
350 2415 422 2471 viam
437 2418 554 2490 regiam,
570 2432 588 2473 a
601 2417 645 2474 via
654 2418 731 2490 regia
742 2419 811 2475 sicut
819 2419 905 2475 tendit
913 2435 1001 2490 usque
1056 2422 1218 2475 conuentus.

140 2556 144 2561 ,
199 2499 229 2554 in
245 2499 349 2566 Torast,
365 2498 400 2556 de
414 2499 511 2557 Forest
524 2518 577 2574 per
589 2503 720 2559 uerticem
735 2504 833 2559 Montis
848 2504 934 2561 Roucl
948 2505 1001 2560 sic·
1090 2504 1284 2565 Testesetiam
1300 2497 1860 2575 hujusdecretiatinstitutionissunt:de

199 2595 228 2645 ut
242 2589 333 2663 vergit
347 2605 434 2663 usque
449 2589 478 2645 iu
492 2588 630 2657 chermel,
646 2592 681 2647 de
695 2592 822 2648 chermel
848 2609 934 2665 nsque
948 2594 1002 2648 Bu·
1055 2596 1174 2665 clericis,
1191 2593 1285 2665 Droga
1308 2592 1428 2649 decanus
1457 2592 1489 2649 S.
1520 2589 1665 2659 Timothei,
1694 2587 1859 2651 lethardus,
1959 2652 1960 2671 Χ

198 2684 244 2733 teu
259 2676 388 2745 rivulum,
403 2694 420 2735 a
435 2679 520 2735 Bnten
535 2679 606 2737 sicut
620 2678 717 2738 defluit
730 2698 817 2755 usque
844 2681 871 2736 in
900 2682 1001 2737 &rum
1055 2687 1164 2749 Tomos,
1181 2682 1365 2747 constantius,
1380 2680 1538 2739 Nicholans.

197 2764 324 2823 flurium.
341 2766 409 2823 Item
424 2766 458 2824 ab
473 2767 537 2824 haia
552 2784 650 2824 remus
672 2768 915 2842 septentrionalem
939 2770 1001 2841 pla·
1091 2774 1131 2830 lte
1145 2770 1286 2837 militibus,
1304 2771 1404 2826 Petrus
1419 2778 1446 2825 et
1462 2770 1547 2825 irater
1561 2766 1622 2840 ejus
1635 2762 1858 2823 Tomaallelai·

198 2868 265 2928 gam
293 2870 380 2926 usque
403 2855 437 2911 ad
460 2856 576 2913 rivulum
601 2857 648 2930 qni
671 2857 770 2913 dieitur
793 2859 914 2931 diluens,
931 2858 1002 2915 siout
1056 2862 1105 2931 cis,
1134 2862 1235 2919 Tomos
1262 2858 1380 2921 villicus.
1413 2857 1508 2914 Simon
1535 2856 1669 2924 decanus,
1706 2852 1859 2919 witterus,

198 2942 273 2999 idem
296 2942 401 3000 rivulus
423 2943 516 3001 deiluit
538 2945 691 3002 iubarum.
711 2948 746 3003 tJt
759 2955 847 3003 autem
862 2948 922 3011 bac
938 2962 1001 3002 tnu-
1017 2950 1227 3058 Charinbertus,
1243 2947 1335 3005 Guldo
1350 2946 1455 3003 scabini
1470 2954 1496 3002 et
1512 2944 1588 3001 multi
1601 2944 1656 2999 alii.

140 3099 143 3104 ¹
198 3029 337 3089 nilicentia
350 3032 488 3090 nostruin
501 3042 665 3107 perpetuum
679 3033 755 3093 vires
769 3035 901 3102 obtineat,
917 3044 946 3093 et
963 3036 1004 3093 in·
1096 3042 1195 3098 Actum
1218 3037 1311 3109 Remis
1334 3050 1406 3095 anno
1430 3034 1564 3093 iucamati
1586 3032 1668 3090 Verbi
1686 3034 1765 3099 1137,
1792 3030 1863 3086 indi-

200 3120 333 3178 convulsa
354 3120 513 3195 illibataque
538 3122 566 3179 in
588 3138 669 3180 omne
691 3134 870 3181 conservetur
883 3133 1001 3199 tempus,
1058 3130 1148 3188 ctione
1163 3144 1221 3197 rur,
1238 3128 1277 3201 (3)
1293 3132 1424 3199 regnante
1436 3123 1573 3181 Ludovico
1587 3123 1755 3179 Francorum
1785 3135 1858 3192 rege

200 3216 229 3267 el
240 3212 584 3283 permaneat,auctoritate
599 3212 734 3288 privilegii
747 3214 841 3270 domni
852 3214 1005 3271 Innocentii
1059 3236 1131 3277 anno
1145 3232 1217 3286 xxx,
1234 3214 1486 3287 archiepiscopatus
1499 3220 1590 3271 autam
1612 3210 1707 3269 domni
1730 3207 1858 3266 llainaldi

200 3313 279 3371 popa
294 3301 320 3356 tt
333 3298 436 3356 muniri
450 3298 580 3357 lecimus.
599 3301 654 3358 Sed
668 3310 695 3359 et
710 3317 761 3358 nos
774 3302 1004 3376 sigillibeatilte·
1058 3324 1131 3365 anno
1160 3321 1202 3363 ιιι
1228 3302 1412 3363 ordinationis
1440 3315 1503 3359 vero
1531 3308 1633 3358 nostre
1661 3312 1735 3357 anno
1762 3305 1860 3357 octono

199 3386 279 3461 migii
305 3386 497 3461 impressione,
534 3398 563 3447 et
597 3390 798 3450 honorabilium
829 3391 1005 3450 adnotatione
1059 3397 1179 3456 decimo.

201 3489 383 3549 personarum
397 3476 556 3535 astantium
570 3480 732 3537 roboramus
746 3484 774 3539 et
784 3481 1003 3550 confirmamus3

237 3564 280 3638 (3)
294 3564 462 3639 iteponenda
475 3566 588 3626 indictio
601 3582 654 3627 xv.

186 3796 193 3903 3
388 3868 859 3991 samsona
893 3856 1676 3990 nomu1onnou1s
1774 3919 1778 3927 -

859 4046 1009 4103 annuns
1028 4044 1058 4101 S.
1078 4040 1216 4099 hcutctt

466 4159 538 4232 AD
564 4157 869 4237 WIBALDUM
894 4158 1157 4235 ΑΒΒΑΤΕΜ
1187 4148 1600 4233 STABULENSEM.

838 4301 919 4374 (Vide
932 4301 961 4357 iu
974 4300 1118 4367 Wibaldo,
1137 4297 1229 4369 inira.)

209 4428 1852 4477 m

868 4584 945 4626 ΑΝΝΟ
960 4584 1060 4627 botttm
1079 4582 1209 4627 chxxvl

734 4733 1340 4886 ADALBERTUS

642 4952 1000 5029 moonuumns
1028 4950 1492 5029 aaournprscopns

878 5150 979 5254 ΝΟ
997 5150 1038 5253 Τ
1058 5152 1075 5255 l
1092 5149 1171 5252 TI
1187 5151 1227 5251 Α

576 5338 659 5416 (bom
679 5342 824 5415 Murrius,
845 5344 921 5418 prosi.
936 5345 974 5402 ad
988 5352 1054 5402 tom.
1071 5342 1082 5397 l
1098 5343 1190 5419 ampl.
1210 5340 1344 5407 Cottam„
1360 5355 1391 5412 p.
1409 5334 1509 5409 xnxru)

253 5547 394 5603 liuthardo
408 5549 544 5606 successit
556 5548 583 5603 in
598 5548 665 5605 sede
680 5550 838 5623 Mogontiua
852 5566 906 5607 nou
919 5548 1010 5605 minus
1025 5546 1140 5603 sincere
1156 5544 1185 5603 in
1199 5544 1292 5601 sedem
1317 5540 1497 5615 apostolicam
1519 5530 1708 5620 observantiae.
1725 5550 1817 5617 qnam·
1827 5534 1867 5617 di·

219 5616 332 5689 guitatis
352 5619 442 5675 heres
462 5618 639 5686 adalbertus,
665 5621 774 5679 Raurici
797 5622 873 5695 regis
897 5618 1088 5687 cancellarius,
1107 5640 1118 5667 u
1136 5618 1244 5691 primus
1261 5616 1331 5673 inter
1345 5614 1448 5689 primos
1462 5613 1522 5681 ejus
1535 5607 1725 5685 praeornata
1740 5606 1868 5667 consulta·
