3942 6067
230 258 282 313 aaa

567 251 718 312 nouanti
735 209 992 313 sucusronuu.
1016 252 1093 312 ovv.
1116 256 1204 315 vans
1223 258 1272 314 nv.
1296 287 1330 299 -
1351 258 1551 317 inunctos.

1833 262 1886 319 saa

227 388 272 438 tor
284 380 357 437 venit
372 379 407 435 de
421 379 522 436 affrica
539 382 653 436 Roaiam
670 380 706 435 ob
720 379 874 435 litterarum
897 378 1026 447 studium,
1042 378 1069 437 Α
1085 395 1177 443 nostra
1203 392 1330 448 camede
1353 393 1404 449 boc
1422 392 1522 449 arundo
1533 391 1561 445 iu
1575 390 1676 449 coelum
1703 386 1818 445 transiit.
1835 386 1886 443 llic

228 486 283 544 quo
297 478 420 541 tempore
430 470 592 525 Ambrosius
601 471 673 525 rexit
682 468 837 525 Ecclesiam
848 468 1033 525 Mediolanen-

227 558 311 616 sium.
331 558 385 630 Qui
404 559 622 616 Mediolanenses
645 558 746 614 iratres
760 558 893 614 miserunt
913 558 1033 615 Romam

127 682 131 690 ·
227 664 279 720 pro
293 650 402 705 rhetore
419 664 472 721 quo
485 664 580 704 eorum
596 647 695 704 civitas
709 648 765 705 hac
774 655 834 703 arte
850 645 937 718 possit
950 646 1034 703 llore-

226 753 268 795 re.
297 737 412 795 Romani
439 753 504 793 varo
532 737 737 794 destinaverunt
765 737 805 792 eis
833 736 1031 810 Augustinum,

228 826 412 885 seienteseam
419 824 557 883 rhetorica
570 834 627 883 arte
637 826 750 901 egregie
763 826 889 899 peritum.
902 823 956 894 Qui
969 840 1032 881 curn

228 916 329 989 saepius
344 916 467 973 audisset
487 915 663 973 Ambrosiam
677 915 712 972 de
727 916 786 971 Deo
810 921 837 971 et
851 919 954 971 aeterna
978 914 1033 971 vita

228 1004 470 1073 sermocinantem,
486 1004 605 1063 credidit
629 1008 658 1061 et
673 1013 792 1077 uterque
807 1004 910 1076 Spiritu
934 1010 1031 1061 sancto

227 1095 327 1170 plenus
341 1111 455 1169 ymnum
479 1096 513 1152 Tc
527 1096 617 1152 Deum
632 1095 783 1152 laudamus
804 1100 868 1151 tnnc
895 1092 1032 1165 inprimis

231 1186 340 1243 cecinit.
357 1186 398 1241 db
412 1184 559 1242 Ambrosio
574 1185 665 1257 itaque
688 1184 858 1241 habandein
871 1183 972 1240 divinis
987 1182 1030 1239 in-

229 1282 358 1341 structus,
373 1274 490 1347 patriam
503 1274 660 1341 revertitur,
686 1273 779 1347 ibique
791 1272 892 1346 populo
907 1272 958 1329 Dei
969 1272 1032 1345 epi-

228 1378 330 1437 scopus
344 1364 505 1437 preficitur.
528 1363 685 1436 Siquidem
709 1380 743 1419 eo
757 1370 881 1435 ternpore
905 1362 1032 1419 Ecclesia

229 1452 328 1511 domus
341 1454 391 1510 Dei
405 1454 432 1507 in
454 1450 509 1509 tide
523 1453 643 1509 titubans
653 1468 803 1526 casumque
817 1452 946 1508 minitans
971 1456 1030 1509 trc-

228 1544 307 1612 muit,
320 1543 369 1599 sed
385 1558 508 1599 summus
521 1542 612 1615 opifex
628 1540 735 1598 lirmam
750 1551 909 1617 argenteam
921 1540 1029 1598 colum-

226 1648 294 1689 nam
309 1632 493 1706 dugustinum
504 1631 661 1704 priusquam
684 1632 823 1688 laberetur
837 1630 972 1703 opposuit,
1002 1630 1029 1685 in

1087 476 1120 551 (P
1132 483 1196 553 228)
1211 482 1298 539 servis
1307 484 1469 557 peccuniam
1486 482 1676 555 partiturdum
1691 478 1817 535 fidelibus
1838 492 1887 533 ca·

1087 570 1197 627 rismata
1212 572 1362 647 gratiarum
1387 574 1513 646 largitur.
1528 573 1581 629 Per
1595 572 1618 627 V
1632 570 1735 627 talenta
1750 568 1773 625 V
1787 582 1885 623 sensus

1087 660 1274 735 intelliguntur
1301 664 1400 737 quibus
1427 674 1530 731 aeterna
1545 660 1648 719 lucrari
1665 657 1884 731 praecipiuntur:

1088 751 1140 807 Per
1151 753 1237 809 visum
1262 754 1344 810 homo
1357 754 1487 810 talentum
1515 753 1642 817 lucratur,
1659 748 1683 805 si
1696 763 1751 804 non
1778 745 1885 803 vanita-

1088 846 1142 897 tem
1158 844 1207 899 sed
1222 844 1370 916 equitatem
1390 844 1482 901 videre
1497 842 1647 899 delectatur
1661 859 1669 908 3
1684 854 1734 911 per
1761 836 1885 893 auditum

1087 930 1217 989 talentum
1246 934 1403 1008 acquiritur,
1420 934 1443 989 si
1469 949 1523 990 non
1538 928 1752 989 detractionibus
1766 924 1813 982 vel
1840 925 1885 981 ia·
1969 920 1970 939 ³

1087 1020 1168 1089 bulis,
1181 1022 1229 1079 sed
1245 1024 1336 1080 verbis
1346 1023 1446 1079 divinis
1467 1037 1549 1079 aures
1564 1020 1686 1094 praebare
1708 1018 1802 1074 nititur
1817 1030 1886 1087 3per
1969 1070 1970 1083 ,

1086 1109 1213 1169 olfactum
1226 1112 1327 1170 talento
1345 1111 1541 1187 plaudent,qui
1567 1126 1622 1167 non
1636 1108 1799 1181 voluptuosa
1823 1120 1887 1161 car-
1969 1122 1970 1129 ¹

1085 1200 1128 1257 uis
1142 1202 1331 1273 odoramenta,
1347 1203 1396 1259 sed
1411 1202 1541 1259 virtutum
1557 1199 1668 1257 haurire
1683 1192 1887 1271 gaudent;oris

1086 1289 1205 1347 officium
1224 1291 1354 1348 talentum
1378 1291 1506 1358 relundit,
1532 1290 1581 1347 sed
1606 1288 1718 1345 minime
1732 1302 1782 1358 per
1811 1282 1886 1339 mala

1084 1378 1222 1453 colloquia
1237 1381 1323 1437 bonos
1338 1398 1429 1438 mores
1444 1379 1604 1453 corrumpit,
1621 1376 1763 1434 silendam
1775 1372 1886 1431 Domini

1084 1470 1230 1525 annunciat
1244 1477 1271 1525 et
1285 1470 1355 1527 alios
1368 1470 1395 1526 in
1406 1470 1492 1527 verbo
1505 1468 1555 1525 Dei
1570 1466 1688 1525 aedificat
1705 1482 1711 1531 ;
1728 1464 1750 1521 ai
1765 1478 1821 1520 non
1836 1477 1887 1534 per

1083 1557 1275 1617 illecebrosum
1303 1568 1411 1634 gustum
1427 1566 1551 1617 ventrem
1576 1558 1610 1613 ad
1625 1556 1765 1612 libidinem
1791 1550 1883 1617 larait,

1084 1648 1132 1704 sed
1147 1664 1246 1721 corpus
1261 1657 1365 1705 tantum
1393 1648 1509 1721 simplici
1524 1649 1596 1705 victu
1612 1648 1646 1703 ad
1662 1644 1808 1702 servicium
1834 1642 1885 1697 Dei

227 1736 308 1793 quem
319 1724 378 1777 ¹⁰2⁸
391 1722 516 1777 m³0¹¹i¹¹²
528 1721 629 1793 5⁰⁰¹ssa
643 1721 734 1776 inm
749 1722 947 1788 ⁰⁰V⁰b⁰f³¹⁰¹⁸r
964 1720 1028 1776 dum
1043 1738 1070 1799 B
1084 1737 1172 1809 pascit
1189 1758 1195 1804 ;
1213 1746 1302 1795 tactus
1316 1740 1579 1811 talentumoperatur
1593 1736 1617 1792 si
1631 1752 1645 1792 a
1661 1735 1733 1791 malo
1741 1732 1885 1789 declinans

227 1826 309 1867 omne
333 1809 544 1867 instrumentum
572 1810 917 1884 impugnantiumhostium
945 1810 1027 1866 abeo

227 1898 333 1955 fortiter
346 1906 530 1971 expugnatur.
551 1900 612 1970 lpse
628 1897 729 1973 quippe
746 1900 890 1971 intemplo
905 1899 1027 1956 Deielo·

227 1988 338 2061 quentia
353 1997 536 2062 utargentum
551 1988 832 2060 (reconventione
848 2006 855 2056 ς
870 1988 937 2044 illud
961 2004 1028 2043 san-

225 2084 269 2134 cta
285 2077 348 2143 vita,
375 2078 550 2135 contravicia
566 2084 594 2134 et
616 2076 763 2147 hereticos,
778 2076 875 2134 firmus
889 2085 915 2134 et
940 2086 1028 2134 rectus

223 2172 252 2221 ut
280 2165 406 2222 columna
432 2164 574 2234 fulciebat,
605 2166 771 2239 domumque
797 2165 848 2222 Dei
863 2166 922 2238 ipse
939 2166 1028 2223 bonus

224 2255 312 2328 pictor
326 2254 397 2311 mira
421 2256 550 2312 caelatnra
564 2255 651 2328 pinxit
678 2256 803 2328 miroque
830 2256 915 2311 modo
942 2254 1027 2312 variis

222 2345 340 2417 gemmis
354 2344 486 2412 distinxit,
508 2344 647 2400 dameam
672 2344 749 2399 miris
763 2344 904 2400 sententiis
926 2344 1026 2400 nobilis

225 2432 372 2505 insigniter
386 2434 510 2506 undique
537 2432 631 2490 cinxit.
647 2433 771 2507 Denique
784 2433 905 2490 haretici
932 2434 1026 2488 hostes

222 2520 334 2590 Christi,
350 2538 534 2594 praecursores
548 2522 718 2590 antichristi,
733 2522 780 2579 illo
795 2531 915 2595 tempore
942 2521 1025 2579 variis

222 2618 378 2677 heresibus
389 2620 541 2677 Ecclesiam
556 2620 763 2694 impugnabant,
780 2620 919 2692 simplices
938 2636 1023 2693 quos-

221 2725 276 2780 que
291 2724 308 2765 a
322 2726 389 2766 vera
413 2708 467 2765 fide
492 2710 603 2766 deviare
619 2718 645 2765 et
671 2710 698 2765 in
712 2710 895 2781 precipicium
924 2709 1024 2765 erroris

221 2814 304 2854 ruere
330 2798 562 2871 dogmatizabant.
588 2798 693 2867 Quibus
721 2798 800 2854 fortis
829 2808 1024 2872 propugnator

223 2888 393 2961 Augustinus
422 2888 514 2960 gladio
529 2888 607 2942 verbi
631 2886 681 2943 Dei
709 2886 882 2954 occursabat,
899 2895 925 2943 et
952 2886 1024 2944 iero-

220 2991 267 3030 ces
281 2977 375 3031 hostes
388 2976 482 3047 procul
496 2992 513 3031 a
527 2974 877 3048 civitateDeipropulsabat
886 2977 1022 3049 luposque

1083 1827 1182 1882 bonum
1197 1828 1285 1885 lacere
1300 1836 1421 1885 conatur.
1438 1828 1491 1897 Qui
1506 1827 1546 1885 sic
1561 1826 1682 1900 quinque
1693 1822 1821 1880 sensibus
1838 1820 1883 1876 lu·
1969 1842 1970 1865 i

1082 1916 1208 1983 orabitur,
1228 1922 1268 1974 tot
1282 1918 1400 1991 praemiis
1415 1918 1444 1973 in
1464 1918 1565 1991 gaudio
1580 1914 1690 1972 Domini
1716 1926 1881 1969 remunera·
1969 1936 1970 1939 ¹

1082 2005 1164 2061 bitur.
1195 2008 1249 2063 Per
1263 2007 1317 2062 duo
1332 2008 1429 2063 talenta
1444 2006 1599 2063 intellectus
1613 2012 1639 2060 et
1653 2002 1777 2075 operatio
1805 2000 1883 2057 desi-

1082 2106 1201 2169 gnantur
1222 2096 1320 2169 quihus
1344 2096 1466 2153 ooelestia
1492 2095 1595 2152 lucrari
1622 2094 1799 2166 imperantur.
1830 2089 1884 2159 Qui

1082 2202 1150 2257 ergo
1160 2184 1231 2242 bona
1247 2203 1307 2259 quae
1320 2186 1476 2259 intelligunt
1487 2186 1565 2241 bonis
1580 2184 1684 2242 actibus
1701 2182 1819 2254 implere
1837 2196 1883 2235 sa·

1082 2282 1186 2346 tegunt,
1202 2275 1228 2330 in
1240 2275 1342 2349 gaudio
1357 2274 1464 2332 Domini
1483 2290 1533 2346 pro
1548 2272 1632 2345 duplo
1642 2272 1743 2328 talento
1762 2268 1883 2341 duplicia

1081 2363 1225 2434 recipiunt.
1242 2364 1294 2419 Per
1308 2381 1391 2419 unurn
1407 2364 1537 2418 talentum
1553 2362 1706 2418 intellectus
1721 2358 1884 2431 exprimitur

1081 2466 1136 2525 quo
1151 2469 1269 2525 superna
1285 2455 1377 2525 patria
1390 2451 1492 2509 lucrari
1507 2452 1677 2525 praecipitur.
1697 2448 1778 2516 Quod
1794 2448 1882 2505 talan-

1081 2548 1136 2596 tum
1151 2540 1180 2595 in
1196 2550 1267 2598 terra
1282 2542 1425 2599 abscondit
1440 2541 1564 2614 quisquis
1581 2541 1682 2597 bonum
1698 2536 1840 2611 ingenium
1854 2536 1882 2592 in

1079 2633 1198 2687 terronis
1213 2639 1316 2687 tanturn
1328 2632 1453 2707 negociis
1463 2630 1593 2701 expendit
1608 2648 1615 2697 ;
1630 2628 1776 2701 unicuique
1790 2626 1882 2683 talen-

1079 2728 1135 2775 tum
1151 2722 1355 2777 ccmmendatur
1369 2721 1432 2776 dum
1456 2720 1481 2776 ei
1496 2719 1598 2776 scienta
1614 2717 1656 2774 vel
1672 2716 1813 2791 quodlibet
1838 2733 1883 2771 ar·
1969 2702 1970 2791 J

1084 2808 1198 2865 tilleium
1209 2810 1338 2866 divinitus
1353 2810 1466 2866 donatur
1481 2825 1488 2881 ;
1506 2810 1578 2881 quod
1593 2806 1628 2864 ab
1641 2822 1674 2863 eo
1689 2808 1802 2863 interra
1816 2805 1884 2861 abs·
1969 2850 1970 2873 ,

1080 2900 1207 2956 conditur
1234 2900 1300 2955 durn
1330 2899 1396 2954 nulli
1411 2898 1519 2954 utilitati
1542 2913 1731 2970 proximorum
1746 2894 1884 2967 impendi·

1080 2996 1134 3043 tur.
1155 2988 1209 3045 Sed
1224 2997 1287 3045 tunc
1310 2988 1439 3044 talentum
1464 2988 1499 3044 ab
1514 3002 1547 3043 eo
1566 2986 1677 3052 tollitur,
1702 2985 1816 3057 ipseque
1842 2984 1884 3039 in-
1969 2976 1970 2991 ¹

220 3086 335 3143 rapaces
349 3071 395 3145 qui
409 3070 480 3128 ovile
496 3071 764 3128 Chr-istiinvadentes
781 3072 926 3147 agnosDei
936 3082 1022 3130 stran-
1036 3096 1062 3161 Ο
1078 3078 1150 3133 utilis
1159 3078 1186 3133 ln
1201 3094 1338 3134 carcerem
1360 3077 1511 3134 recluditur
1523 3077 1588 3133 dum
1602 3076 1705 3133 doniam
1722 3074 1775 3129 sibi
1789 3088 1805 3127 a
1819 3073 1883 3129 Deo

219 3159 363 3233 gulubuut,
379 3161 468 3217 honus
481 3169 577 3233 pastor
591 3161 689 3219 baculo
704 3176 788 3218 sacrae
805 3162 952 3235 Scriptura
971 3180 1021 3219 ex·
1077 3166 1207 3223 collatum
1236 3184 1286 3239 per
1313 3175 1429 3222 mortem
1445 3166 1497 3221 sibi
1509 3164 1638 3231 aufertur,
1656 3170 1682 3221 et
1696 3162 1801 3236 ipsead
1822 3178 1882 3235 pu-

219 3251 327 3307 territos
343 3249 553 3323 confutatosque
572 3250 694 3323 fugabat.
709 3251 741 3304 ln
755 3250 834 3306 vinea
857 3250 966 3307 Domini
980 3252 1022 3307 in·
1074 3256 1205 3312 ciendum
1215 3272 1266 3329 pro
1276 3256 1401 3329 nequicia
1416 3272 1467 3312 sua
1482 3254 1507 3309 iu
1526 3254 1702 3310 intirmorum
1719 3252 1858 3309 delectur.

189 3384 192 3388 ,
219 3338 371 3413 fatigabilis
385 3338 503 3412 agricola
519 3339 570 3394 sub
585 3339 706 3411 pondere
728 3339 783 3394 diei
796 3347 824 3395 et
849 3348 933 3396 aestua
948 3340 1021 3396 mul·
1112 3346 1214 3401 Beatus
1227 3345 1320 3419 itaque
1335 3344 1505 3419 Augustinus
1533 3342 1607 3400 utilis
1620 3350 1648 3399 et
1661 3341 1752 3398 fidelis
1780 3357 1881 3399 servus

219 3434 277 3483 tam
303 3428 459 3492 desudavit,
486 3428 588 3484 multos
603 3427 733 3500 palmites
743 3443 817 3485 verae
839 3429 887 3487 viti
900 3429 1022 3487 inserere
1074 3434 1135 3503 luit,
1151 3435 1337 3507 quitalentum
1357 3434 1409 3491 sibi
1431 3434 1565 3492 creditum
1579 3447 1633 3490 non
1647 3432 1731 3489 humo
1757 3430 1880 3503 operuit,

218 3516 334 3586 numm,
349 3532 528 3591 quosrnagna
541 3516 680 3574 affluentia
693 3517 895 3589 scripturarum
909 3519 1022 3592 copiose
1075 3525 1124 3581 sed
1150 3525 1290 3582 conservis
1314 3524 1505 3581 habundanter
1532 3538 1651 3596 erogans
1673 3521 1702 3576 ia
1726 3520 1881 3578 dilectione

218 3605 321 3680 rigavit
344 3614 373 3663 et
391 3606 426 3663 ad
448 3606 533 3663 liores
561 3607 674 3664 odorem
700 3623 871 3681 operumque
894 3608 1022 3665 virtutem
1075 3614 1125 3671 Dei
1141 3620 1167 3671 et
1182 3613 1297 3686 proximi
1318 3612 1476 3685 duplicavit,
1506 3611 1589 3669 immo
1601 3610 1676 3669 omui
1703 3608 1882 3682 generationi

162 3740 165 3743 .
217 3695 372 3767 perducere
400 3696 605 3753 concessavit.
633 3696 661 3752 lu
680 3712 773 3753 messe
798 3698 907 3755 Domini
935 3697 1022 3755 multa
1075 3717 1135 3775 quae
1146 3710 1262 3759 ventura
1281 3711 1322 3759 est
1336 3700 1516 3775 duplicaverit
1539 3700 1603 3757 dum
1628 3696 1720 3755 nobile
1733 3698 1880 3773 ingenium

217 3785 333 3842 multum
349 3786 408 3858 ipse
422 3789 546 3856 messuit,
555 3784 674 3859 impiger
687 3786 830 3859 operarius
844 3786 930 3844 multa
958 3788 1021 3844 hor·
1073 3808 1154 3847 suum
1171 3792 1218 3850 toti
1233 3790 1367 3848 Ecclesiae
1387 3791 1462 3847 mille
1476 3789 1659 3847 voluminibus
1681 3785 1879 3845 transfundere

221 3890 268 3931 rea
282 3873 408 3932 condidit
421 3875 450 3930 in
465 3875 565 3947 quibus
579 3876 679 3931 multos
705 3875 925 3947 manipuloscum
947 3892 1021 3951 pau·
1073 3882 1189 3939 curavit.
1222 3882 1307 3953 Hujus
1328 3880 1413 3937 lumbi
1440 3879 1580 3951 praecincti
1608 3883 1686 3935 erant
1708 3876 1771 3934 dum
1790 3874 1879 3933 vitatu

111 4026 118 4040 ,
216 3964 262 4021 dio
285 3964 410 4039 collegit.
440 3964 491 4020 Pro
518 3964 617 4039 quibus
635 3982 710 4023 nunc
738 3981 755 4022 a
777 3966 895 4024 Domino
922 3966 1021 4024 messia

216 4055 375 4127 centuplum
389 4053 504 4127 recepit.

252 4186 347 4245 Defert
361 4186 494 4245 Dominus
509 4186 582 4259 quod
596 4186 708 4260 quidam
730 4202 847 4260 peregre
860 4186 960 4245 abierit
973 4189 1019 4264 qui

215 4276 383 4349 peccuniam
397 4292 474 4333 suam
486 4276 574 4335 servis
587 4275 645 4333 suis
658 4276 770 4333 tradidit
779 4284 860 4351 atque
872 4278 919 4335 uui
933 4277 1018 4351 quin-

216 4365 393 4439 quetalenta,
409 4365 455 4421 alii
471 4366 536 4435 duo,
552 4364 599 4421 alii
622 4381 706 4421 unum
720 4366 896 4423 commiserit.
925 4367 1018 4425 Sedis

216 4454 261 4512 cui
274 4454 394 4527 quinque
408 4452 573 4512 talentorum
586 4454 695 4527 pondus
723 4456 940 4525 commendatur,
964 4456 1059 4523 alian

216 4542 337 4615 quinque
351 4542 480 4600 lucratur.
494 4544 522 4598 la
536 4551 626 4600 autem
639 4544 686 4617 qui
699 4542 755 4601 duo
764 4544 878 4617 accepit,
896 4545 924 4601 in
937 4544 1015 4603 lucro

215 4631 334 4689 sliadm
355 4630 469 4704 recepit.
484 4630 536 4688 cni
545 4648 613 4690 vero
622 4649 708 4689 uuum
727 4633 916 4701 committitur,
930 4635 968 4691 ab
982 4651 1016 4692 eo

214 4728 297 4779 tene
309 4720 442 4779 inteditur
456 4728 485 4777 et
497 4721 532 4777 ad
546 4721 732 4781 nrrlliuausum
748 4724 894 4795 provenire
903 4724 1015 4795 patitur.

214 4812 280 4869 Post
293 4810 410 4870 multum
423 4827 492 4869 vero
507 4811 639 4885 temporis
649 4813 778 4871 dominus
792 4815 947 4882 revertitur,
963 4830 1016 4887 pe-

215 4899 324 4958 cuniae
337 4899 427 4959 servis
450 4915 514 4957 cum
532 4898 611 4957 lucro
638 4901 776 4973 repetitur.
805 4901 859 4973 Qui
872 4902 900 4956 V
915 4903 1017 4960 talenta

214 4989 331 5061 accepit,
360 4988 516 5047 Vlucratua
543 4988 672 5059 retulit,a
687 4990 804 5049 Domino
830 4991 962 5062 laudetur,
987 4992 1016 5047 in

213 5079 317 5153 madio
325 5078 452 5153 gaudens
463 5078 608 5135 exaltatur.
626 5077 680 5148 Qui
694 5080 876 5152 duoaccepit,
900 5080 1015 5152 duplum

214 5170 328 5241 insuper
348 5167 479 5235 reddidit,
503 5167 730 5239 quemdominus
753 5168 782 5223 in
809 5170 910 5244 gaudio
935 5170 1015 5228 honis

214 5258 273 5315 auia
283 5257 413 5330 pretulit.
441 5256 490 5313 Cui
504 5272 571 5314 vero
585 5272 670 5313 uuum
680 5265 739 5313 erat
753 5259 940 5327 commissum,
967 5276 1014 5317 re·

215 5346 277 5405 tulit
289 5348 344 5404 hoc
357 5346 417 5403 sine
431 5345 509 5404 lucro
518 5352 599 5403 terre
609 5344 751 5414 effossum,
766 5348 863 5404 diceus
872 5349 1015 5407 dominum

213 5442 403 5512 metuendum,
423 5452 452 5501 et
465 5444 528 5502 ideo
551 5460 582 5501 sc
592 5444 627 5501 ad
640 5460 752 5501 usuram
765 5461 821 5503 nou
834 5447 946 5505 dedisse
969 5457 1014 5506 ta-

214 5542 319 5599 lentum
333 5562 342 5606 t
357 5558 444 5616 aquo
465 5540 593 5599 dominus
618 5542 704 5600 iratus
715 5544 801 5616 iussit
814 5545 872 5603 tolli
896 5562 1014 5621 eumque

212 5629 243 5686 in
258 5644 398 5687 cameram
408 5631 512 5689 reclndi
526 5632 609 5704 (hac.
626 5635 703 5705 xcx).

250 5745 382 5806 Dominus
390 5746 438 5822 qul
456 5762 575 5822 peregre
587 5750 655 5810 abiit
682 5760 723 5815 eat
751 5753 884 5826 Christus,
910 5754 957 5830 qul
983 5755 1013 5815 in

1074 3971 1285 4028 suamcastitate
1312 3969 1521 4043 constringebat
1537 3986 1543 4033 ;
1560 3969 1683 4025 lucerua
1707 3965 1836 4022 ardentes
1848 3966 1879 4022 iu

1073 4059 1199 4117 manibus
1211 4060 1269 4132 eius
1283 4059 1410 4117 lucebant
1426 4064 1489 4115 dum
1506 4057 1642 4130 preclara
1655 4070 1741 4129 opera
1756 4055 1815 4125 ejus
1825 4071 1878 4112 co-

1073 4165 1132 4205 ram
1163 4148 1319 4205 hominibus
1348 4148 1540 4222 splendebant.
1572 4148 1695 4202 Primam
1722 4144 1828 4219 vigilim
1845 4144 1877 4202 iu

1072 4238 1176 4296 somnis
1191 4236 1267 4295 duxit
1291 4238 1357 4293 dum
1387 4237 1416 4291 in
1431 4236 1554 4309 puericia
1576 4251 1685 4292 omnem
1711 4231 1877 4290 saecularem

1073 4326 1231 4400 sapientiam
1247 4326 1280 4399 (lt
1293 4326 1346 4387 223
1362 4326 1399 4397 v0)
1415 4324 1495 4383 avido
1506 4333 1618 4397 pectore
1633 4325 1718 4380 suxit.
1742 4322 1874 4379 Secunda

1072 4416 1170 4491 vigilia
1184 4432 1281 4474 somno
1291 4432 1345 4473 nou
1359 4415 1475 4473 indulsit
1489 4416 1554 4471 dunt
1568 4414 1597 4469 in
1607 4414 1747 4485 iuventute
1770 4410 1875 4483 phylo-

1072 4506 1215 4579 sophicam
1230 4504 1402 4578 disciplinam
1432 4503 1569 4578 quoslibet
1583 4500 1706 4559 studiose
1733 4498 1874 4555 instruxit.

1070 4594 1163 4651 Tereia
1178 4594 1271 4669 vigilia
1280 4594 1397 4667 pervigil
1412 4592 1591 4667 permanebat
1607 4591 1672 4647 dum
1687 4590 1715 4645 in
1729 4596 1875 4645 senectute

1070 4700 1163 4741 sacros
1174 4684 1262 4741 libros
1276 4682 1461 4756 multipliciter
1477 4680 1641 4755 exponebat.
1662 4678 1780 4735 Primam
1796 4692 1875 4751 quo-

1070 4790 1124 4847 que
1138 4772 1259 4847 vigiliam
1274 4772 1398 4845 vigilavit
1413 4772 1476 4827 dum
1493 4770 1570 4828 nohis
1586 4774 1693 4842 tempus
1708 4766 1874 4841 antelegem

1070 4862 1179 4935 scriptis
1195 4861 1364 4920 dilucidavit.
1377 4860 1529 4919 Secundam
1544 4858 1667 4934 vigilavit
1681 4858 1745 4913 dum
1761 4863 1873 4928 tempus
1969 4862 1970 4881 ¹

1069 4950 1140 5024 legia
1164 4952 1414 5025 prophetarumque
1438 4948 1626 5009 obscuritates
1641 4945 1803 5021 exponendo
1827 4960 1875 5001 re-

1070 5040 1182 5097 seravit.
1200 5040 1323 5098 'Porciam
1336 5038 1459 5114 vigilavit
1473 5040 1536 5096 dum
1552 5050 1659 5111 tempus
1686 5034 1782 5111 gratiae
1797 5032 1874 5091 mul·
1969 5046 1970 5067 ¹

1069 5127 1105 5187 tia
1116 5129 1192 5185 libris
1208 5129 1425 5189 commendavit.
1444 5130 1478 5185 lit
1490 5129 1553 5202 quia
1567 5142 1629 5184 eum
1645 5125 1777 5181 Dominus
1797 5122 1871 5195 vigi-

1069 5218 1173 5276 lantem
1199 5219 1311 5286 invenit,
1337 5218 1365 5274 in
1390 5218 1499 5275 civitate
1524 5234 1572 5275 sua
1587 5233 1649 5273 eum
1668 5230 1751 5287 snper
1777 5213 1873 5267 omrria
1969 5266 1970 5289 ,

1069 5308 1140 5366 hona
1151 5324 1201 5367 sna
1215 5306 1365 5376 constituit,
1381 5308 1416 5365 de
1430 5324 1485 5381 qua
1498 5310 1557 5379 ipse
1571 5304 1657 5363 multa
1673 5302 1796 5377 gloriosa
1816 5302 1872 5357 dis-

1069 5400 1165 5457 seruit.
1190 5400 1327 5471 Tempnra
1354 5414 1401 5453 sua
1425 5398 1562 5469 praeclaris
1584 5396 1670 5469 signis
1690 5403 1717 5450 et
1739 5388 1872 5448 doctrinis

1068 5490 1187 5561 ornavit,
1204 5502 1335 5561 sponsam
1350 5485 1453 5543 Christi
1466 5486 1517 5543 sibi
1529 5485 1704 5543 commissam
1715 5480 1797 5537 variis
1808 5496 1868 5537 mo·

1067 5577 1169 5635 nilibus
1184 5576 1333 5645 decoravit,
1349 5574 1444 5633 civitas
1459 5576 1508 5633 Dei
1523 5574 1641 5632 diversis
1655 5570 1768 5630 ferculis
1779 5574 1806 5625 et
1818 5586 1870 5642 po·

1067 5666 1136 5725 culis
1151 5655 1306 5724 letificavit.
1322 5666 1357 5721 llt
1371 5664 1436 5723 ideo
1450 5680 1513 5722 cum
1536 5664 1643 5722 Christo
1665 5666 1776 5736 peracto
1793 5658 1871 5729 judi-

1067 5756 1110 5816 cio
1122 5756 1151 5815 in
1165 5755 1282 5832 gloriam
1297 5753 1385 5814 Patris
1399 5754 1547 5825 transierit
1565 5748 1817 5828 atque-Ecclesiam
1833 5748 1869 5805 de
