3942 6067
224 198 294 253 toti

523 152 675 257 ιιοιιοιιιι
693 196 952 257 aocnsronotv.
972 199 1058 256 oar.
1083 198 1176 259 nans
1196 200 1242 259 ιιι.
1260 232 1295 245 -
1314 200 1519 259 irruenter.

1818 202 1895 259 1088

222 320 350 393 imposui.
381 326 412 380 ln
430 325 556 382 navicula
586 326 656 382 Petri
673 324 982 399 (uecordissimus,
1000 325 1380 399 li-Adidisepulisadeaut
1405 325 1670 384 mensas'iustruetas
1684 324 1803 397 copiosis
1833 324 1896 381 ler-

1093 416 1170 485 culis,
1188 433 1257 490 quas
1270 433 1382 474 summae
1401 417 1544 488 sapientire
1566 406 1681 489 dapiferi
1707 416 1893 490 Augustinus,

222 427 288 468 num
301 411 337 468 ad
350 413 499 487 capiendos
512 415 690 488 evangelicos
706 415 798 487 pisces
813 418 955 482 contexui,
980 433 1037 487 quo

221 509 247 556 et
263 502 321 571 ipse
339 503 503 560 totocorde
519 514 582 576 opto
590 504 630 561 de
645 505 740 560 muudi
772 506 883 577 gurgite
910 504 1031 562 extrahi.

222 590 371 647 iusticiam
388 594 581 660 esurientibus,
591 592 692 650 lumem
708 595 786 650 verbi
802 595 850 651 Dei
865 595 1035 667 pacientibus

220 680 319 751 paravi
335 680 506 753 pulmentum
524 683 559 740 de
569 684 664 741 herbis
683 687 753 741 bene
767 685 918 751 olentibus,
934 702 969 741 ne
981 684 1034 741 de-

224 768 319 826 ficiant
332 771 360 825 io
381 772 425 826 via
440 787 501 829 cum
522 789 592 844 pane
607 790 661 829 non
674 774 852 830 habentibus.
872 776 914 829 De
930 789 1032 847 magno

224 859 294 914 mari
317 859 411 918 dulces
436 869 529 935 glutus
556 863 687 920 hauriens
701 864 885 939 congregavi,
902 864 981 937 quasi
994 864 1033 919 si·

225 946 348 1005 tientium
360 949 441 1007 labiis
455 951 598 1011 instillavi.
616 953 671 1010 Sed
691 954 736 1028 qui
751 952 806 1009 sint
817 952 906 1011 asueti
919 954 1030 1027 splen-

1092 505 1243 580 Gregorius
1258 516 1284 563 et
1299 522 1392 565 eorum
1404 505 1561 563 consimiles
1576 505 1762 562 instruxerunt
1778 513 1805 561 et
1821 520 1895 561 con-

1090 593 1166 652 vivas
1177 595 1304 653 omnibus
1318 597 1398 653 bonis
1413 596 1598 668 repleverunt.
1614 596 1701 653 Porro
1719 595 1808 651 variis
1839 611 1896 651 oe-

1088 684 1176 759 gociis
1192 685 1317 757 impliciti
1329 685 1383 741 ista
1398 701 1484 757 pauca
1499 686 1625 741 l'acereet
1636 685 1737 741 docere
1748 684 1891 750 studeant,

1088 782 1114 830 et
1130 775 1247 831 Domino
1258 775 1419 845 opitulante,
1432 790 1581 847 perennem
1593 774 1708 847 gloriam
1720 790 1751 830 se
1760 789 1827 831 cum
1837 773 1894 828 illis

1087 862 1235 935 adepturos
1249 865 1404 938 gaudeant.
1425 866 1573 923 Proestante
1589 864 1707 921 Domino
1718 870 1814 921 nostro
1825 863 1892 919 Jesu

1086 951 1210 1010 Christo.

698 1264 752 1338 IN
791 1260 1081 1339 CONVENTU
1121 1264 1152 1339 F
1156 1264 1403 1342 RATRUM.

263 1444 344 1501 ilenti
352 1444 536 1503 iromocalotr'
546 1446 579 1502 io
588 1447 635 1503 vio
644 1446 693 1519 qai
702 1444 856 1503 ambolant
864 1446 897 1502 in
908 1447 967 1518 laps
978 1445 1030 1501 ito-
1086 1441 1166 1514 quasi
1181 1442 1247 1501 caeci
1261 1451 1289 1500 et
1303 1443 1394 1516 ignari
1417 1444 1452 1499 ad
1475 1446 1593 1502 Tartara
1620 1444 1772 1501 trahuntur.
1804 1446 1890 1502 Porro

227 1534 302 1590 mini
311 1534 399 1607 (Ptol.
412 1536 524 1607 oxvru).
537 1536 713 1607 Perpendere
723 1543 832 1608 oportet
845 1551 905 1605 nos,
918 1533 1028 1602 iratres,
1085 1529 1143 1587 liar
1158 1540 1254 1589 noster
1268 1532 1393 1589 misertus
1408 1549 1474 1589 suos
1487 1534 1625 1607 quondam
1639 1534 1740 1592 milites
1755 1550 1806 1606 per
1821 1552 1890 1607 prn-

227 1622 275 1695 qui
288 1639 384 1679 sumus
398 1632 426 1680 et
439 1624 485 1680 ubi
501 1625 600 1691 simus,
616 1626 689 1683 unde
704 1625 872 1691 venerimus,
903 1641 957 1698 quo
984 1622 1029 1679 iu-
1084 1620 1183 1693 cipicia
1205 1622 1342 1679 viciorum
1357 1622 1545 1679 adiuteritum
1570 1640 1661 1692 ruere,
1687 1624 1760 1679 misit
1788 1624 1889 1681 Filium

229 1710 387 1768 turisimns.
399 1714 480 1770 Certe
498 1715 574 1771 cives
589 1715 762 1771 Hierusalem
779 1731 883 1782 sumus,
896 1714 945 1771 sed
957 1712 1028 1770 heul
1085 1726 1168 1766 suurn
1183 1724 1231 1769 eas
1245 1711 1280 1767 ad
1293 1712 1423 1769 amissam
1440 1713 1572 1769 miliciam
1584 1730 1633 1785 per
1645 1713 1744 1770 callem
1757 1714 1889 1771 virtutum

230 1800 340 1857 carmin
355 1802 503 1874 Babylonia
517 1804 597 1875 positi
612 1796 900 1877 sumushpatriain
918 1804 1030 1860 erilium
1087 1800 1236 1857 reducere.
1265 1801 1314 1857 llio
1328 1801 1420 1859 docuit
1447 1818 1498 1857 uos
1521 1802 1619 1859 itinera
1633 1803 1783 1875 impiorum
1798 1803 1888 1860 deeli-

230 1889 365 1958 renimus,
381 1892 416 1949 de
430 1894 527 1949 vitain
541 1894 873 1952 mortemluturierimus.
886 1894 1032 1950 llexnam-
1088 1905 1164 1955 nare,
1193 1890 1335 1961 perviam
1364 1891 1486 1947 caritatis
1514 1891 1664 1960 ambulare,
1681 1893 1762 1949 etsie
1781 1892 1814 1948 de
1835 1894 1889 1949 hac

227 1996 281 2053 que
295 1979 416 2038 ooelestis
429 1982 571 2056 gloriosos
586 1984 686 2040 milites
701 1984 728 2039 in
742 2000 794 2040 suo
810 1984 963 2041 clarissimo
978 1999 1032 2055 pa·
1087 1979 1238 2051 Babylonia
1258 1982 1294 2035 sd
1317 1996 1467 2052 supernam
1483 1981 1653 2038 Hierusalem
1668 1997 1805 2039 remeare.
1822 1984 1888 2039 ilaec

227 2069 298 2127 lucio
312 2071 462 2142 constituit,
470 2072 667 2129 inaestimabilis
678 2075 773 2147 gloriae
787 2074 829 2129 sui
844 2073 953 2129 decoris
977 2089 1029 2130 nos
1087 2069 1188 2141 quippe
1217 2076 1259 2126 est
1285 2070 1328 2127 via
1349 2072 1496 2141 justornm,
1511 2072 1571 2127 baec
1586 2080 1661 2129 recta
1675 2072 1775 2127 semita
1796 2082 1889 2127 recto-

227 2160 280 2217 imi
295 2159 380 2217 voluit
395 2178 402 2225 ;
418 2162 468 2217 sed
478 2162 551 2219 heul
567 2179 618 2220 nos
626 2164 738 2219 nimium
749 2164 843 2220 miseri
857 2164 864 2219 l
884 2163 1028 2219 bominum
1086 2174 1156 2225 rum,
1173 2159 1276 2215 ducens
1291 2176 1340 2231 per
1363 2176 1393 2217 se
1407 2160 1580 2217 ambulantes
1594 2162 1627 2219 ad
1642 2162 1713 2217 atria
1729 2162 1883 2218 beatorum.

225 2257 253 2306 et
271 2250 376 2324 Regem
390 2259 514 2307 nostrum
543 2261 640 2324 sponte
667 2253 1028 2327 fugimus;lrauduleotum
1084 2248 1160 2304 Beati
1185 2249 1351 2306 immaculati
1364 2250 1392 2305 in
1406 2250 1459 2307 hac
1474 2251 1514 2307 via
1530 2251 1576 2322 qui
1598 2250 1739 2307 ambulant
1765 2251 1793 2306 in
1823 2251 1887 2325 lega

226 2340 402 2413 proedouem,
422 2341 562 2397 crudelem
587 2342 730 2410 latronem,
759 2350 913 2415 apostatam
941 2340 1029 2398 iurem
1085 2338 1208 2393 Domini.
1240 2340 1295 2395 Lex
1323 2340 1434 2396 Domini
1450 2347 1490 2396 est
1505 2342 1592 2397 Deum
1607 2348 1634 2397 et
1648 2340 1803 2412 proximum
1819 2340 1885 2396 dili-

226 2429 376 2503 translugaa
389 2431 477 2486 secuti
488 2448 600 2496 snmus:
616 2448 752 2487 amoenam
767 2433 893 2503 patriam,
908 2431 1028 2487 irumen-
1083 2442 1151 2501 pere
1162 2435 1189 2483 et
1199 2428 1250 2484 hac
1265 2428 1326 2500 lega
1338 2444 1389 2500 per
1402 2430 1471 2486 hanc
1487 2430 1558 2485 viam
1572 2446 1697 2504 gressum
1712 2430 1747 2487 ad
1762 2430 1883 2501 patriam

226 2535 285 2575 sam
299 2520 426 2592 gloriam,
442 2520 563 2576 omniurn
578 2521 738 2579 deliciarum
763 2522 928 2578 allluentiam
944 2523 1029 2579 desa·
1081 2517 1208 2589 paradysi
1236 2517 1368 2591 dirigere.
1388 2519 1418 2573 ln
1446 2519 1498 2575 luta
1521 2519 1566 2575 via
1585 2520 1765 2593 repatriantes
1779 2520 1885 2590 praeria

225 2610 332 2679 ruinus,
345 2609 542 2676 inexilium,in
557 2613 728 2683 peraculum,
745 2614 805 2679 (aie)
820 2613 846 2666 in
862 2612 983 2667 laborem
1000 2618 1030 2668 et
1081 2606 1138 2663 dux
1153 2606 1287 2678 sapientia
1310 2607 1393 2663 debet
1418 2624 1468 2663 uos
1492 2608 1593 2665 ducere
1610 2627 1617 2675 ;
1634 2624 1719 2665 saorae
1734 2607 1886 2679 Scripturas

226 2698 358 2766 dolorem,
373 2700 400 2754 in
415 2700 776 2772 angustiametinomnem
791 2701 1027 2758 miseriamdece-
1081 2696 1205 2761 scientia,
1221 2696 1428 2765 velutlucema,
1445 2706 1508 2754 ante
1524 2698 1792 2770 nossplendesoare.
1822 2713 1885 2753 ειε-

226 2788 266 2861 pti
280 2789 475 2858 pervenimus;
494 2792 543 2845 sed
557 2792 608 2847 hoc
622 2790 801 2846 fallacissimo
815 2790 956 2859 deceptori
970 2806 1026 2847 non
1080 2785 1148 2843 leste
1163 2786 1296 2859 gaudium
1317 2802 1368 2841 nos
1391 2788 1514 2855 trahere,
1535 2789 1669 2861 gehenna
1684 2788 1767 2843 timor
1781 2787 1884 2857 impel-

227 2876 335 2934 suffeoit
350 2894 401 2934 nos
415 2878 505 2951 gloria
518 2879 674 2936 denudasse
689 2888 771 2953 atqua
785 2880 813 2935 io
827 2881 897 2937 hanc
911 2880 1027 2938 calami·
1079 2875 1147 2943 lare,
1160 2884 1186 2931 et
1196 2890 1254 2931 nea
1265 2876 1401 2948 regiavia
1426 2876 1507 2934 liceat
1518 2893 1533 2931 a
1544 2877 1647 2933 dextris
1658 2877 1700 2933 vel
1711 2875 1829 2931 sinistris
1840 2876 1889 2933 de-

227 2972 311 3022 tatem
340 2966 493 3035 seduxisse,
512 2968 577 3040 quio
592 2968 673 3024 etiarn
687 2968 803 3025 doceret
817 2970 951 3042 quosdam
976 2986 1027 3041 per
1079 2964 1166 3033 viare,
1182 2964 1245 3022 hino
1261 2965 1416 3031 consilium,
1435 2966 1499 3023 inde
1515 2966 1642 3024 discretio
1657 2974 1761 3024 rectum
1786 2966 1886 3023 callem

227 3054 361 3128 publicas,
372 3056 504 3128 quosdam
519 3074 569 3127 per
583 3057 706 3115 cccmus
720 3058 831 3115 semitas
846 3066 953 3130 postne
968 3074 1026 3115 cur·
1080 3054 1262 3127 presignare.
1284 3056 1325 3111 Ne
1347 3063 1439 3111 autem
1454 3057 1481 3112 ιιι
1495 3057 1547 3113 bac
1561 3055 1605 3113 via
1618 3056 1788 3123 deliciamus,
1811 3072 1886 3127 pane

227 3159 298 3212 rere,
323 3144 370 3218 qui
385 3160 435 3202 eos
448 3146 484 3202 de
497 3146 580 3203 exilio
594 3146 622 3202 ιιι
636 3148 747 3204 exitium
769 3156 903 3205 aternum
931 3154 1026 3221 posset
1087 3144 1211 3200 lectionis
1239 3152 1268 3201 et
1292 3143 1420 3201 orationis
1434 3144 1542 3203 incesse
1557 3154 1598 3202 est
1613 3162 1664 3202 nos
1678 3147 1813 3202 lassantes
1829 3145 1887 3202 ire·

214 3234 392 3306 ‘perducere
406 3234 523 3292 Publica
538 3237 639 3309 quippe
650 3238 701 3293 vioe
712 3237 940 3305 sunthomictdia,
952 3236 1030 3293 adul·
1044 3214 1068 3279 0
1083 3250 1199 3316 quanter
1212 3242 1367 3299 reficiamur
1381 3262 1391 3309 ,·
1413 3252 1441 3300 et
1461 3260 1496 3301 ne
1520 3244 1589 3302 torte
1614 3244 1780 3302 lubricantes
1796 3244 1888 3317 gradu

228 3324 308 3391 ‘elib
325 3323 406 3391 sulib
423 3326 552 3396 periuria.
568 3326 705 3395 Μῡῑθῑῐῐῑι
735 3326 850 3393 lumilb
875 3326 940 3398 quia
958 3343 1030 3398 l>ene
1084 3340 1217 3409 labamur,
1235 3356 1347 3399 norman
1363 3342 1442 3414 quasi
1458 3342 1592 3415 quandam
1611 3342 1744 3414 perticam
1771 3350 1886 3399 sauctus

230 3416 866 3488 ⁰¹¹¹¹¹0⁸⁰⁰l0fl¹¹¹²i¹¹⁰dlelhaesslilidlenlffl
882 3418 917 3473 “d
932 3417 1030 3473 interl·
1084 3437 1249 3496 Benedictus
1264 3455 1314 3512 per
1327 3438 1526 3514 longitudinem
1540 3440 1592 3497 viae
1607 3440 1731 3506 tetendit,
1752 3456 1805 3513 qua
1835 3456 1889 3497 su-

234 3510 290 3559 mm
306 3503 437 3571 ‘enduntl
455 3511 482 3560 οἱ
496 3506 542 3576 qni
557 3505 622 3560 Μὴ
635 3515 729 3579 ‘'gun'’
755 3506 880 3563 vid⁸¹¹¹⁰⁸
892 3506 1028 3564 wem
1086 3544 1249 3595 stentemur.
1268 3538 1318 3595 Cui
1345 3537 1369 3593 si
1397 3538 1459 3594 totis
1486 3538 1590 3595 viribus
1615 3538 1692 3594 inniti
1715 3539 1887 3605 curabimus,

230 3609 284 3667 que
297 3592 334 3649 ad
347 3600 462 3651 mortem
477 3594 590 3651 vadunt.
607 3595 728 3653 Occultre
743 3607 832 3654 autem
848 3597 953 3653 semitae
966 3603 1032 3655 suut

233 3683 365 3751 hareses,
389 3692 481 3754 sectae,
497 3684 567 3741 salsa
579 3685 697 3755 justicia,
713 3701 784 3742 rnna
799 3687 899 3760 gloria,
914 3686 1031 3743 simula-

232 3772 331 3843 tiones,
357 3789 434 3830 vanaa
457 3774 628 3841 traditiones,
650 3776 826 3833 immoderata
842 3777 959 3847 jeJuuia,
988 3777 1033 3831 iu-

234 3877 357 3937 congma
381 3873 445 3919 vota
466 3863 509 3922 vel
532 3864 664 3921 sacrificia
678 3865 706 3921 in
721 3866 873 3923 interdictis
895 3866 973 3931 locis,
989 3868 1034 3924 vel

228 3952 259 4007 iu
274 3952 528 4010 inconvenientibus
542 3954 613 4011 locis
628 3955 818 4012 conventicula
835 3974 841 4011 :
858 3956 924 4012 lieae
938 3955 989 4011 viae
1000 3954 1034 4009 ab

230 4040 387 4097 hominibus
402 4042 511 4114 quidem
528 4044 562 4117 til
574 4044 637 4115 3l0)
649 4044 732 4113 justae
751 4044 889 4110 videntur,
915 4045 963 4100 sed
987 4058 1035 4099 eo-

234 4145 292 4187 ram
316 4130 435 4187 Domino
451 4131 532 4188 malas
546 4141 620 4199 sunt,
636 4139 663 4188 et
677 4132 739 4189 ideo
754 4132 901 4189 novissima
920 4132 1030 4189 illarum

229 4219 264 4275 ad
282 4220 463 4293 perditionem
487 4220 601 4278 ducunt.
625 4220 679 4291 Qut
702 4236 750 4294 per
776 4224 829 4278 has
856 4221 1029 4296 gradiuntur,

1085 3634 1221 3693 inoffenso
1248 3636 1318 3708 pede
1336 3636 1443 3709 regiam
1458 3637 1597 3695 civitatem
1611 3652 1673 3695 eum
1688 3637 1824 3711 triumpho
1842 3638 1888 3693 in·

1087 3737 1231 3793 trahimus.
1248 3734 1338 3793 llultae
1351 3743 1443 3791 autam
1459 3744 1486 3793 et
1500 3736 1618 3793 diversa
1639 3736 1744 3795 semitas
1769 3736 1797 3791 in
1815 3737 1890 3793 hano

1088 3830 1158 3888 viam
1170 3831 1294 3899 tendunt,
1311 3846 1380 3905 quas
1395 3832 1481 3889 calles
1502 3832 1620 3903 justiciae
1646 3834 1839 3908 magisterium
1863 3841 1891 3890 et

1089 3929 1207 3985 studium
1224 3929 1388 3999 ostendunt,
1404 3946 1467 4003 quae
1481 3930 1589 4003 singula
1611 3947 1661 4002 per
1675 3948 1705 3987 se
1719 3932 1892 4005 gradientes,

1089 4025 1119 4082 iu
1132 4026 1203 4084 viam
1219 4026 1339 4083 caritatis
1360 4034 1387 4083 et
1408 4043 1458 4100 ρει
1476 4028 1547 4086 banc
1560 4028 1588 4084 in
1603 4044 1753 4101 supernam
1768 4029 1891 4103 patriam

1088 4123 1199 4182 ducunt.
1216 4124 1284 4180 Sunt
1306 4133 1396 4182 autem
1410 4124 1448 4181 hii
1462 4125 1547 4182 calles
1561 4124 1687 4200 utrinque
1702 4126 1730 4183 in
1745 4127 1892 4185 caritatem

1083 4221 1240 4280 tendentes.

551 4364 693 4426 Plurima
707 4371 888 4428 sanctorum
902 4374 975 4429 sunt
991 4368 1060 4431 haeo
1073 4366 1286 4430 moderamina
1302 4384 1437 4440 morum,

550 4457 614 4521 Per
628 4477 699 4539 quaa
713 4461 767 4541 qui
782 4466 929 4541 pergunt,
946 4463 986 4523 ad
1000 4462 1117 4541 gaudia
1132 4461 1242 4525 coelioa
1258 4468 1397 4524 vertunt.

267 4618 337 4693 ilinc
351 4616 455 4674 diaboli
471 4617 627 4691 abnegabo,
643 4617 707 4676 iude
721 4620 772 4678 Dei
785 4619 920 4679 adoratio.

265 4708 336 4765 ilino
365 4707 462 4764 mundi
491 4707 706 4779 abrenunciatio,
739 4710 803 4768 inde
835 4711 897 4768 vitae
924 4726 1032 4767 annun-

235 4798 331 4858 elatio.

267 4889 337 4945 llino
360 4887 454 4947 seculi
482 4886 657 4959 abalienatio,
672 4887 738 4945 inda
763 4889 863 4945 secreti
890 4890 1032 4962 amplexa-

235 4978 284 5037 tio.

267 5067 337 5125 Hinc
350 5066 415 5123 mali
430 5065 580 5136 abdicatio,
596 5065 660 5123 inde
673 5066 740 5123 boni
753 5068 925 5141 approbatio.

234 5140 246 5161 ⁶
266 5157 336 5214 ilinc
350 5156 410 5213 rari
425 5154 582 5225 affirmatio,
597 5155 664 5212 inde
676 5159 792 5213 errantis
806 5157 941 5214 avocatio.

237 5230 247 5249 ⁰
267 5246 341 5303 lliua
354 5246 410 5304 cibi
423 5244 599 5307 abstinentia.
615 5246 680 5301 iude
695 5246 759 5302 boni
773 5247 940 5319 appetentia.

267 5336 302 5408 (i·
317 5337 369 5393 tlt
386 5334 428 5407 va)
443 5334 513 5392 llius
523 5335 654 5391 virtutum
664 5334 814 5403 ntunentia,
823 5336 887 5396 inde
894 5337 1033 5396 bonorum

241 5425 438 5499 adipiscentia.

268 5515 338 5572 ilinc
351 5515 409 5572 voti
422 5514 559 5585 alacritas,
575 5513 639 5572 inde
653 5514 777 5586 ejusdem
788 5514 906 5589 agilitas.

269 5603 340 5660 ilinc
355 5602 525 5671 amabilitas,
539 5604 604 5660 inda
617 5604 776 5661 affabilitas.

271 5688 342 5748 ilina
356 5690 522 5764 adamatos,
536 5692 602 5753 iude
615 5692 781 5755 maritudo.

1042 4622 1068 4685 D
1119 4618 1189 4677 iiiuc
1202 4620 1357 4686 austeritas,
1374 4618 1439 4677 inde
1459 4620 1595 4677 anxietas.

1124 4710 1193 4766 ilino
1209 4708 1369 4775 admonitio,
1387 4708 1452 4765 inde
1466 4707 1591 4767 aldictio.

1123 4800 1198 4856 ilinc
1212 4796 1330 4865 affectio,
1347 4798 1413 4854 inde
1430 4798 1560 4868 abjectio.

1122 4888 1192 4945 ilinc
1205 4887 1344 4961 angustia,
1358 4886 1423 4944 iude
1440 4886 1556 4943 astucia.

1123 4977 1192 5034 ilinc
1206 4976 1342 5044 amicicia,
1353 4976 1419 5033 iuda
1435 4975 1610 5035 adminicula.

1122 5064 1192 5123 ilinc
1206 5065 1301 5122 mundi
1315 5064 1439 5133 ariditas,
1456 5065 1523 5121 inde
1546 5063 1724 5137 spiritualium
1751 5064 1897 5124 viriditas.

1123 5155 1193 5212 ilinc
1204 5154 1322 5221 bonitas,
1339 5154 1403 5211 inde
1420 5152 1586 5227 benignitas.

1122 5246 1192 5303 ilinc
1207 5243 1409 5310 beneficientia,
1424 5243 1490 5299 iude
1503 5242 1698 5301 benivolentia.

1122 5335 1191 5392 ilino
1205 5332 1371 5399 benedictio,
1387 5332 1451 5389 inde
1465 5330 1642 5390 beatificatio.

1122 5425 1192 5481 iiiuc
1206 5422 1359 5490 ειιιιιειιιο,
1375 5420 1440 5478 inde
1455 5420 1602 5478 consessio.

1122 5514 1196 5571 ilinc
1208 5511 1339 5587 cognitio,
1355 5510 1423 5567 inde
1436 5510 1575 5585 justorum
1590 5509 1774 5584 compunctio.

1123 5603 1193 5659 ilinc
1207 5600 1341 5669 contritio,
1358 5600 1422 5657 inde
1433 5600 1570 5671 justorum
1585 5598 1752 5671 conjunctio.

1124 5690 1193 5750 ltine
1206 5687 1374 5762 connotatio,
1387 5688 1452 5749 iuda
1467 5686 1629 5749 cumulatio.
