3942 6067
272 318 326 371 ‘ibi

519 283 526 300 “
613 314 762 371 nonoan
782 312 1036 370 ancusrnoun.
1058 311 1134 369 aar.
1158 313 1244 369 raas
1264 316 1314 369 ιιι.
1336 345 1369 356 -
1386 314 1586 373 ιιιιιιιειει.
1874 320 1925 375 raa

275 440 391 509 nulloin
406 438 466 497 loeo
481 437 572 511 hgitur
587 438 787 510 meliusculam
798 437 826 493 in
837 453 880 506 eo,
892 437 1071 492 ubisummus
1085 434 1113 494 Α
1128 443 1156 489 ut
1172 437 1257 508 quiin
1272 437 1426 509 captivitate
1439 449 1612 509 peccatoram
1628 440 1737 514 fuimus,
1758 460 1810 513 per
1832 462 1924 501 erem-

272 529 395 602 pontilex
420 528 552 587 laminam
577 543 696 593 auream,
721 526 822 598 inqua
848 524 985 597 sculptum
1014 533 1072 580 erat

274 634 374 675 noaren
390 618 439 673 Dei
455 616 603 683 ineffabile,
618 615 734 689 figebat.
754 614 826 670 Crux
845 631 905 671 cum
925 614 1072 671 chrismate

273 706 301 762 hl
315 708 386 779 qnod
402 706 545 763 coniicitur
559 722 593 761 ειι
608 705 669 762 oleo
693 712 720 761 et
744 705 878 759 balsamo.
905 704 957 759 Per
979 703 1071 759 oleum

274 797 345 851 nitor
359 795 511 865 charitatis,
530 810 579 867 per
593 794 745 849 balsamum
771 793 842 849 odor
866 791 945 848 bonae
968 791 1072 847 notitiae

273 885 434 957 acquiritur.

307 1010 418 1071 Litauiae
432 1026 493 1081 quae
517 1009 585 1063 liunt
605 1007 678 1066 circa
704 1007 887 1078 baptismum,
913 1004 1071 1078 significant

271 1100 482 1157 intercessiones
494 1104 647 1153 sanctorum
672 1111 721 1167 pro
745 1094 966 1152 renascentibus.
993 1094 1071 1148 tita-

271 1189 323 1245 nia
337 1188 444 1251 Graec,
461 1186 555 1241 Latine
568 1186 793 1257 supplicationes
808 1184 933 1241 dicuntur
950 1197 956 1237 :
968 1182 1070 1237 litaniae

271 1285 334 1334 ante
349 1282 452 1347 etpost
468 1274 634 1345 baptismum
656 1280 782 1345 aguntur,
808 1272 873 1344 quia
897 1272 924 1327 in
953 1270 1068 1327 circuitu

272 1366 345 1421 sedis
361 1365 408 1419 iris
423 1363 533 1435 legitur.
550 1362 635 1417 Sedes
651 1370 692 1416 est
716 1360 849 1425 Ecclesia,
880 1376 964 1431 super
986 1374 1069 1431 qnam

272 1455 403 1511 Dnnrlnns
419 1453 507 1505 sedet.
528 1450 610 1506 Color
624 1450 738 1520 jaspidis
754 1450 980 1521 aquaejudieium.
993 1449 1069 1503 color

269 1542 355 1597 sardii
368 1541 498 1609 judicium
514 1539 598 1610 ignis.
614 1538 727 1609 Septem
739 1539 879 1609 lampades
890 1546 952 1592 suot
963 1545 1068 1606 septem

273 1632 387 1702 Spirrtus
404 1629 465 1683 llei.
484 1628 690 1699 baptismusest
714 1643 788 1681 more
813 1626 937 1689 vitreum,
961 1625 989 1679 in
1014 1640 1068 1696 quo

1126 523 1172 595 pla
1192 526 1407 597 patriarcharum
1432 539 1605 584 revertamur
1622 547 1675 601 ρει
1697 531 1862 603 baptismum
1880 533 1916 588 ad

1126 621 1224 669 terram
1241 616 1471 686 repremissionis.
1495 616 1550 686 Qui
1573 617 1720 689 baptizant,
1742 630 1805 677 sant
1827 632 1920 693 patres

1126 703 1332 772 baptizatorum,
1348 705 1455 776 patrini,
1469 706 1563 761 ricarli
1572 722 1669 763 eorum
1679 710 1924 781 quibuscommen·

1124 791 1224 847 dantur
1239 810 1246 847 :
1262 800 1290 847 ut
1305 794 1436 866 quianon
1451 800 1528 851 vacat
1542 796 1721 868 presbyteris,
1736 800 1772 854 ab
1784 798 1853 872 ipsis
1867 801 1918 857 do-

1127 889 1255 936 oeanlm.

1160 996 1227 1052 Cum
1242 998 1403 1067 Agnaehei
1417 999 1450 1054 ad
1465 998 1587 1055 litaniam
1608 1000 1747 1074 incipitur,
1764 1005 1838 1061 cerei
1853 1022 1921 1061 nao-

1123 1085 1270 1157 pbytorum
1293 1087 1461 1157 incipiuntur
1485 1089 1542 1143 slve
1563 1090 1756 1160 incenduntur,
1782 1094 1844 1165 quia
1870 1110 1919 1163 per

1123 1171 1201 1228 illum
1215 1174 1308 1230 lumea
1321 1176 1457 1247 accipiunt
1471 1178 1516 1249 qui
1531 1178 1600 1234 tollit
1615 1189 1727 1250 peccata
1741 1182 1843 1239 mnndi.
1854 1183 1920 1239 Glo-

1122 1262 1167 1318 ria
1181 1264 1212 1318 in
1222 1265 1344 1321 excelsis
1359 1264 1459 1321 dicitur
1472 1266 1508 1320 ob
1522 1266 1640 1340 gloriam
1654 1268 1807 1327 Dominicae
1822 1288 1921 1327 resur-

1123 1351 1260 1418 rectionis,
1276 1361 1304 1408 et
1318 1354 1391 1425 qrria,
1408 1353 1436 1408 in
1459 1354 1558 1426 qulbus
1579 1356 1683 1411 habitat
1703 1359 1838 1423 diabolus,
1859 1361 1917 1428 jam

1122 1438 1250 1495 inhabitat
1267 1442 1381 1512 Spiritus
1396 1452 1520 1506 ennctns3
1537 1446 1588 1499 hae
1603 1454 1684 1499 sonat
1706 1447 1795 1501 oratio
1812 1466 1818 1502 :
1835 1448 1917 1515 beris,

1121 1530 1249 1602 gailanae
1260 1532 1486 1587 sacratissimam
1497 1537 1618 1598 tractent,
1631 1544 1683 1589 etc.
1694 1552 1701 1601 ;
1714 1535 1869 1591 similiteret
1880 1537 1922 1590 le-

1122 1619 1175 1673 ctio
1191 1636 1197 1672 :
1214 1620 1249 1675 Si
1263 1622 1487 1675 consurrexistis
1502 1636 1566 1677 carn
1579 1620 1699 1688 Christo,
1711 1632 1763 1679 ete.
1773 1642 1780 1691 ;
1792 1625 1896 1679 etialra
1911 1640 1920 1681 t

205 1710 208 1723 ’
273 1735 328 1775 non
344 1718 415 1772 alind
432 1718 537 1771 ιιιιειιιι
561 1717 680 1772 ειιιειιιιε
695 1730 775 1787 quarn
799 1715 871 1786 quod
893 1722 982 1786 gestat
999 1714 1066 1768 inte·
1124 1707 1406 1771 llortaienimestis,
1432 1717 1484 1765 etc.
1512 1709 1555 1763 Λιι
1578 1710 1730 1781 baptizatos
1751 1715 1869 1785 pertinet
1894 1714 1921 1768 in

273 1809 341 1863 rius.
365 1805 533 1877 Chrpstullus
556 1806 591 1861 de
614 1820 683 1877 ειριε
707 1804 735 1859 in
758 1803 875 1875 glaciem
898 1812 925 1857 ει
953 1802 1070 1873 lapidem
1085 1792 1112 1850 B
1127 1797 1251 1851 ,lllelnia
1263 1814 1269 1853 :
1282 1798 1471 1852 Misericordia
1486 1798 1609 1861 Doraim',
1626 1798 1654 1852 in
1676 1806 1763 1855 tractu
1786 1818 1793 1857 :
1818 1803 1922 1857 ceritas

274 1897 388 1952 uertitur
403 1894 561 1965 pretiosum,
578 1902 603 1948 ει
621 1893 747 1963 baptismi
764 1892 1006 1964 gratiabguratnr.
1017 1890 1068 1944 leis
1121 1884 1181 1953 ejas
1194 1883 1379 1955 praedicator.
1396 1886 1474 1941 Unde
1489 1894 1515 1941 et
1529 1884 1648 1941 Alleluia
1669 1889 1845 1959 praeponitur,
1867 1906 1921 1961 quo

273 1987 330 2041 sole
357 1984 443 2037 nnhes
458 1982 606 2037 irradiante
623 1981 661 2045 ht,
678 1991 702 2037 ει
718 1990 779 2050 ροει
802 1982 931 2037 diluvium
948 1980 1067 2050 primum
1121 1972 1203 2027 m0d0
1217 1972 1260 2027 hic
1274 1972 1470 2038 misericordia,
1486 1984 1583 2044 postca
1597 1975 1699 2031 rarius
1714 1976 1742 2030 in
1753 1978 1869 2046 indicio.

271 2073 470 2149 propitiationis
494 2072 601 2144 signum
628 2069 789 2125 intercessio
820 2079 861 2124 est
890 2078 1064 2132 sanctarum,
1157 2072 1269 2125 llebrrea
1284 2071 1378 2142 lingua
1393 2082 1433 2127 est
1449 2081 1535 2128 mater
1549 2082 1709 2129 ceterarum
1723 2074 1879 2147 linguarum
1895 2082 1922 2131 ει

270 2180 324 2235 qaro
342 2163 473 2217 Dominus
488 2160 603 2213 illustrat
618 2159 769 2215 Ecclesiam
784 2166 810 2213 et
826 2157 920 2213 ιιιιιιιιι.
934 2157 1066 2228 hesigaat
1120 2158 1247 2221 nobilior.
1265 2159 1361 2215 Latina
1381 2160 1491 2215 inferior
1506 2162 1620 2233 etquasi
1635 2160 1692 2217 hlin
1708 2180 1715 2217 :
1730 2164 1801 2218 unde
1827 2173 1852 2219 et
1876 2165 1922 2219 Αι-

269 2252 431 2321 smaragdus
447 2249 525 2304 viridi
541 2248 624 2318 lapidi
640 2248 745 2313 similis,
762 2248 812 2301 hos
827 2244 1066 2318 qrrlimmarccsei·
1119 2247 1209 2313 lclnia,
1226 2248 1296 2319 qnod
1313 2249 1457 2303 llehrmnm
1472 2257 1522 2313 est,
1538 2250 1706 2321 praeponitur
1721 2251 1777 2317 hic,
1794 2254 1869 2323 qaod
1890 2253 1919 2307 in

270 2340 316 2397 bili
332 2338 384 2395 lide
395 2346 510 2394 caeteros
524 2338 630 2394 orando
647 2344 799 2409 protegunt.
817 2335 899 2389 Trina
917 2334 1019 2389 mersio
1028 2333 1065 2387 si·

268 2428 378 2499 gnificat
394 2437 449 2482 tres
464 2426 522 2481 dies
538 2425 631 2481 mortis
649 2424 764 2485 bantini,
781 2423 826 2479 cui
844 2423 1063 2492 eartsepelimur;

266 2519 383 2575 elevatio
398 2518 431 2571 de
448 2530 529 2586 anna,
548 2514 618 2585 qarod
640 2529 702 2569 cum
719 2528 751 2567 ea
772 2512 953 2581 resurgimus.
980 2511 1064 2565 ‚albas

267 2618 357 2662 restes
373 2615 435 2661 octo
449 2604 546 2659 diebus
568 2611 678 2673 portant
693 2601 780 2656 cereis
804 2600 940 2657 accensis.
964 2601 1060 2653 Vestes

266 2697 363 2753 animae
379 2702 440 2749 snm
456 2706 569 2762 corpora
586 2700 688 2757 nostra,
701 2706 760 2760 quse
772 2689 872 2743 debent
887 2704 949 2743 esse
961 2688 1063 2741 menda

266 2795 291 2839 ει
306 2784 425 2840 eandida
441 2798 456 2835 a
473 2780 553 2835 malis
567 2778 685 2835 actibus.
706 2778 784 2833 Cerei
800 2778 908 2833 accensi
930 2784 970 2831 εει
986 2775 1063 2831 chari

263 2880 304 2927 tas
319 2872 346 2926 ia
362 2870 440 2926 bonis
456 2868 593 2937 operibus,
610 2884 660 2938 per
674 2874 736 2921 octo
751 2865 826 2933 dies;
844 2865 870 2920 id
886 2873 928 2920 est
939 2864 967 2919 ia
991 2879 1064 2919 nora

262 2960 333 3033 lega
351 2960 380 3014 ιιι
395 2958 514 3013 Sabbata
530 2964 662 3011 exeruntur
682 2955 739 3023 ipsa
762 2953 931 3017 vestimenta,
949 2952 1011 3024 quia
1035 2952 1062 3006 in

264 3049 307 3103 die
321 3048 411 3103 exitus
428 3046 525 3100 anima
541 3044 700 3107 Sabbatum,
727 3042 754 3097 id
773 3050 814 3097 est
837 3041 957 3113 requiem
982 3040 1059 3097 inve·

1119 2336 1224 2390 ceteris
1246 2336 1343 2391 oltieiis
1358 2353 1410 2391 non
1429 2338 1471 2391 ht.
1492 2338 1672 2410 Evangetium
1686 2341 1918 2397 resurrectionem

1119 2425 1215 2479 tllrrlsti
1230 2426 1263 2479 ad
1279 2427 1439 2481 memoriam
1456 2426 1572 2493 reducit,
1589 2436 1615 2482 et
1630 2428 1793 2501 angelorum
1817 2429 1852 2484 ad
1876 2429 1919 2484 le·

1120 2514 1206 2567 minas
1220 2514 1424 2569 allocutionem.
1445 2518 1513 2569 Ante
1529 2516 1710 2589 Eraragelium
1726 2533 1779 2572 non
1792 2526 1919 2588 portatur

1118 2601 1219 2668 lumen,
1236 2603 1285 2655 sed
1300 2603 1458 2673 thymiama,
1475 2603 1538 2674 qrria
1552 2605 1604 2659 hoc
1620 2606 1807 2661 tantummodo
1833 2606 1920 2661 obtu-

1117 2688 1206 2743 lerant
1222 2690 1359 2745 mulieres.
1376 2691 1453 2760 Qrad
1469 2692 1646 2763 offertorium
1662 2709 1717 2748 uon
1732 2702 1866 2759 cantatur,
1879 2696 1921 2749 si·

1116 2781 1227 2851 gnillcat
1244 2782 1378 2836 silentium
1398 2783 1828 2851 mulierum.Sanetnseantatur‚
1841 2786 1919 2855 quod

1117 2875 1158 2919 est
1173 2873 1267 2920 cantus
1280 2867 1452 2937 angelornm,
1467 2867 1531 2937 qrria
1551 2879 1777 2923 resurrectionem
1794 2870 1859 2941 ejus
1872 2886 1921 2924 an·

1117 2949 1170 3021 geli
1191 2950 1393 3004 nuntiaverunt.
1414 2952 1507 3022 Aprilis
1527 2953 1576 3006 Dei
1597 2950 1725 3007 reticetur
1759 2953 1825 3025 quia
1847 2971 1920 3024 pee-

1116 3047 1173 3093 cata
1197 3038 1290 3093 mundi
1310 3038 1407 3093 tollere
1427 3055 1480 3093 non
1509 3040 1684 3095 credebatur.
1708 3040 1845 3097 Sacerdos
1871 3042 1921 3115 qui

262 3138 358 3203 niunt;
375 3140 401 3189 et
425 3133 587 3189 vestimenta
610 3146 668 3195 ειιιι,
686 3130 713 3185 id
729 3138 768 3185 est
781 3130 952 3199 corporabie
963 3130 1059 3188 dimit·
1074 3140 1100 3204 0
1116 3138 1157 3181 εει
1177 3126 1293 3182 vicarius
1314 3126 1425 3195 Christi,
1442 3128 1551 3201 peragit
1565 3128 1697 3196 osticium,
1714 3131 1777 3202 qnia
1791 3130 1921 3185 Christus

262 3233 329 3293 lnrrt,
347 3233 374 3280 ut
388 3223 520 3293 recipiant
535 3221 581 3275 illa
594 3220 693 3274 iterum
717 3219 744 3272 in
764 3218 914 3274 novissimo
928 3218 982 3273 die.
1002 3220 1058 3273 Va·

260 3316 387 3370 alimenta
401 3312 554 3367 albatorum
569 3308 604 3363 ab
620 3307 687 3379 ipsis
713 3307 845 3377 portanda
861 3314 944 3372 sunt,
970 3308 1058 3365 donee

259 3405 365 3475 penitus
387 3408 592 3457 consumantur.
620 3396 745 3467 Duplicia
781 3402 844 3451 suat
879 3395 1055 3465 vestimenta;

258 3491 320 3563 quia
334 3489 434 3560 duplex
450 3485 634 3543 renumeratio
649 3484 751 3539 sanctis
767 3482 931 3555 promittitur
946 3483 974 3537 in
1001 3484 1058 3539 rita

189 3608 195 3617 ·
257 3589 369 3645 aeterna,
386 3579 413 3632 id
428 3586 469 3633 est
483 3576 611 3650 gaudium
632 3574 739 3639 arrimae,
765 3582 791 3628 ει
817 3573 904 3646 gloria
931 3572 1055 3629 incorru-

255 3668 359 3744 ptibilis
374 3667 508 3737 corporis.
527 3666 589 3719 Post
605 3662 769 3733 baptismum
794 3662 816 3715 si
832 3662 977 3733 polluimus
992 3678 1056 3719 cor-

257 3774 324 3830 pora
340 3764 440 3821 nostra,
457 3754 484 3809 id
509 3761 550 3808 εει
562 3760 654 3807 ιεειεε
668 3751 766 3807 arrirnae
778 3792 785 3817 ,
799 3750 872 3807 illico
895 3749 1056 3805 festinamus

256 3848 291 3904 ad
324 3846 474 3903 secundum
499 3842 642 3913 baptisma,
667 3839 759 3895 idest
787 3838 984 3910 prerritentlam.
1009 3840 1055 3893 ubi

255 3935 417 3991 mundamur
448 3930 636 4003 pergratiam
664 3927 833 3999 septiformis
861 3926 987 3999 Spiritus.
1007 3926 1055 3982 Se·

256 4034 329 4096 ptem
347 4024 381 4078 ad
396 4037 494 4077 nervam
510 4020 609 4091 legam,
619 4018 715 4072 decem
727 4016 888 4071 adcelerent
900 4016 1049 4085 pertinent.

256 4114 282 4169 Si
296 4114 390 4168 decem
407 4118 545 4179 praecepta
560 4124 609 4174 per
624 4105 811 4175 septilormem
823 4104 952 4175 Spiritum
964 4112 1054 4160 cristo·

257 4202 372 4264 aliamue,
390 4198 446 4251 Deo
469 4212 518 4267 ρει
541 4193 727 4249 obedientiam
750 4192 954 4261 conjungimur,
970 4209 984 4247 a
999 4207 1052 4263 quo

256 4306 306 4359 per
321 4284 531 4342 inobedientiam
545 4282 719 4342 recessimus,
730 4288 756 4335 et
772 4280 861 4349 ipsum
878 4296 982 4351 regem,
999 4281 1054 4335 Do-

256 4377 357 4430 minum
374 4381 497 4428 nostrum
512 4372 538 4424 in
555 4370 654 4425 decore
670 4386 719 4423 suo
735 4368 900 4423 videbimus.
920 4369 1053 4424 Undeillo

256 4446 374 4519 Sabbaio
388 4461 479 4515 linitur
496 4478 502 4513 :
519 4458 545 4512 in
561 4457 763 4529 septuagesimo
783 4472 897 4512 numero
921 4466 1050 4529 septena·

257 4553 310 4608 rins
325 4548 536 4622 septempliciter
549 4546 722 4617 decuplatur.

291 4683 497 4758 Septuageaima
519 4680 654 4755 siguificat
670 4690 775 4753 tempus
790 4682 855 4738 illud
870 4682 978 4754 quando
1002 4680 1051 4736 hlii

255 4786 341 4845 lsrael
356 4787 385 4841 in
400 4784 514 4855 AEgypto
533 4783 604 4838 lame
626 4790 651 4839 et
676 4782 806 4853 operibus
821 4782 897 4835 duris
912 4781 1051 4852 opprime·

255 4880 353 4935 bantur
366 4891 382 4929 a
397 4875 549 4937 Pharaone,
565 4880 591 4925 et
606 4887 655 4942 pro
666 4870 828 4927 liberatione
843 4885 893 4925 sua
904 4870 1051 4925 Dominum

252 4968 342 5022 Deum
357 4979 435 5018 snum
451 4960 626 5017 invocabant.
645 4958 723 5015 Paria
738 4968 834 5031 quarta
850 4959 877 5013 in
899 4958 988 5029 capite
1005 4959 1051 5026 le-

250 5054 320 5125 junii
335 5052 444 5124 qnando
456 5049 617 5121 lloysasisit
627 5046 744 5103 liberare
756 5064 814 5103 eos.
828 5046 1052 5119 Quadragasima

253 5143 321 5201 illud
336 5142 444 5213 quando
459 5139 546 5209 plaga
562 5136 638 5193 laetae
661 5144 723 5191 sunt
748 5136 775 5191 in
790 5136 920 5207 AEgypto.
947 5134 1051 5191 Pascha

255 5232 364 5305 quando
378 5234 560 5300 pervenerunt
575 5224 608 5279 ad
624 5240 697 5280 mare
713 5224 834 5280 Rubrum
849 5222 923 5295 quod
940 5220 1050 5295 signill-

253 5330 295 5378 cat
309 5318 485 5389 baptismum.
504 5314 682 5369 Transierunt
700 5329 748 5385 ρει
759 5314 900 5367 desertam
923 5311 975 5366 sub
995 5312 1050 5366 dn-

254 5409 332 5464 cibus
355 5403 486 5476 neophyti
515 5401 599 5457 nostri
628 5416 677 5473 per
700 5399 879 5473 quadraginta
905 5399 976 5465 dies,
998 5400 1051 5455 sub

254 5494 422 5567 presbyteris
437 5500 464 5548 et
480 5491 595 5562 patrinis
616 5489 795 5545 deducuntur.
825 5488 957 5544 Colnmna
980 5504 1050 5561 praa·

255 5582 336 5637 cessit
356 5582 487 5649 judaeos,
506 5594 601 5635 cereus
626 5578 787 5649 baptizatos.
810 5578 840 5631 ln
873 5576 993 5632 Sabbata
1013 5578 1050 5633 ad

256 5676 355 5725 terram
370 5666 588 5738 repromissionis
603 5665 777 5737 perveniunt.
792 5664 979 5737 Quadraginta
989 5666 1051 5723 duan

255 5756 414 5812 mansiones
427 5754 544 5811 liliorum
558 5753 645 5810 lsrael
652 5760 715 5809 sunt
721 5754 903 5828 quadraginta
912 5753 967 5811 duo
977 5754 1048 5823 dies,

1113 3216 1238 3285 apparuit
1253 3214 1297 3271 eui
1311 3216 1408 3271 voluit.

1223 3403 1291 3459 Cae.
1309 3402 1386 3458 Xlll.
1405 3434 1440 3443 —
1457 3404 1493 3460 lle
1504 3403 1639 3476 paschati
1654 3409 1794 3477 tempore.

1147 3540 1250 3595 Pascha
1266 3549 1292 3595 et
1305 3542 1465 3597 Pentecoste
1480 3542 1515 3597 (la
1532 3542 1679 3613 Scriptnris
1693 3542 1799 3599 soractis
1812 3543 1919 3601 lirinis·

1111 3629 1181 3685 sime
1196 3638 1330 3694 tenentur,
1346 3638 1371 3683 el
1386 3631 1610 3702 quadragesime
1623 3632 1684 3687 dies
1698 3635 1917 3703 antepaschaut

1110 3718 1308 3783 observentur,
1335 3720 1470 3776 Ecclesiae
1497 3721 1643 3776 consensio
1666 3721 1820 3777 roboravit.
1859 3724 1917 3780 Per

1109 3816 1171 3863 orto
1186 3807 1246 3862 dies
1271 3807 1364 3861 Pashee
1391 3816 1454 3863 octo
1478 3806 1569 3864 cilicia
1597 3808 1625 3863 in
1653 3810 1920 3867 commemoratione

1109 3898 1305 3967 neophytorum
1320 3894 1401 3951 hient.
1421 3897 1541 3951 Primum
1556 3898 1640 3952 hahet
1654 3898 1723 3953 duas
1746 3898 1859 3965 laudes,
1886 3900 1918 3955 id

1108 3993 1159 4050 est,
1177 3986 1303 4048 alietate,
1318 3985 1510 4053 confitemini,
1522 3994 1547 4040 et
1558 3992 1676 4041 tractum
1687 3984 1826 4054 Laudato,
1838 3998 1919 4044 ccta-

1108 4089 1171 4127 vum
1187 4074 1267 4128 habet
1282 4074 1337 4128 duo
1351 4072 1467 4129 Alleluia
1482 4092 1489 4127 τ
1507 4076 1567 4129 lice
1581 4078 1624 4131 εει
1649 4076 1718 4139 dics,
1736 4083 1764 4129 et
1776 4077 1911 4133 wedale

1106 4162 1198 4233 paeri,
1213 4162 1285 4233 qarod
1301 4177 1355 4216 non
1370 4160 1399 4217 lit
1424 4162 1451 4216 ia
1465 4163 1522 4218 ullo
1546 4162 1669 4217 Sabbata
1690 4177 1778 4234 usque
1792 4164 1829 4220 ad
1841 4165 1917 4222 Pen-

1108 4258 1239 4305 tecosten.
1256 4250 1309 4305 Sex
1322 4250 1413 4305 media
1425 4252 1528 4306 habent
1544 4252 1728 4322 Responsocia
1743 4252 1916 4309 etAlleluia.

1108 4340 1196 4394 Prima
1224 4338 1278 4393 vita
1298 4354 1351 4394 non
1376 4340 1421 4395 init
1442 4340 1606 4410 sempiterna
1628 4340 1763 4413 peccanti,
1794 4342 1916 4413 requies

1105 4427 1202 4482 ultima
1216 4427 1382 4497 sempiterna
1406 4436 1447 4484 ast
1462 4428 1613 4500 paenitenti.
1634 4428 1754 4485 Octavus
1776 4428 1841 4484 dies
1865 4436 1913 4483 est

1029 4498 1089 4559 '¹⁰
1105 4517 1150 4587 qui
1166 4516 1278 4585 primus,
1296 4516 1334 4570 ita
1358 4518 1444 4587 prima
1468 4518 1531 4583 rita,
1548 4516 1598 4572 sed
1613 4524 1720 4572 aeterna
1735 4517 1790 4573 rita
1805 4517 1913 4573 reddi-

1104 4614 1155 4660 tur.
1171 4604 1238 4673 Quia
1255 4604 1340 4659 adam
1355 4604 1444 4676 primo
1458 4605 1540 4661 vitam
1556 4605 1658 4671 babuit,
1685 4604 1807 4661 Alleluia
1827 4606 1909 4661 cani·

1104 4702 1162 4760 ιιιι;
1179 4703 1205 4749 ει
1219 4694 1281 4765 quia
1296 4709 1350 4748 non
1365 4692 1416 4747 init
1430 4692 1606 4765 sempiterna,
1622 4695 1738 4751 Tractus
1760 4694 1914 4766 aequitum

1104 4789 1133 4837 ut
1156 4783 1183 4837 ia
1214 4782 1308 4853 lingua
1332 4782 1468 4837 humiliori
1486 4782 1625 4839 humilitas
1651 4782 1812 4853 posterioris
1844 4784 1914 4839 sitas

1103 4871 1275 4927 recordatur.
1290 4870 1388 4927 Adhuc
1405 4870 1534 4942 neophyti
1548 4870 1575 4925 in
1590 4870 1817 4943 peregrinatione
1832 4878 1916 4939 sant,

1103 4962 1132 5015 in
1146 4975 1201 5031 qua
1215 4968 1306 5015 tamen
1321 4960 1409 5014 Deum
1423 4959 1536 5014 laudare.
1557 4958 1668 5026 debeat,
1685 4959 1749 5031 quia
1773 4960 1916 5031 redempti

1104 5057 1176 5104 sunt.
1192 5047 1311 5119 bequies
1323 5047 1428 5113 ultima,
1443 5062 1505 5118 quas
1520 5046 1644 5103 redditur
1663 5047 1692 5101 in
1706 5048 1823 5119 septima
1850 5048 1914 5119 die,

1104 5145 1130 5192 et
1144 5134 1286 5207 perficitur
1299 5134 1327 5190 ia
1342 5144 1449 5201 actara,
1465 5134 1527 5207 ipsa
1542 5136 1623 5191 habet
1633 5135 1834 5206 sempiternam
1843 5137 1917 5192 bea-

1107 5225 1270 5280 titudinem:
1287 5231 1432 5296 propterea
1450 5224 1479 5279 ia
1500 5225 1615 5295 septima
1629 5224 1685 5290 die,
1701 5231 1729 5280 at
1744 5232 1847 5280 actara
1866 5226 1918 5281 die

1105 5316 1161 5370 duo
1175 5313 1290 5370 Alleluia
1304 5321 1449 5370 cernamur
1461 5330 1469 5381 ;
1483 5314 1604 5384 ριιιιιιιιιι
1618 5314 1684 5385 qaia
1697 5314 1756 5369 vita
1770 5314 1917 5384 redditur,

1103 5403 1254 5459 secundnm
1267 5401 1330 5474 ignia
1343 5401 1511 5472 sempiterna
1525 5410 1577 5457 est.
1599 5402 1718 5457 Alleluia
1741 5402 1815 5467 ideo,
1841 5403 1916 5476 qnia

1103 5492 1227 5547 omnium
1243 5490 1399 5563 linguarum
1414 5490 1563 5563 gloriosior
1582 5498 1624 5546 est
1639 5489 1734 5560 lingua
1757 5490 1914 5548 Hebraica.

1104 5580 1253 5637 Dominicis
1268 5579 1376 5635 duobus
1386 5580 1441 5634 duo
1456 5578 1570 5635 Alleluia
1585 5584 1741 5635 cantantur.
1758 5577 1819 5634 Duo
1834 5590 1917 5647 sunt,

1103 5668 1176 5726 unde
1188 5668 1280 5724 anima
1293 5666 1322 5721 in
1337 5667 1452 5739 septima
1468 5668 1525 5733 die,
1540 5668 1567 5722 id
1590 5676 1633 5723 εει
1645 5666 1675 5721 in
1689 5668 1793 5739 eequis,
1812 5668 1921 5725 laudat

1102 5760 1191 5814 Deum
1205 5774 1214 5824 ς
1228 5771 1315 5812 unum
1328 5755 1363 5813 da
1375 5763 1506 5827 percepta
1519 5754 1614 5813 laetitia
1627 5755 1691 5813 vite
1703 5756 1837 5828 perennis
1849 5775 1858 5812 ε
1869 5758 1918 5814 al-
