3942 6067
231 282 282 351 aas

572 272 719 329 concurr
738 265 989 326 ncctstchcn'.
1009 262 1088 318 ιιι.
1107 249 1244 322 ιιιιίι.
1265 299 1300 312 -
1312 260 1541 326 annueram.

1826 273 1879 331 icc

231 401 385 475 coniugati,
409 407 436 455 et
457 395 575 471 negotiis
595 394 774 452 sacularibus
797 407 848 464 pro
863 387 1066 466 necessitateA
1083 388 1169 445 stolos
1197 390 1353 458 adductam,
1371 391 1506 460 Christus,
1529 395 1586 450 lien
1609 395 1705 468 gloriae
1717 397 1745 452 in
1764 398 1877 454 domum

230 490 365 562 occupati,
382 496 508 545 ettamen
525 483 706 555 eleemosinis
720 482 825 538 intenti.

262 604 380 660 Dubium
408 604 510 674 dogma
533 597 758 670 philosophorum
773 597 909 662 deseram,
934 601 961 650 et
989 593 1023 648 ad

167 761 168 764 Ἴ
227 701 331 750 certam
346 691 560 746 Christianorum
575 687 728 742 doctrinam
742 703 787 742 me
804 691 972 742 convertam.
989 683 1024 736 Et

227 783 261 838 ab
271 781 313 837 bis
329 781 373 854 qui
394 787 454 834 strnt
469 777 496 832 in
511 775 724 847 contemplativa
744 775 810 844 vita,
826 781 853 830 et
867 773 902 829 ab
919 772 962 827 bis
976 771 1022 844 qui

131 903 134 908 ·
227 877 289 926 sunt
309 870 338 924 iu
358 866 447 924 activa
461 865 514 920 vita
530 864 634 920 discam
653 863 717 935 quid
738 861 913 934 potissimum
926 861 952 917 ei
965 860 1022 932 pla·

154 964 156 970 '
225 965 293 1023 caat,
323 971 403 1028 quem
427 971 485 1026 prae
513 951 638 1010 omnibus
663 951 752 1025 diligit
776 951 869 1006 anima
890 965 963 1015 mea,
992 949 1021 1004 id

223 1055 265 1104 ast
278 1044 410 1102 naturalis
425 1042 507 1099 ratio.
526 1043 596 1098 Nam
610 1041 656 1097 diu
672 1040 785 1112 quaesivi
798 1040 885 1108 illurn,
901 1039 978 1111 prius
992 1038 1019 1092 in

220 1133 321 1192 scholis
338 1131 520 1196 secularium,
541 1137 569 1186 et
583 1145 637 1186 nou
651 1129 742 1186 inveni
756 1127 829 1199 apud
842 1128 903 1183 illos
918 1135 1020 1184 cartam

219 1223 293 1280 viam
321 1220 454 1278 veritatis.
488 1217 609 1274 Tandem
637 1233 680 1273 me
703 1217 741 1274 ita
755 1216 901 1290 diligenter
919 1232 1018 1272 verum

220 1312 441 1382 investigantem,
454 1315 481 1364 et
495 1307 602 1364 beatam
622 1306 706 1362 vitant
721 1306 924 1362 desiderantem
941 1305 1018 1361 inve-

220 1407 321 1457 nerunt
334 1415 379 1455 me
394 1395 501 1469 vigiles,
518 1395 834 1466 scilicet,praedicatores
848 1393 965 1466 apostoli
982 1394 1017 1449 ad

219 1487 373 1546 docendum
397 1485 492 1557 parati,
522 1484 592 1540 sicut
619 1483 774 1539 Cornelium
796 1485 903 1549 Petms,
920 1483 1016 1538 Eunu-

219 1579 299 1632 chum
325 1575 474 1645 Philippus,
504 1572 664 1643 llionysium
689 1571 799 1636 Paulus,
815 1573 865 1644 qui
888 1571 973 1628 verbo
989 1579 1015 1626 et

156 1730 164 1738 ¹
219 1663 347 1734 exemplo
371 1662 487 1718 sollicite
515 1661 680 1717 ιιιιιιιιιιιι
703 1662 859 1724 ciuitatem,
889 1659 1016 1714 videlicet

1080 474 1144 532 ctiae
1164 479 1325 545 Pharaonis,
1341 480 1426 536 idest
1442 481 1470 535 in
1485 479 1567 538 finem
1583 484 1729 555 primitivae
1742 485 1877 542 Ecclesiae

1080 565 1240 635 introduxit,
1268 576 1295 623 et
1320 569 1347 623 in
1362 568 1491 626 cubiculo
1505 571 1574 639 ejus,
1590 572 1694 629 scilicet
1706 573 1735 628 in
1749 583 1875 631 contem-

1079 652 1182 724 plativa
1195 655 1249 710 vita
1265 672 1282 712 a
1299 657 1418 713 tumultu
1439 659 1533 716 saeculi
1547 661 1720 732 requiescere
1734 663 1836 730 docuit,
1849 673 1876 721 et

1077 756 1112 796 ne
1126 742 1188 814 quis
1202 744 1273 802 hunc
1290 744 1361 802 lucri
1378 761 1462 803 causa
1481 748 1515 802 ad
1534 749 1664 806 saeculare
1685 751 1823 824 negotium
1839 753 1875 808 ab

1075 830 1126 886 hac
1141 832 1232 903 quiete
1254 833 1395 906 inquietet,
1423 851 1474 906 per
1502 837 1665 908 prophetiae
1683 845 1710 895 ιι
1724 840 1875 910 apostolica

1075 919 1177 990 scripta
1190 921 1327 992 probibet.
1343 924 1416 980 Ecce
1438 923 1527 980 bouus
1539 933 1634 996 pastor
1647 941 1792 985 erroneum
1806 945 1874 1002 gre-

1074 1027 1138 1084 gem
1165 1013 1201 1068 ad
1228 1014 1300 1072 ovile
1323 1017 1403 1070 suum
1430 1016 1550 1085 adduxit,
1579 1026 1607 1074 ιι
1625 1019 1678 1075 sub
1694 1036 1748 1076 uno
1762 1029 1873 1092 pastore

1073 1115 1157 1156 unum
1170 1101 1242 1159 ovile
1251 1102 1327 1160 iecit.
1341 1103 1408 1161 ideo
1417 1113 1506 1161 autem
1522 1106 1683 1174 versiculus,
1693 1109 1800 1178 Adjuro
1810 1126 1873 1178 vos,

1072 1186 1135 1245 iiliae
1147 1189 1309 1258 Jerusalem,
1324 1190 1352 1246 in
1366 1193 1472 1249 cantico
1492 1194 1595 1250 amoris
1615 1196 1756 1267 repetitur,
1772 1207 1871 1253 utnon

1072 1277 1204 1334 minorem
1215 1295 1245 1335 se
1259 1279 1395 1337 Dominus
1407 1282 1541 1339 Ecclesiae
1554 1283 1726 1357 degentibus
1741 1287 1870 1359 quamde

1071 1364 1175 1422 Judaeis
1202 1367 1346 1426 collectam
1360 1385 1456 1427 curam
1481 1372 1584 1428 babere
1607 1373 1804 1446 sedaequalem
1819 1391 1871 1446 pro

1071 1450 1213 1524 utriusque
1226 1468 1298 1523 paca
1311 1453 1524 1512 sollicitudinem
1538 1471 1638 1529 gerere
1652 1457 1791 1531 designet.
1806 1461 1869 1516 Nou

1066 1539 1143 1593 enim
1158 1540 1250 1596 minus
1261 1542 1421 1614 haecregina
1433 1545 1518 1600 austri
1533 1545 1639 1616 capitur
1651 1561 1747 1602 amore
1761 1548 1867 1619 sponsi,

1070 1645 1153 1699 «rtrum
1168 1629 1255 1701 prima
1269 1617 1357 1687 amica
1372 1633 1406 1688 de
1416 1633 1531 1690 ludaeis.

218 1752 383 1819 Ειιῑιὲἰιῐΰι
404 1766 439 1806 ne
458 1751 550 1804 h⁰⁵¹<³³
565 1750 714 1814 daefflffilesi
737 1748 780 1804 vel
801 1747 920 1804 hfflsefiei
935 1748 1013 1802 ⁰¹³⁰·
1028 1737 1055 1797 B
1103 1769 1228 1826 Ecclesia
1239 1771 1338 1828 dormit
1351 1789 1414 1828 cum
1429 1775 1520 1846 quiete
1534 1777 1757 1847 contemplationi
1772 1789 1861 1846 vacat,

216 1842 277 1898 culo
296 1841 457 1910 irrumpant,
477 1847 503 1893 et
519 1836 637 1910 aliquem
660 1837 694 1892 de
710 1837 815 1893 civibus
831 1837 970 1892 incautum
987 1837 1015 1891 in

215 1931 305 1986 anima
319 1929 465 2002 perimant.
481 1927 557 1996 Quos
572 1926 742 1998 interrogavi
758 1926 866 1981 dicens.

253 2047 325 2101 dunt
337 2061 418 2116 quarn
433 2041 635 2113 diciplinarum
649 2056 710 2095 trien
724 2039 857 2096 vidistis?
873 2038 955 2104 Quasi
971 2037 1013 2094 di·

213 2143 255 2190 cat
269 2133 367 2206 legatis
383 2131 457 2203 regis
472 2145 521 2200 pro
536 2145 566 2184 se
590 2128 681 2183 missis
697 2147 702 2182 :
730 2127 813 2198 Apud
834 2127 1012 2198 philosophos

212 2224 286 2280 cives
302 2239 377 2278 meos
393 2219 515 2292 quaesivi,
535 2225 562 2272 et
575 2233 630 2272 non
651 2216 762 2279 inveni;
779 2231 828 2272 vos
843 2224 934 2271 autem
948 2215 1011 2270 Sal-

214 2320 335 2366 valorem
359 2308 454 2364 mundi
468 2305 633 2362 annuntiatis
647 2303 722 2372 mibi,
746 2320 827 2377 quem
842 2319 903 2360 cum
919 2304 1010 2360 homi-

213 2401 295 2454 uibus
310 2405 501 2454 conversatum
511 2393 627 2449 vidistis.
640 2395 711 2448 Num
725 2394 805 2448 etiam
819 2392 908 2448 oculis
918 2392 1010 2448 cordis

212 2486 327 2559 gloriam
353 2483 507 2558 ntaJ'estatis
518 2483 576 2552 ejus
590 2481 720 2537 vidistlsl
734 2481 833 2537 Dicunt
847 2480 899 2551 ipsi
910 2480 1009 2551 paulu·

211 2576 277 2631 lum.
303 2576 374 2630 Nem
395 2573 512 2630 vidimus
528 2587 589 2627 eum
605 2585 692 2628 caecos
708 2569 916 2634 illuminantem,
933 2585 1007 2625 ruor-

210 2672 271 2720 tnos
286 2664 472 2727 suscitantem,
487 2670 512 2716 ct
527 2660 554 2714 in
574 2667 666 2715 monte
688 2658 777 2731 gloria
791 2658 901 2714 deitatis
923 2666 950 2712 nt
965 2657 1007 2712 sol

209 2753 372 2809 radiantem.
389 2751 440 2822 Epo
455 2753 552 2804 nutent
565 2747 632 2804 dum
647 2748 866 2820 pertransissent
877 2761 932 2810 eos,
951 2746 1007 2802 hoc

209 2847 333 2906 ost,cum
349 2855 398 2910 per
419 2836 570 2893 doctrinam
593 2851 689 2892 eorum
715 2835 749 2890 de
777 2834 894 2890 terrenis
914 2841 1005 2889 mente

208 2929 369 2984 transissem
384 2927 418 2980 ad
433 2924 564 2992 coelestia,
588 2925 686 2978 inveni
703 2923 730 2976 in
749 2923 902 2994 aequalitate
919 2922 1005 2977 Patris

208 3027 340 3084 sponsum
348 3025 448 3076 meum,
461 3009 582 3064 Verbum
597 3023 646 3079 per
656 3006 729 3078 quod
744 3005 887 3063 factasunt
902 3006 1002 3073 bmuia,

1068 1863 1132 1913 tuuc
1155 1875 1221 1915 vero
1242 1861 1363 1934 evigilat,
1387 1878 1449 1918 cum
1463 1863 1525 1918 aliis
1540 1865 1625 1922 rerbo
1640 1875 1666 1920 ιι
1681 1867 1809 1938 exemplo
1824 1870 1866 1924 vi-

1066 1951 1122 2000 tam
1145 1956 1274 2003 eternam
1288 1950 1425 2020 praedicat,
1450 1958 1480 2006 ut
1494 1952 1539 2006 lux
1562 1954 1622 2022 ejus
1636 1969 1729 2010 coram
1743 1956 1866 2011 homini-

1066 2033 1118 2088 bus
1132 2034 1229 2102 luceat,
1239 2045 1267 2091 ut
1280 2037 1404 2094 videntes
1420 2055 1503 2111 opera
1513 2041 1571 2110 ejus
1586 2041 1862 2114 glorissceutl‘ntrem

1064 2121 1092 2177 in
1108 2122 1185 2180 coelis
1199 2125 1309 2192 (hatti,
1330 2144 1356 2192 v,
1374 2129 1428 2197 lli).
1446 2129 1544 2184 Anima
1563 2146 1632 2186 vero
1648 2130 1734 2187 fidelis
1748 2133 1860 2200 dormit,

1064 2225 1126 2266 cum
1141 2228 1199 2268 sea
1219 2213 1374 2271 carnalibus
1391 2215 1537 2272 desideriis
1548 2218 1661 2274 alienat.
1680 2221 1756 2277 Tunc
1770 2230 1860 2278 autem

1064 2299 1184 2372 evigilat,
1200 2317 1262 2358 cum
1283 2303 1363 2359 bouis
1378 2305 1509 2376 operibus
1528 2306 1561 2361 ad
1578 2307 1712 2365 visionem
1729 2310 1863 2366 Condito-

1062 2387 1099 2442 ris
1122 2398 1264 2460 properat.
1293 2390 1420 2448 Ecclesia
1442 2401 1531 2449 autem
1547 2397 1733 2469 peregrinans
1750 2399 1863 2467 dormit,

1062 2491 1123 2532 cum
1138 2486 1246 2533 mortuo
1261 2493 1378 2550 corpore
1395 2482 1422 2535 in
1442 2483 1576 2555 sepulcris
1597 2486 1723 2556 quiescit,
1747 2494 1776 2542 ut
1790 2489 1862 2545 scri-

1061 2564 1133 2619 bitur
1148 2566 1354 2628 mammerti
1365 2570 1693 2642 dilactiasuiaecmnum,
1706 2591 1768 2632 ecce
1777 2577 1863 2633 terc-

1061 2652 1137 2708 ditcs
1150 2653 1263 2710 Domini
1288 2658 1376 2725 (Paul.
1392 2673 1492 2729 cxxvi,
1504 2661 1542 2727 Ξ).
1556 2662 1635 2718 Τιιι
1654 2679 1719 2719 vero
1732 2666 1860 2736 evigilat,

1059 2755 1122 2796 cum
1136 2741 1165 2796 in
1176 2742 1220 2798 die
1231 2743 1326 2812 judicii
1345 2755 1478 2818 resurget,
1495 2754 1522 2803 et
1536 2763 1652 2820 regnum
1667 2750 1720 2806 sibi
1733 2751 1767 2806 ab
1782 2751 1860 2810 initio

1057 2838 1179 2899 paratum
1199 2831 1332 2903 percipiet
1342 2833 1418 2902 juxta
1444 2835 1577 2892 moralem
1597 2853 1717 2907 sensum,
1743 2838 1860 2896 lectulus

1056 2925 1099 2972 est
1112 2919 1231 2974 carnalis
1246 2921 1382 2991 voluptas,
1398 2923 1426 2976 ia
1440 2940 1493 2995 qua
1508 2927 1666 2998 requiescit,
1683 2927 1771 2999 quiin
1785 2929 1856 2984 deli-

1056 3005 1106 3062 ciis
1121 3007 1214 3064 seculi
1226 3008 1368 3065 vivit.Non
1379 3026 1442 3067 vero
1452 3021 1493 3066 est
1504 3028 1586 3079 rnors,
1596 3015 1705 3070 dicente
1716 3016 1832 3074 Domino
1846 3037 1853 3072 :

208 3115 289 3171 quem
305 3098 398 3170 diligit
413 3099 511 3152 cirinen
539 3111 611 3158 mcc,
631 3093 695 3166 quia
709 3094 767 3164 ipse
781 3092 892 3148 dilectio
907 3100 933 3148 ct
948 3093 1003 3148 vita
1018 3089 1042 3152 C
1063 3095 1217 3162 Vehilius,
1228 3113 1293 3153 cum
1307 3114 1389 3154 ιιιιι
1405 3104 1499 3172 potest
1512 3104 1624 3174 operari
1634 3103 1729 3172 (lonii.
1749 3120 1789 3172 tx,
1806 3106 1848 3176 l).

207 3195 262 3244 est.
280 3188 367 3244 Tenui
377 3202 451 3248 cerm,
463 3183 637 3239 inventumin
653 3179 775 3248 fidenae
786 3182 931 3237 dimittam
941 3198 1003 3237 enm

206 3277 377 3348 operatione,
396 3289 449 3346 pro
462 3273 550 3344 aliqua
567 3270 751 3338 tribulatione,
769 3272 857 3327 rlcrtec
870 3271 1005 3327 introdu-

206 3367 373 3430 camillum,
381 3378 441 3417 mea
449 3360 640 3433 predicatione
648 3363 679 3414 in
690 3361 804 3416 domurn
812 3361 914 3414 metris
924 3377 1001 3425 vnete,

205 3455 233 3508 id
245 3461 287 3510 ιιι
303 3453 328 3506 in
344 3451 481 3506 nationem
497 3449 630 3520 gentium,
643 3453 669 3503 ιι
680 3449 709 3503 in
718 3448 1002 3518 enhicnlnntgenitri·

206 3545 247 3599 cis
265 3557 344 3606 rnen,
373 3540 426 3595 boc
449 3547 492 3593 ιιι
509 3538 535 3590 in
551 3537 664 3609 patriam
688 3535 840 3607 gentilium,
857 3544 885 3590 nt
906 3552 1002 3592 omnes

205 3629 318 3686 credant
332 3627 359 3682 iu
374 3627 460 3682 illum.
481 3625 529 3681 l'cl
543 3633 629 3681 mater
643 3633 684 3680 est
699 3625 856 3698 synagoga,
870 3641 930 3695 que
946 3626 1000 3680 Ee·

202 3718 313 3776 alesiam
327 3715 448 3791 gentium
470 3731 519 3786 per
534 3713 614 3769 fidem
632 3713 734 3786 gennit,
756 3713 832 3781 cujus
847 3713 945 3768 domus
959 3721 1002 3768 est

201 3808 304 3870 ludant,
328 3806 356 3860 in
375 3821 426 3877 qua
442 3805 471 3858 in
493 3802 547 3858 line
562 3802 655 3856 mnndi
671 3802 723 3856 sub
738 3801 904 3856 Antichristo
919 3800 1001 3858 colli-

201 3904 282 3969 getur
298 3896 455 3966 synagoga.
472 3893 500 3946 ln
516 3892 595 3960 liujus
610 3890 707 3945 matris
720 3889 830 3944 domum
852 3889 1001 3944 introducit

201 3984 327 4042 Ecclesia
345 3999 395 4055 per
407 3981 488 4038 tidem
503 3980 642 4045 dilectum,
659 3984 687 4033 ut
701 3978 790 4033 omnis
806 3977 888 4032 lsrael
904 3977 999 4032 salvus

202 4072 259 4128 liat.
278 4071 485 4128 Convertuntur
495 4069 568 4124 enim
579 4069 615 4123 nd
627 4081 781 4138 vesperam,
793 4066 847 4121 hoc
856 4073 896 4121 est
909 4065 936 4118 in
946 4063 999 4120 line

202 4158 307 4224 mundi,
320 4164 347 4215 et
362 4163 468 4230 tantem
478 4155 555 4212 verbi
565 4153 996 4226 Deipoticnlttrcicanesffcnl.

200 4263 277 4312 cvnt,
295 4248 331 4316 Ἴ),
348 4253 374 4302 ιι
388 4245 543 4302 circuibunt
565 4242 712 4306 civitatem,
729 4240 756 4294 id
771 4247 814 4295 ιιι
829 4239 995 4310 Ecclesiam,

198 4343 228 4390 ut
241 4333 352 4390 audiant
366 4349 383 4388 a
397 4329 557 4387 Christianis
567 4329 681 4384 verbum
692 4327 801 4384 salutis.
821 4327 944 4383 Genitrin
956 4337 997 4384 est

198 4422 299 4488 nutrix,
315 4430 342 4477 et
355 4420 517 4494 intelligitur
535 4419 588 4484 lex,
601 4433 662 4489 quae
683 4432 732 4472 suo
746 4415 816 4472 lacte
827 4417 911 4472 nutrit
922 4415 994 4474 filios
1008 4442 1035 4503 D

198 4511 338 4577 Ecclesiae,
355 4510 431 4579 cujus
446 4507 600 4564 cubiculum
617 4513 659 4562 est
673 4505 824 4561 Jerusalem
843 4506 887 4563 vel
909 4507 994 4562 corda

196 4599 331 4655 fidelium.
360 4597 390 4652 In
411 4595 568 4653 cubiculum
583 4593 724 4668 genitricis
739 4594 853 4650 dilectus
877 4595 995 4662 ducitur,

197 4683 306 4756 quando
322 4680 444 4738 Christus
458 4697 507 4752 per
523 4680 614 4752 legem
624 4678 809 4734 inlernsalem
818 4679 991 4750 predicatur,

195 4781 222 4828 et
235 4772 263 4826 in
274 4771 356 4827 corde
371 4786 451 4827 verus
465 4769 538 4824 Deus
553 4767 681 4824 creditur.
699 4767 847 4839 Postquam
859 4783 906 4822 rex
920 4766 991 4838 regi-

194 4877 258 4916 nam
276 4860 365 4916 Austri
379 4859 405 4914 in
420 4858 531 4914 domum
543 4856 605 4912 tiliae
624 4855 774 4912 Pharaonis
786 4856 821 4910 ad
837 4855 992 4912 convivium

192 4948 351 5014 introduxit,
376 4962 436 5004 earn
462 4946 542 5001 etiam
566 4945 594 4999 in
610 4943 736 5000 eubiculo
758 4945 826 5014 ejus,
846 4951 942 5014 utputa
956 4944 991 5000 de

188 5039 289 5094 itinere
303 5037 405 5092 lassam
421 5035 595 5107 requiescere
610 5033 682 5100 iecit,
699 5037 727 5088 ιι
742 5049 776 5088 ιι
791 5032 851 5104 quis
865 5032 988 5090 hancin-

194 5128 304 5200 quietet,
316 5124 454 5180 interdicit
469 5123 576 5179 dicens.

227 5271 315 5326 Vens.
330 5271 359 5325 i.
378 5299 412 5310 -
429 5269 532 5341 Adiuro
545 5284 599 5332 ιιι,
610 5267 679 5336 cilice
696 5266 863 5332 Jerusalem,
873 5282 925 5337 per
936 5283 987 5321 cc·

186 5375 271 5430 prens
282 5373 428 5430 cervosque
438 5371 614 5430 camporum,
627 5369 663 5410 nc
669 5353 822 5418 suscitetis,
833 5369 923 5425 neque
931 5355 987 5408 ιιι-

190 5447 279 5516 pilare
295 5447 410 5514 sochttia
429 5443 574 5507 dilectam,
591 5439 678 5498 donec
694 5442 757 5513 ipsu
771 5439 852 5496 velit.
872 5441 931 5496 lloc
946 5440 984 5496 ita

186 5532 345 5604 intelligitur
360 5533 394 5588 de
405 5531 526 5588 Ecclesia
537 5530 669 5604 gentium,
685 5537 713 5584 ut
724 5529 800 5600 prius
815 5529 849 5585 de
857 5528 982 5586 Ecclesia

185 5621 350 5677 lttdreornm.
374 5619 526 5676 Ecclesiam
539 5619 638 5691 quippe
660 5618 836 5688 degentibus
850 5635 898 5690 per
912 5635 980 5689 apio-

1057 3183 1088 3238 In
1101 3183 1175 3239 lecto
1185 3201 1253 3257 ergo
1262 3202 1313 3257 per
1326 3195 1436 3243 noctem
1451 3189 1538 3244 Deum
1554 3191 1661 3261 querit,
1673 3192 1718 3263 qui
1734 3193 1852 3249 carneli·

1058 3279 1102 3326 ter
1116 3271 1221 3338 vivens,
1241 3274 1400 3332 imminente
1422 3285 1519 3343 morte,
1535 3277 1660 3335 inducias
1682 3281 1744 3336 vitre
1760 3297 1776 3338 a
1791 3283 1849 3338 Do-

1056 3359 1130 3415 mino
1142 3360 1219 3432 petit.
1239 3360 1294 3418 Sed
1317 3363 1390 3435 quod
1405 3365 1500 3436 quaerit
1516 3382 1569 3422 non
1591 3367 1702 3437 invenit,
1718 3369 1783 3440 quia
1800 3387 1857 3426 non

1056 3446 1118 3504 idco
1128 3448 1250 3506 inducias
1264 3451 1340 3522 petit,
1357 3461 1384 3507 ut
1400 3453 1516 3510 Domino
1529 3471 1580 3524 pro
1594 3457 1715 3526 peccatis
1731 3458 1789 3513 suis
1804 3475 1849 3514 sa·

1056 3535 1182 3604 tisiaciat,
1200 3539 1248 3594 sed
1272 3547 1299 3594 ut
1322 3540 1424 3596 diutius
1447 3544 1591 3598 consuetis
1616 3544 1721 3601 deliciis
1743 3546 1850 3603 alssuat.

1056 3623 1128 3680 lluic
1155 3639 1268 3681 necesse
1283 3634 1368 3680 estut
1394 3628 1429 3683 de
1443 3627 1514 3686 lecto
1530 3629 1648 3686 carnalis
1663 3632 1726 3688 vitae
1741 3643 1849 3707 surgat,

1055 3711 1202 3782 civitatem,
1218 3714 1246 3770 id
1259 3722 1301 3770 ιιι
1317 3732 1422 3772 sacrant
1442 3717 1607 3788 Scripturam
1626 3727 1682 3776 tota
1702 3720 1853 3779 intentione

1055 3800 1202 3857 circumeat
1217 3819 1269 3874 per
1278 3804 1353 3860 vicos
1364 3812 1391 3860 ιι
1405 3805 1519 3876 plateas,
1536 3807 1562 3860 id
1577 3815 1629 3873 est,
1645 3823 1696 3878 per
1711 3809 1853 3879 spiritales

1054 3896 1082 3943 et
1095 3891 1368 3949 saecnlaressalutem
1378 3894 1475 3949 animae
1487 3904 1604 3967 quaerat.
1617 3895 1707 3966 Quam
1722 3897 1784 3954 ideo
1797 3916 1853 3954 non
1925 3928 1929 3933 ·

1053 3977 1165 4046 inuenit,
1189 3980 1254 4051 quia
1275 3981 1375 4052 prioris
1398 3982 1459 4038 vitae
1482 3983 1608 4040 maculas
1622 3985 1781 4056 penitendo
1796 4001 1853 4044 non

1053 4063 1143 4121 diluit.
1176 4067 1230 4124 Sed
1252 4069 1325 4125 ltnnc
1349 4069 1447 4142 vigiles
1471 4070 1621 4140 inveniunt,
1648 4074 1695 4144 qui
1711 4074 1850 4130 civitatem

1052 4138 1217 4204 custodiunt,
1242 4139 1305 4210 quia
1333 4139 1406 4195 docti
1433 4140 1485 4195 riri
1517 4142 1563 4212 qui
1596 4143 1739 4216 scripturis
1776 4145 1848 4199 invi-

1051 4223 1144 4294 gilant,
1168 4225 1241 4282 hunc
1269 4227 1305 4282 ad
1327 4226 1515 4299 paenitentiam
1531 4237 1557 4286 et
1571 4229 1787 4288 satisfactionem
1804 4233 1849 4287 in-

1050 4312 1177 4369 iorniaut.

1085 4468 1143 4524 Hoc
1156 4468 1191 4524 de
1205 4467 1291 4523 salute
1309 4468 1406 4526 auimae
1420 4467 1577 4543 interrogat,
1598 4479 1626 4526 ιι
1640 4486 1702 4527 cnm
1715 4487 1764 4528 ιιι
1777 4489 1846 4544 per·

1048 4556 1196 4623 transierit,
1225 4557 1253 4611 id
1266 4564 1307 4611 est
1320 4572 1382 4614 cum
1396 4573 1447 4629 par
1469 4557 1623 4614 doctrinam
1638 4575 1734 4616 aarum
1749 4577 1843 4616 veram

1046 4644 1233 4716 poenitentiam
1255 4645 1352 4717 egerit,
1382 4645 1496 4701 salutem
1510 4661 1593 4718 quam
1609 4649 1748 4720 quaerebat
1762 4649 1844 4707 inve-

1045 4732 1093 4787 nit.
1122 4733 1201 4789 Hanc
1226 4749 1295 4804 ergo
1322 4733 1458 4789 inventam
1487 4743 1594 4806 oportet
1619 4745 1648 4792 ut
1664 4744 1755 4793 teneat
1769 4737 1840 4794 bona

1045 4821 1214 4892 operatione,
1230 4837 1282 4878 ιιι
1295 4821 1412 4877 dimittat
1428 4821 1485 4877 ulla
1499 4823 1654 4893 tentatione,
1663 4823 1750 4882 ιιιιιι
1765 4825 1843 4881 Chri-

1045 4918 1116 4965 stum
1131 4910 1259 4967 dilectum
1273 4910 1428 4966 introducat
1443 4911 1470 4965 in
1480 4911 1591 4967 domum
1609 4913 1712 4970 caetris
1728 4930 1794 4979 suae,
1811 4913 1840 4969 id

1044 5007 1096 5065 est,
1111 4999 1138 5054 in
1154 4999 1274 5054 animam
1288 5015 1348 5070 quae
1366 5006 1408 5054 est
1421 4999 1520 5055 domus
1545 5001 1652 5072 gratiae,
1670 5019 1731 5074 quse
1746 5002 1840 5074 genuit

1044 5099 1106 5139 enm
1120 5082 1187 5151 Deo,
1202 5087 1230 5139 ιι
1241 5083 1443 5139 incniicnlum
1453 5085 1601 5155 pertitricis
1617 5097 1682 5151 sua,
1699 5086 1726 5141 id
1743 5092 1795 5152 ιιι,
1811 5086 1839 5140 in

1041 5188 1098 5237 cor,
1131 5172 1204 5245 quod
1219 5179 1260 5228 ast
1285 5169 1440 5230 cubiculum
1454 5171 1603 5243 sapientie,
1627 5173 1740 5230 nutricis
1762 5191 1832 5230 suae.

1041 5261 1127 5318 Aliter
1152 5260 1266 5317 lectulus
1294 5269 1336 5316 est
1359 5268 1494 5318 secretum
1518 5261 1665 5332 spiritualis
1695 5262 1767 5328 vitai,
1783 5277 1838 5318 nox

1039 5365 1106 5407 vcro
1124 5348 1293 5425 perturbatio
1316 5348 1426 5412 mundi;
1449 5349 1477 5404 in
1499 5349 1551 5405 hoc
1570 5348 1642 5407 lecto
1669 5365 1732 5406 cnm
1746 5349 1836 5407 fidelis

1038 5439 1129 5494 anima
1142 5437 1171 5492 iu
1184 5445 1279 5493 sancta
1298 5437 1507 5494 conversations
1522 5438 1626 5504 vivens,
1645 5447 1670 5493 et
1684 5438 1833 5509 perturba-

1037 5526 1301 5583 tionemairatribus
1316 5525 1374 5581 suis
1388 5525 1505 5597 patiens,
1518 5524 1594 5581 illum
1610 5525 1699 5583 solum
1712 5527 1830 5598 legendo

1037 5627 1063 5672 et
1077 5615 1182 5672 orando
1197 5614 1388 5686 qnae1·itquem
1403 5614 1499 5686 diligit,
1516 5614 1544 5670 in
1559 5629 1613 5686 quo
1631 5629 1728 5686 pacem
1743 5624 1769 5672 ιι
1785 5632 1831 5670 re·
