3942 6067
526 283 674 341 ttOh'Otttt
695 283 950 340 attolerabant.
975 279 1055 338 OPl'.
1082 283 1168 338 enus
1188 282 1224 336 ll.
1249 314 1283 322 -
1305 283 1524 339 excecatus.

191 419 265 468 rtem,
280 405 443 474 psallercad
459 409 606 463 aetianam.
632 409 677 462 l't'a
692 409 879 464 irorrt‘tcoluto
894 415 935 462 εει
945 407 989 461 in·
1007 409 1106 469 Allan
1123 425 1237 464 vacuum
1259 409 1369 466 caducis
1395 410 1477 464 rebus
1496 425 1552 466 tion
1573 408 1696 463 saliatur.
1718 407 1782 462 llaec
1799 409 1852 462 dno

190 494 314 550 nocentia
326 495 496 551 :innocentia
513 513 575 551 rem
591 505 640 562 est,
652 513 712 567 quan
723 513 772 552 nec
782 497 833 550 sihi
850 511 901 552 nec
912 496 992 551 alteri
1046 497 1111 552 titia
1126 515 1182 568 prae
1195 498 1256 552 aliis
1271 508 1333 552 sum
1349 497 1480 553 notabilia
1496 498 1558 569 quia
1579 496 1705 552 otitnilnts
1720 505 1783 551 sunt
1800 514 1849 567 pe-

190 593 289 648 nocet;
313 585 439 655 <quoniam
455 589 503 656 epti
518 586 611 655 ‹lilipil
633 587 826 658 tntqutlutem,
848 587 907 641 odil
922 589 991 641 εει·
1043 587 1104 654 jora
1114 604 1121 640 :
1133 587 1250 642 initiant
1261 587 1332 642 euim
1345 589 1438 642 ortttrt’s
1451 587 1562 658 procerti
1573 585 1705 657 superbio
1716 586 1810 653 (Ercli.
1822 600 1852 652 a)

191 689 266 726 narem
281 689 362 730 artato
373 675 460 744 (l’sol.
477 675 522 740 xl,
534 683 561 728 et
576 689 656 728 eterno
672 673 746 744 prius
762 673 813 728 nisi
829 673 855 728 in
868 691 897 729 se
909 689 990 745 qnam
1046 685 1072 730 et
1082 677 1166 731 raetia
1180 679 1310 732 ornttiom
1321 678 1460 732 ntolorron
1475 676 1615 748 cupiditas
1625 677 1650 744 (l
1657 675 1724 730 Tine
1742 677 1791 744 vt).
1801 675 1852 728 Pet·

189 762 215 815 in
231 761 348 816 alterum
361 771 469 832 pacem.
491 763 519 814 ln
535 763 584 817 hnc
600 762 715 832 psallam
731 763 799 817 bene
814 763 991 832 operandae!
1045 763 1119 818 illam
1134 765 1250 836 angelus
1272 765 1306 820 de
1322 765 1393 820 caelo
1408 764 1523 827 cecidit3
1549 781 1599 835 per
1621 764 1701 818 istam
1722 765 1802 818 tronto
1817 763 1851 818 de

189 849 566 922 totelttpamqamclaneuter
576 852 611 905 ει
622 866 678 906 rate:
690 851 717 906 id
728 860 769 906 et
780 851 888 923 quando
900 868 990 906 remu·
1046 854 1176 924 paradiso
1191 854 1303 909 corruit.
1330 855 1370 908 Ea
1385 853 1427 909 his
1449 853 1555 909 dnalms
1572 851 1650 924 qnasi
1677 867 1709 907 ex
1732 851 1850 906 lontibus

188 938 296 992 natabis
306 954 359 993 ειε.
371 939 454 993 aliter
463 939 579 1009 psallam
594 939 761 994 etinnnceas
772 957 830 1002 eru,
848 947 874 996 et
888 940 991 995 intelli·
1045 942 1147 997 diaboli
1169 943 1260 998 onmia
1275 942 1343 997 naala
1359 943 1504 1012 prolluunt,
1527 950 1553 996 el
1568 941 1684 996 miseros
1700 941 1735 995 ud
1751 949 1852 995 tartara

188 1036 291 1095 gnitate
311 1027 421 1097 praemia
439 1043 489 1097 pro
509 1028 676 1084 innocientia
700 1029 751 1084 hnc
772 1029 949 1084 redditurum.
967 1028 990 1084 0
1047 1033 1167 1086 tralmnt.
1183 1032 1246 1088 llaec
1260 1030 1508 1104 ontniaquandicta
1524 1039 1598 1096 sunt,
1614 1047 1668 1085 nan
1683 1029 1773 1085 solum
1787 1038 1851 1085 εεει

189 1131 297 1184 sponse,
314 1116 423 1186 (plantio
439 1115 532 1172 venies
556 1117 590 1170 ad
606 1133 659 1184 me,
677 1126 705 1171 ει
716 1133 758 1172 me
770 1133 898 1188 sponsam
916 1125 990 1172 tuam
1045 1119 1201 1188 devitanda,
1219 1121 1271 1176 sed
1286 1119 1368 1176 etiam
1379 1119 1499 1175 odienda
1514 1128 1541 1174 et
1555 1119 1760 1192 persequenda.

201 254 252 337 aaa

1800 283 1852 339 296

187 1203 220 1258 da
237 1204 372 1274 Babylone
388 1205 498 1270 educas,
515 1213 540 1259 et
555 1204 583 1258 in
598 1204 747 1260 Jerusalem
762 1205 901 1260 eit-'itatem
918 1214 991 1261 tuam

188 1291 368 1348 introducas?
388 1295 465 1348 Nunc
485 1297 555 1348 viam
577 1293 780 1350 immaculatam
797 1295 916 1364 exponit.
934 1297 989 1350 Pc-

187 1381 372 1436 romholohan
385 1383 414 1436 in
426 1383 691 1440 irartuccnlioccrdia
707 1385 779 1438 rrtei:
796 1384 847 1438 hoc
863 1390 914 1450 est,
933 1399 990 1438 non

187 1471 277 1524 solum
303 1471 425 1525 abstinui
444 1487 459 1525 a
482 1472 699 1542 praraactione,
717 1471 860 1528 sedetiam
876 1490 890 1526 a
917 1473 991 1527 mala

188 1560 280 1615 cordis
295 1560 477 1632 cogitatione;
493 1568 520 1616 ει
532 1561 585 1618 hoc
600 1562 630 1616 io
647 1563 736 1617 irradia
751 1563 850 1617 elautus
866 1578 944 1628 ittera,
962 1561 991 1617 id

189 1666 230 1714 est
244 1658 508 1715 communiomnium
518 1660 695 1716 habitantium
711 1661 736 1716 in
746 1661 829 1717 darno
841 1660 984 1718 ecclesia.

369 1813 405 1867 hc
416 1815 524 1884 septem
536 1813 612 1868 uitiis
623 1813 811 1870 derlirumdia.

224 1947 293 2004 llinc
315 1949 412 2004 rnerita
435 1965 484 2004 sua
509 1959 658 2016 enumerat,
681 1966 730 2020 pro
755 1950 853 2021 quibus
868 1949 993 2005 caelestia

187 2045 278 2107 sperat
295 2047 339 2092 :et
356 2037 481 2108 primitus
497 2047 601 2110 septem
618 2038 811 2110 ponitcunctis
825 2037 989 2103 det·itanda;

188 2125 287 2182 deinde
303 2143 350 2182 sex
366 2127 493 2181 omatibus
508 2127 626 2200 agenda.
646 2127 814 2183 Declinandn
829 2136 892 2182 sunt
907 2127 965 2182 brec
984 2143 990 2182 :

189 2213 301 2285 lnjustee
317 2214 353 2269 rci
364 2215 486 2280 imitatio,
500 2213 569 2286 legis
585 2216 782 2286 praevaricatio,
801 2217 989 2282 murmuratie,

189 2303 354 2376 malignitas,
374 2303 517 2370 detractio,
542 2305 681 2375 snperbia,
704 2304 849 2376 cupiditas.
871 2305 927 2360 lloc
950 2313 993 2359 est

191 2390 263 2461 qttod
279 2389 343 2445 dicit
361 2409 366 2444 :

227 2497 314 2552 l'ans.
329 2499 356 2552 3.
378 2527 411 2537 -—
431 2499 490 2554 ,l'ott
513 2502 700 2571 proponebant
715 2505 783 2556 εειε
797 2501 892 2556 ocutos
919 2517 993 2556 otras

191 2603 249 2642 rent
265 2587 413 2658 irtjoalont,
424 2585 450 2642 id
463 2596 513 2656 est,
525 2604 579 2644 non
594 2589 723 2660 proposui
735 2597 799 2645 aitte
810 2588 906 2645 oculos
917 2604 994 2644 meos

190 2675 281 2730 cordis
297 2675 397 2730 titulum
413 2675 512 2740 lacere,
530 2693 579 2732 nec
600 2677 730 2734 facientes
745 2677 851 2744 imitari,
869 2676 993 2733 facienti-

190 2765 417 2821 busconsentire.
438 2767 586 2822 Facienles
600 2767 849 2840 procart'cotiancr
863 2765 950 2830 odini,
967 2774 994 2822 et

191 2863 325 2924 parentes,
343 2861 368 2907 el
383 2861 524 2920 cogitatus,
541 2863 567 2910 el
582 2856 685 2912 amicos
697 2855 786 2923 legem
801 2862 874 2909 tuam
890 2870 995 2925 praera-

191 2941 309 2996 ricantes
324 2941 387 2996 odic
404 2941 496 3008 lrabui,
511 2959 565 2998 nan
581 2952 670 2999 tarnen
686 2942 820 3012 homines,
837 2943 886 2998 aad
902 2942 993 2998 bomi-

191 3046 258 3084 num
274 3045 397 3085 errores.

228 3135 312 3191 Vens.
331 3139 357 3191 ι.
370 3167 401 3176 —-
417 3138 477 3192 ,l'on
488 3135 607 3192 trelltwsit
625 3137 697 3192 attilo
707 3153 754 3194 cor
762 3155 893 3212 protraat,
914 3138 941 3194 id
957 3135 1038 3196 estc

193 3225 265 3282 mala
288 3225 409 3281 ιειεειεε
424 3225 627 3294 murmurantis,
650 3225 694 3280 rel
713 3243 828 3298 pravum
853 3227 998 3282 consilium

192 3314 309 3384 alicujus
323 3330 376 3370 raon
391 3314 494 3369 invenit
508 3329 551 3368 rue
566 3313 618 3368 sibi
629 3323 854 3372 consentaneum.
872 3311 995 3371 llu'rmu·

193 3412 305 3468 ratores,
337 3411 361 3458 et
377 3417 462 3474 prauo
482 3402 598 3458 certailio
619 3403 719 3458 maltam
736 3405 924 3460 machinantes
940 3420 995 3460 non

192 3493 300 3547 luerunt
314 3491 367 3548 mei
377 3499 528 3546 consortes.
546 3493 743 3549 declinantem
755 3511 772 3549 a
782 3510 826 3549 ore
838 3495 997 3564 rrtolipaam

194 3596 250 3636 troo
276 3581 481 3652 capreoscelmm,
513 3580 564 3636 hoc
587 3589 637 3646 est,
665 3581 872 3638 dissentientem
893 3597 909 3636 a
930 3598 999 3653 prc-

195 3669 283 3740 posito
307 3684 368 3724 meo
382 3667 418 3724 ita
441 3667 608 3732 devitabam,
625 3671 704 3741 quasi
726 3685 781 3726 non
796 3687 975 3742 agnoscerem
989 3690 997 3737 ;

194 3757 247 3828 rel,
276 3757 434 3814 hereticum
462 3775 478 3812 ε
503 3773 547 3814 me
577 3773 662 3830 pravo
698 3759 825 3831 dogmate
853 3759 998 3816 declinan-

195 3856 257 3916 tem,
284 3853 310 3902 et
325 3845 447 3920 maligne
462 3855 599 3919 agentern,
616 3847 652 3902 ita
676 3849 855 3905 abhorrebam
871 3856 898 3904 ut
914 3849 998 3924 igno-

195 3945 261 3992 ltnn.

232 4049 316 4104 l'tans.
324 4052 391 4102 5.—
400 4049 601 4104 detrahentem
608 4054 713 4105 secreto
721 4051 853 4121 prealato
861 4065 911 4106 auo
923 4049 999 4105 luam

194 4137 389 4210 pctecqoehur,
407 4136 434 4190 id
455 4145 497 4192 est
512 4136 558 4208 qui
573 4137 599 4190 in
622 4138 729 4193 occulto
751 4137 827 4192 tratri
842 4137 995 4210 derogarit,

197 4234 223 4281 et
238 4225 404 4280 discordiam
422 4225 574 4292 seminavit,
591 4226 664 4281 branc
686 4233 710 4280 ει
729 4227 836 4282 bostem
852 4227 999 4299 impugna-

1241 1266 1280 1319 ιιι
1297 1265 1450 1322 oirlolihoe
1460 1279 1512 1319 aee
1525 1263 1650 1336 opcodie.

1081 1377 1169 1432 l'ans.
1190 1382 1217 1434 b.
1233 1409 1267 1417 -
1278 1378 1432 1450 Sequuntur
1445 1395 1494 1434 sex
1509 1377 1642 1444 facienda,
1657 1376 1762 1433 scilicet
1780 1374 1848 1430 lide-

1045 1464 1117 1530 litas,
1135 1463 1256 1529 castitas,
1271 1463 1422 1531 humilitas,
1437 1462 1606 1534 pretticmto,
1622 1470 1717 1517 sancta
1735 1477 1850 1518 conrar-

1045 1553 1124 1613 satio.
1142 1551 1278 1608 malorum
1293 1552 1484 1626 impugnatio,
1500 1552 1535 1608 de
1549 1551 1593 1607 liis
1611 1551 1738 1606 subditur
1751 1569 1757 1604 :
1768 1550 1850 1606 (leoli

1045 1644 1101 1696 neri
1110 1643 1146 1696 od
1155 1643 1252 1708 fideles
1264 1646 1348 1696 let-rte
1357 1645 1388 1697 ει
1399 1643 1516 1697 sedeant
1528 1657 1651 1696 enecant.
1665 1640 1723 1696 lloc
1738 1647 1789 1704 est,
1807 1639 1844 1692 in·

1047 1730 1130 1786 tentio
1145 1745 1207 1785 mea
1221 1745 1277 1786 non
1291 1738 1350 1784 erat
1364 1730 1399 1784 ad
1418 1729 1523 1785 nobiles
1541 1738 1568 1785 et
1587 1729 1685 1784 divites
1700 1727 1803 1789 saeculi.
1821 1737 1851 1782 ει

1047 1835 1096 1875 eos
1109 1819 1209 1890 poptdo
1223 1826 1269 1874 ιεο
1284 1833 1484 1889 praeponerem,
1502 1819 1551 1874 sed
1563 1818 1596 1872 ad
1611 1817 1707 1874 fideles
1718 1816 1851 1872 Ecclesiae

1047 1917 1075 1962 ει
1104 1925 1151 1963 ros
1180 1909 1306 1979 praelatos
1325 1916 1351 1963 et
1375 1917 1497 1964 rectores
1512 1907 1718 1973 constituerem,
1742 1905 1789 1977 qui
1808 1921 1853 1960 me

1047 2013 1108 2053 cana
1124 1997 1152 2051 iu
1163 1997 1267 2066 judicio
1279 1998 1410 2052 sederent
1423 2005 1450 2052 et
1464 1997 1595 2067 populum
1616 2004 1692 2051 luunt
1717 1997 1791 2064 juste
1803 1993 1851 2062 ju·

1047 2093 1180 2148 dicarent.
1205 2093 1359 2148 Anthedona
1382 2093 1414 2147 io
1443 2093 1488 2146 oio
1511 2093 1703 2148 irnrttocolalo
1721 2091 1766 2146 hic
1780 2091 1854 2144 attilo

1048 2182 1239 2247 ›tatano-atne,
1255 2181 1283 2236 id
1298 2189 1341 2236 est
1356 2196 1410 2236 nen
1424 2181 1590 2260 impudicos,
1607 2180 1657 2236 sed
1668 2183 1797 2236 castoset
1811 2178 1853 2232 in·

1047 2278 1176 2327 nocentes
1192 2269 1331 2325 ministros
1346 2270 1441 2326 altoris
1457 2269 1629 2325 ordinabam.

1086 2370 1168 2423 Vens.
1187 2371 1214 2422 7.
1231 2401 1262 2411 -
1279 2369 1339 2424 Non
1353 2368 1491 2423 leobilohil
1507 2369 1538 2423 ln
1555 2367 1644 2424 irradio
1659 2366 1757 2424 dotatas
1772 2383 1852 2433 aare,

1050 2460 1098 2530 qai
1112 2461 1185 2530 [εειι
1198 2459 1359 2530 repertricem
1374 2477 1382 2509 :
1398 2457 1448 2512 boe
1462 2464 1514 2523 est,
1530 2456 1638 2527 publice
1653 2464 1810 2527 peccantes,
1826 2464 1852 2510 et

1051 2549 1103 2604 boe
1117 2547 1235 2618 superbe
1250 2545 1429 2602 defendentes
1445 2561 1500 2600 non
1521 2544 1852 2627 coarmanebantpublice

1049 2661 1157 2702 triacum
1176 2645 1204 2700 in
1218 2644 1418 2710 cornmnnione,
1438 2643 1499 2716 qnia
1522 2643 1699 2700 excludebam
1714 2659 1790 2698 ensa
1806 2659 1851 2697 sn-

1049 2734 1198 2790 cramentis
1221 2741 1248 2790 et
1272 2751 1288 2788 a
1312 2734 1394 2789 domo
1413 2732 1555 2794 ecclesie:
1583 2731 1701 2787 liuntiles
1721 2742 1812 2786 autern
1826 2740 1853 2785 ct

1049 2824 1209 2880 obedientes
1222 2831 1299 2878 erant
1310 2822 1363 2878 mei
1375 2826 1516 2879 concives.
1537 2822 1590 2889 Qto
1605 2823 1731 2896 loquitor
1742 2822 1854 2892 iniqoo,

1051 2930 1107 2970 teon
1124 2913 1234 2968 direxit
1246 2914 1277 2968 io
1292 2916 1446 2983 cotrrpeelo
1462 2912 1610 2967 oculorum
1624 2927 1760 2978 recurant,
1775 2909 1802 2964 id
1812 2917 1854 2965 εει

1050 3001 1186 3070 adulator,
1203 3000 1304 3073 iniquis
1315 3001 1406 3056 verbis
1420 3000 1529 3072 plaeere
1544 2999 1666 3070 cupiens,
1684 3015 1740 3054 non
1754 2997 1854 3054 direxit

1052 3109 1083 3147 ae
1098 3091 1126 3145 in
1140 3090 1313 3162 beneplacito
1327 3106 1408 3146 uteo:
1435 3089 1489 3151 rel,
1511 3089 1648 3161 vaniloqui
1662 3104 1717 3144 non
1740 3087 1853 3159 placue-

1053 3189 1118 3236 runt
1131 3179 1217 3236 oculis
1233 3179 1310 3246 meis,
1327 3189 1354 3234 ut
1369 3186 1461 3234 essent
1476 3177 1562 3234 nuntii
1578 3178 1631 3234 rnei
1656 3177 1705 3234 aad
1724 3176 1854 3250 praedica-

1053 3279 1126 3325 tores
1142 3276 1168 3324 ει
1183 3268 1255 3324 bona
1270 3267 1476 3339 persuadentes.

1090 3360 1175 3413 Vens
1191 3363 1216 3415 8.
1243 3388 1275 3399 -
1290 3359 1323 3413 ln
1350 3359 1495 3414 elotanae
1520 3355 1728 3426 interficiebam
1756 3371 1854 3410 oroneo

1050 3452 1213 3521 peccatores
1229 3451 1323 3512 terre,
1334 3445 1362 3500 id
1377 3455 1419 3501 est
1432 3445 1460 3500 in
1473 3446 1545 3501 bono
1559 3445 1727 3517 operatione,
1744 3451 1855 3516 quaeest

1054 3537 1192 3608 quoddam
1210 3552 1289 3591 mane
1303 3535 1397 3592 aetemi
1411 3534 1476 3601 diei,
1498 3534 1589 3590 arnaria
1608 3542 1722 3605 peccata
1735 3531 1854 3588 terreni-

1053 3626 1117 3680 tatis
1131 3641 1200 3681 meae
1213 3624 1314 3680 occidi.
1330 3625 1365 3679 Et
1378 3639 1440 3680 meo
1450 3623 1577 3694 exempla
1590 3638 1686 3678 omnes
1696 3629 1852 3694 peccantes,

1053 3724 1080 3770 et
1099 3724 1206 3771 terrena
1222 3722 1325 3769 tantum
1339 3721 1499 3785 appetentes
1514 3711 1671 3768 annihilavi.
1691 3712 1723 3770 tlt
1742 3711 1853 3783 disper-

1053 3814 1147 3868 derem
1163 3811 1196 3868 dc
1211 3812 1327 3868 ciuitate
1337 3810 1454 3866 Dersaioi
1468 3826 1565 3868 aranea
1581 3814 1731 3883 operantes
1745 3809 1854 3881 irtiqoi-

1055 3905 1163 3957 teleto:
1193 3901 1252 3957 Hoc
1268 3908 1310 3956 est
1325 3900 1416 3956 verbis
1429 3907 1456 3956 et
1471 3899 1549 3955 lactis
1562 3899 1670 3971 iniquos
1683 3897 1853 3970 impugnari,

1054 3997 1083 4044 nt
1097 4005 1145 4045 eos
1160 3989 1195 4045 de
1211 3989 1353 4060 iniquitate
1367 3988 1403 4043 ad
1416 3987 1572 4059 aequitatem
1592 3995 1790 4052 converterem,
1808 3994 1854 4040 eut

1051 4078 1086 4134 de
1101 4077 1225 4134 Ecclesia
1238 4077 1345 4149 penitus
1361 4093 1547 4150 segregarem.

1261 4213 1420 4284 dpplt'colio
1435 4212 1472 4268 od
1489 4212 1645 4268 Clerislom.

198 4313 270 4367 bem-
301 4313 379 4382 Peius
401 4313 659 4383 recrederemus
679 4329 761 4384 quarm
777 4313 916 4370 tornacus
933 4333 939 4369 =
955 4314 999 4370 lie
1090 4338 1160 4392 rrae
1174 4336 1256 4392 ettam
1277 4335 1361 4405 raaia
1381 4337 1488 4392 atarseo
1504 4344 1678 4410 congruunt:
1704 4335 1783 4392 octo
1799 4337 1856 4392 ‚aa

195 4401 268 4457 enim
293 4417 322 4455 se
345 4401 431 4456 solum
446 4401 555 4466 occidit,
574 4401 618 4456 ille
638 4411 728 4457 autem
743 4419 773 4458 se
788 4411 814 4458 et
826 4403 992 4476 proximum.
1053 4427 1089 4481 „p
1099 4427 1196 4494 pade,
1210 4431 1295 4482 pm
1309 4431 1341 4482 up
1355 4427 1472 4482 ,edem
1486 4441 1606 4491 „mmm
1620 4427 1670 4482 hoc
1684 4433 1724 4480 es,
1739 4425 1855 4496 populos

196 4489 258 4545 llali
272 4505 327 4545 non
342 4490 429 4545 solum
446 4489 582 4546 devitandi
598 4497 661 4546 suut
680 4499 707 4547 ει
722 4492 930 4564 confundantur,
948 4493 997 4550 sed
1012 4487 1038 4547 D
1054 4524 1080 4572 e,
1095 4515 1164 4572 ,pos
1178 4515 1276 4570 fideles
1292 4515 1327 4570 d,
1341 4523 1416 4571 ,em
1431 4514 1514 4588 elegi,
1526 4523 1556 4570 m
1566 4514 1681 4570 sedeam
1692 4529 1798 4570 mecum
1806 4515 1856 4583 ju,

195 4587 276 4643 etiam
290 4586 470 4658 persequendi
486 4594 514 4641 ut
529 4587 716 4660 corrigantur.
734 4591 764 4643 lu
782 4587 895 4646 Hebraeo
910 4589 997 4646 babe-

195 4685 255 4730 tur:
286 4677 362 4732 llunc
390 4674 598 4742 interficiebam,
626 4677 688 4749 quia
711 4677 882 4735 detractores
903 4678 997 4751 gladio

195 4764 311 4836 propriae
329 4763 430 4836 liugane
444 4765 614 4821 occiduntur.
637 4769 757 4839 Superbo
776 4769 855 4826 oculo
874 4773 902 4824 cl
922 4769 998 4824 insa·

197 4854 290 4910 tiobt'li
305 4853 386 4908 corde
400 4869 464 4909 coto
479 4853 529 4910 hoc
543 4871 600 4909 raon
612 4855 725 4911 edebam
736 4873 742 4910 :
755 4857 806 4912 boc
816 4864 867 4926 est,
878 4872 940 4912 cum
951 4873 997 4911 sn-

196 4940 287 5014 perbia
310 4951 337 4997 et
361 4941 467 5012 cupidis
481 4958 535 4998 non
551 4943 668 4999 comedi.
684 4944 781 5000 Omnis
801 4945 937 5016 superbus
953 4945 997 5002 uel

196 5031 312 5102 cupidus
328 5038 369 5086 est
385 5029 494 5086 invidus
507 5047 514 5100 ;
526 5031 587 5104 quia
599 5031 663 5086 dum
684 5032 758 5088 solus
773 5033 830 5089 rult
844 5043 941 5105 potens
953 5035 996 5091 vel

196 5121 274 5176 dives
288 5119 375 5175 videri
391 5119 486 5174 alienis
506 5120 585 5176 bonis
603 5121 749 5189 cruciatur,
765 5130 792 5178 ct
806 5121 902 5178 alienis
916 5122 996 5178 malis

196 5208 357 5266 delectatur.
373 5210 440 5264 Cum
456 5209 554 5265 talibus
568 5210 723 5266 convivium
737 5209 845 5267 invidiae
863 5211 995 5279 caninii,

195 5297 250 5352 imo
265 5298 334 5354 tales
350 5297 376 5351 in
399 5305 504 5353 tantum
520 5297 695 5368 exsecrabar,
717 5301 790 5372 quod
810 5301 896 5356 ecsin
911 5317 995 5374 pran-

196 5383 241 5439 dia
263 5401 325 5440 meo
343 5401 397 5442 nnn
412 5387 549 5457 patiebar.
573 5387 651 5443 Unde
665 5395 690 5443 et
706 5387 845 5459 Scriptura
859 5389 993 5462 precipit,

195 5473 743 5548 neccurnltujoemodicr'bumsomerall
757 5479 821 5534 Cor.
837 5481 875 5549 r).
892 5480 921 5533 ln
933 5495 990 5536 oeu-

195 5559 230 5615 lis
257 5563 376 5616 maxime
400 5563 528 5635 superbia
551 5573 677 5630 notatur;
703 5563 747 5637 qni
773 5568 884 5638 superbi
903 5567 995 5640 quise

196 5648 257 5704 aliis
280 5649 421 5722 digniores
443 5651 614 5720 arbitrantur,
631 5653 699 5711 alios
714 5654 756 5711 rel
773 5657 900 5728 aspicere
913 5657 994 5716 dedi-

196 5745 322 5810 gnantur.
335 5737 472 5809 Cupiditas
487 5749 578 5798 autern
594 5743 669 5798 cordi
687 5744 851 5816 assignatur,
863 5747 927 5820 quia
946 5763 995 5806 cor

1051 4605 1127 4661 dices
1141 4604 1169 4658 in
1180 4603 1293 4673 jndicio.
1310 4606 1465 4661 Arololaos
1489 4605 1520 4659 ia
1546 4606 1590 4660 edo
1606 4604 1791 4660 imraocolaln
1808 4603 1854 4659 ln'c

1050 4693 1123 4749 attilo
1145 4694 1345 4749 rtriolslrnbol:
1366 4692 1392 4747 id
1422 4701 1465 4748 est
1479 4691 1645 4748 immaculati
1666 4691 1784 4747 ministri
1800 4691 1855 4746 mei

1050 4781 1209 4851 illicerent,
1224 4781 1271 4837 ubi
1284 4798 1339 4854 ego
1354 4797 1414 4838 ern.
1426 4781 1479 4850 Qui
1494 4780 1664 4836 immunditia
1674 4797 1705 4836 se
1715 4779 1856 4836 maculant

1050 4872 1159 4927 Christo
1186 4887 1242 4926 non
1268 4871 1430 4940 ministrant,
1458 4879 1485 4926 et
1513 4869 1559 4943 qui
1573 4884 1618 4936 ea,
1640 4886 1702 4942 quae
1716 4885 1764 4925 aua
1780 4877 1852 4932 sunt,

1051 4967 1183 5031 quaerunt,
1205 4957 1312 5014 Christo
1326 4974 1380 5014 non
1396 4959 1532 5027 serviunt,
1554 4967 1581 5014 et
1592 4958 1655 5014 ideo
1669 4974 1732 5014 cum
1747 4956 1855 5012 Cbristo

1050 5063 1105 5104 non
1121 5055 1210 5103 erunt.
1228 5049 1289 5104 Neo
1304 5048 1444 5104 lechitoblt
1456 5049 1489 5103 io
1506 5048 1596 5104 teredio
1611 5047 1711 5103 doctos
1724 5063 1794 5103 mera
1808 5047 1856 5119 qni

1049 5138 1123 5207 poelt
1136 5138 1308 5208 superbiam.
1321 5136 1472 5210 Nullusqui
1485 5135 1547 5192 lacit
1561 5136 1634 5191 mala
1648 5151 1742 5207 opera,
1754 5135 1855 5208 quande

1051 5225 1180 5297 superbia
1194 5225 1376 5295 descendunt,
1387 5225 1520 5281 habitabit
1529 5225 1647 5281 indomo
1662 5241 1733 5290 mea,
1749 5223 1856 5280 caelesti

1048 5305 1217 5362 Jerusalem.
1241 5305 1294 5374 ont
1305 5308 1431 5380 loquitor
1440 5307 1550 5379 laipno,
1559 5322 1618 5362 ooo
1630 5305 1740 5362 direxit
1749 5308 1780 5361 ia
1788 5321 1857 5363 coa·

1048 5398 1147 5466 specto
1157 5396 1304 5452 oculorum
1317 5411 1459 5452 trecorum:
1475 5396 1526 5451 bec
1542 5403 1593 5464 est,
1607 5393 1767 5451 nouaclum
1783 5393 1855 5450 male

1048 5493 1203 5554 operantes,
1211 5483 1259 5539 sed
1271 5484 1350 5539 etlam
1359 5483 1626 5556 maleloquentes,in
1635 5491 1783 5554 conspectu
1792 5498 1855 5538 meo

1048 5571 1382 5644 nonerunt‚idestlaciem
1389 5589 1479 5628 meam
1493 5587 1547 5628 non
1560 5571 1699 5628 ridebunt.
1708 5573 1740 5627 lo
1756 5575 1855 5628 moto-

1049 5663 1110 5717 liao
1122 5661 1327 5728 iraterficicham
1338 5678 1435 5719 aiones
1448 5665 1610 5734 peccatores
1624 5664 1718 5717 terrra.
1732 5660 1855 5717 Praesens

1047 5748 1854 5824 vitaeoquasinomaeternaritaqaasidies,cujusmancest
