3942 6067
122 330 191 394 liti)

520 336 641 391 rrum
668 332 797 388 nnuma
818 327 865 383 nn
888 324 1108 383 srosrouco
1130 328 1172 383 aa
1190 306 1371 387 'recusae
1468 293 1472 305 '

1707 327 1776 387 tato

116 468 260 535 ditaverat,
277 480 340 519 cum
355 470 428 519 esset
442 479 493 532 per
513 463 603 523 omnia
625 462 784 520 Catholicae
808 455 918 528 sapien·
932 461 960 523 Α
977 454 1047 511 Cae.
1062 456 1133 511 VIII.
1150 454 1344 531 despondetur
1352 452 1388 509 nd
1398 451 1580 525 objectionem
1592 453 1625 510 ab
1639 456 1776 512 auctione

116 557 152 611 tia
168 564 195 615 et
210 571 318 610 morum
333 553 493 609 excellentia
506 554 565 609 Deo
580 561 607 609 et
621 568 709 627 regno
728 545 916 621 dIgnissimus,

117 644 276 717 apostoliam
291 643 352 698 serii
368 643 517 711 subiectus,
533 643 609 699 omui
623 643 699 698 clero
722 640 847 701 devotus,
865 634 920 689 Leo

117 751 188 806 papa
214 734 310 789 tertius
332 733 370 789 tle
394 731 441 789 tuli
464 748 496 792 ac
510 740 585 794 tanto
599 731 722 801 adjutore
744 726 878 800 gaudena,
892 720 920 778 ei

117 824 170 879 sii
184 825 236 878 troc
250 820 423 895 privilepIum
437 821 583 887 concessit,
599 829 628 877 nt
640 820 706 878 eitra
716 818 801 889 Alpes
815 815 843 869 in
855 828 920 886 por-

117 916 190 968 tibus
224 911 319 968 Galliae
341 920 368 966 et
397 904 556 965 'Germaniae
579 909 640 982 ejus
665 909 723 963 rice
746 906 920 977 episcopatus

119 1002 305 1059 eeclesiastico
340 1016 416 1055 more
446 999 610 1055 institueret.
643 998 721 1067 Quod
745 991 921 1066 privilegium

120 1093 201 1149 etiam
218 1106 394 1145 successores
409 1089 496 1159 ipsius
511 1088 546 1142 ab
561 1086 712 1158 apostoiica
727 1086 794 1139 sede
808 1096 921 1153 prome-

121 1196 242 1254 ruerunt,
259 1187 322 1260 quia
338 1195 364 1242 et
379 1186 430 1258 ipsi
452 1202 500 1257 per
520 1186 613 1241 omitia
636 1186 764 1241 liomanre
787 1179 922 1237 Ecclesiae

122 1279 212 1333 devoti
227 1277 385 1332 exstiterunt
402 1293 408 1328 :
426 1275 471 1345 qrri
487 1282 576 1330 tamen
591 1273 729 1344 sapientes
745 1279 771 1326 et
786 1270 839 1347 vita
854 1281 921 1339 pro·

123 1367 238 1433 babilas,
253 1374 280 1419 et
293 1365 385 1419 divino
400 1362 488 1419 officio
507 1376 646 1435 congruas
669 1374 803 1433 personas
826 1356 923 1429 slago-

121 1463 194 1521 ruut‚
211 1464 237 1511 et
251 1454 383 1511 Ecclesiis
397 1454 496 1526 dignos
512 1461 636 1524 pastores
650 1451 754 1523 absque
777 1447 833 1502 ullo
856 1462 922 1518 pre-

126 1546 162 1600 tio
176 1543 368 1616 praefecerunt.

160 1642 305 1712 Postquam
321 1654 384 1695 reto
400 1639 450 1694 riri
465 1640 551 1694 Deum
566 1638 737 1709 ignorantes,
749 1642 775 1691 et
791 1634 923 1691 Ecclesiae

122 1732 255 1786 honorem
271 1738 445 1785 exsecrantes
461 1728 565 1800 absque
590 1728 716 1782 Romana
740 1725 872 1781 electione
895 1724 922 1779 in

124 1837 239 1892 regnum
254 1820 421 1889 irruperunt,
440 1826 466 1873 et
481 1818 620 1872 sceleratis
635 1832 667 1871 ac
678 1814 790 1885 perditis
802 1814 965 1883 moribusss

123 1908 267 1979 imperium
283 1906 486 1961 inocularerunt
502 1923 508 1959 :
524 1906 552 1959 bi
567 1905 635 1959 tales
649 1904 772 1975 regalem
794 1918 925 1957 mansue-

120 1998 248 2073 prurtmem
271 1997 390 2055 Neronis
415 2011 492 2066 ruore
516 2002 712 2067 poatpcneutee
726 2008 759 2049 ac
782 2000 926 2063 tirannico

121 2102 200 2165 inore
225 2088 253 2140 iu
274 2084 380 2160 ¹clerum
403 2094 431 2142 et
453 2084 584 2162 pertulum
610 2081 759 2156 domimum
782 2081 925 2145 uiolenter,

121 2177 179 2244 inre
192 2174 337 2231 crudeliter
352 2174 540 2239 extendentes,
554 2188 651 2247 pacem
667 2169 799 2228 Ecclesiae
813 2178 844 2230 et
857 2185 928 2225 con-

122 2248 247 2345 cordium
255 2262 353 2339 populi
360 2263 533 2333 perturbare,
545 2260 698 2333 apostolica
706 2267 805 2324 statuta
815 2258 928 2329 seprio

125 2368 186 2408 rum
208 2370 304 2425 regum
326 2360 467 2422 coeperuut
491 2350 581 2421 edicta
598 2348 710 2405 violare.
728 2348 781 2419 Qei
791 2347 928 2419 justitiam

123 2451 149 2498 et
165 2442 322 2515 equitatem
338 2441 537 2518 pleminautcs,
549 2438 751 2502 cirilebcllure.
762 2436 928 2508 eleripnpo·

122 2526 196 2606 Itque
222 2530 402 2605 discordiam.
427 2537 454 2585 et
478 2544 587 2603 ornnem
601 2526 774 2599 iniquitatem
789 2534 926 2595 amaptea,

122 2635 260 2699 personas
283 2618 341 2675 suis
365 2618 488 2683 moribus
508 2633 654 2691 congruas,
672 2615 783 2689 iustitia
809 2629 844 2670 ac
858 2612 929 2683 legis

126 2708 177 2791 liei
193 2706 292 2789 inscias
306 2705 450 2786 elegerunt
465 2724 472 2761 ε
487 2706 586 2787 qtribos
600 2713 694 2761 contre
704 2704 750 2776 jars
762 2710 790 2760 et
803 2701 845 2758 las
867 2701 928 2771 epi-

130 2805 270 2868 scopatus,
285 2794 419 2861 abbatias,
443 2795 647 2868 praeposituras,
668 2793 789 2865 aliasque
806 2789 929 2863 diguita-

127 2894 168 2940 ies
182 2901 290 2965 surripio
306 2883 405 2955 pretio,
421 2899 497 2940 more
512 2882 599 2949 Giezi,
615 2880 812 2947 t'endielerunt.

1009 548 1244 617 repempctitem,
1252 543 1495 613 canclcdilarpae,
1505 544 1533 596 el
1544 543 1575 597 irc
1584 542 1682 609 Veteri,
1706 547 1733 599 et
1744 546 1776 599 ia

1010 634 1082 689 abac
1095 634 1271 691 Testamenta
1285 648 1394 706 seraper
1403 646 1491 701 repara
1501 629 1775 691 sacerdoliamaetc·

1010 736 1079 777 case.

1012 873 1091 942 Quorl
1105 874 1128 929 si
1144 873 1206 947 quis
1220 874 1368 932 astruxerit
1381 872 1432 929 has
1446 872 1513 929 diras
1534 888 1666 945 personas
1681 874 1773 931 bono·

973 977 1006 1019 re
1021 978 1055 1025 aa
1069 964 1202 1039 dignitate
1213 980 1294 1037 pares
1308 963 1404 1030 rideri,
1419 979 1451 1018 co
1465 962 1538 1034 quod
1549 964 1591 1019 hae
1602 963 1668 1019 solae
1677 963 1705 1018 ln
1715 963 1778 1036 lege

975 1050 1172 1123 praecipiuntur
1187 1052 1248 1110 oleo
1263 1062 1358 1109 sancto
1373 1052 1438 1125 ungi
1452 1070 1459 1109 τ
1474 1050 1616 1109 scIeadum
1639 1061 1682 1107 est
1701 1052 1778 1125 quod

976 1156 1023 1195 rea
1040 1150 1142 1196 lanium
1157 1142 1228 1209 olco,
1243 1143 1374 1199 sacerdos
1388 1149 1477 1197 autem
1492 1141 1640 1197 chrismate
1652 1130 1780 1213 uigeba-

976 1236 1030 1296 tur‚
1054 1237 1081 1285 et
1104 1247 1155 1301 per
1177 1231 1269 1287 omnia
1292 1247 1343 1287 sua
1365 1230 1539 1288 consecratio
1562 1230 1639 1303 regis
1659 1230 1782 1287 unctioni

977 1318 1194 1396 prelercbptprr
1207 1326 1239 1391 et
1251 1320 1280 1377 in
1296 1321 1347 1377 boc
1361 1320 1441 1375 etiarn
1455 1317 1628 1386 differebant,
1641 1317 1714 1392 quod
1724 1335 1781 1374 nou

978 1407 1048 1463 sicut
1063 1403 1193 1463 sacerdos
1206 1424 1222 1463 a
1237 1409 1391 1478 sacerdote,
1407 1408 1445 1462 ita
1459 1408 1542 1463 etiarn
1552 1423 1598 1463 rex
1610 1421 1626 1463 a
1640 1424 1717 1480 rege,
1730 1408 1781 1463 sed

978 1498 1151 1553 asacerdote
1166 1497 1248 1553 etiarn
1274 1497 1334 1569 ipso
1357 1496 1583 1553 consecrabatur.
1612 1496 1671 1553 lloc
1694 1503 1781 1551 totum

976 1584 1007 1639 ia
1022 1582 1110 1657 ligura
1123 1586 1246 1657 contigit,
1263 1588 1311 1641 sed
1326 1588 1418 1642 lesum
1435 1584 1581 1652 chasiam,
1608 1600 1703 1641 verum
1725 1586 1784 1641 Ile·

977 1689 1042 1745 pem
1057 1681 1083 1729 ct
1099 1674 1277 1731 Sacerdotem
1293 1674 1427 1747 expressit
1443 1692 1449 1729 ε
1467 1690 1549 1747 quern
1563 1674 1641 1729 l’ater
1649 1674 1784 1734 chrisma·

980 1771 1017 1829 te,
1035 1769 1062 1818 et
1077 1762 1137 1818 oleo
1151 1763 1351 1831 exsultaIIonis,
1368 1780 1466 1835 nempe
1478 1762 1580 1833 Spiritu
1591 1770 1685 1819 sancto
1695 1762 1780 1831 unxit,

981 1858 1007 1905 et
1022 1850 1049 1905 in
1064 1860 1145 1921 caput
1159 1854 1281 1923 gentinus
1296 1852 1445 1917 constituit,
1462 1852 1516 1907 imo
1531 1859 1557 1906 et
1571 1850 1679 1921 angelis
1693 1850 1783 1907 ecbo-

884 1991 889 2001 ,
980 1939 1100 1995 minibus
1115 1940 1261 1996 Dominum
1285 1940 1419 2011 praelecit.
1448 1938 1502 2003 Qui
1526 1940 1584 1995 Rex
1607 1948 1633 1995 et
1648 1938 1784 1995 Sacerdos

981 2042 1172 2109 quemcunque
1182 2046 1238 2085 suae
1255 2023 1358 2085 militiae
1377 2028 1518 2099 ascripsit„
1530 2028 1628 2084 olenet
1639 2026 1785 2089 chrismate

982 2116 1049 2186 ungi
1065 2118 1195 2191 praecepit
1207 2134 1213 2173 :
1226 2132 1317 2189 genus
1330 2118 1425 2189 regale
1436 2125 1463 2173 et
1473 2116 1654 2179 sacerdotale.
1666 2117 1786 2191 acregni

983 2204 1026 2258 sui
1039 2204 1162 2259 heredes
1177 2204 1253 2261 lecit.
1273 2204 1341 2261 ilinc
1365 2212 1405 2260 est
1429 2204 1501 2277 quod
1523 2204 1700 2277 baptIzandos
1724 2204 1785 2259 oleo

981 2298 1010 2348 et
1024 2292 1172 2349 chrismate
1186 2292 1334 2367 ungium
1352 2294 1416 2365 quia
1430 2293 1492 2349 oleo
1506 2300 1554 2349 eos
1573 2291 1672 2349 Christi
1686 2308 1786 2365 reguo,

982 2382 1130 2437 chrismate
1146 2392 1235 2437 autem
1250 2383 1340 2453 Ipsius
1363 2382 1517 2452 sacerdotio
1539 2380 1679 2455 iungimus
1705 2396 1711 2436 :
1736 2398 1787 2453 per·

983 2471 1103 2537 mitram,
1119 2484 1203 2541 quain
1218 2470 1299 2539 capiti
1313 2468 1486 2543 lmpnnimnr,
1502 2485 1631 2533 coronam
1647 2468 1726 2542 regni
1735 2486 1785 2524 ex-

983 2559 1144 2630 primimus;
1172 2575 1222 2632 per
1245 2558 1336 2614 albam
1358 2568 1476 2627 restem,
1500 2574 1554 2631 qua
1575 2574 1623 2615 cos
1638 2558 1785 2627 induimus,

984 2652 1185 2705 sacerdotalem
1212 2648 1375 2719 dIgnitatem
1402 2646 1538 2702 InnuImus
1568 2663 1574 2702 :
1605 2647 1702 2709 iterum
1737 2664 1788 2724 per

983 2737 1102 2803 mitram,
1122 2734 1305 2808 pontificalem
1319 2735 1434 2792 infulam
1456 2743 1600 2800 notamus;
1622 2752 1673 2807 per
1694 2735 1786 2791 albam

981 2834 1089 2882 vestem
1105 2826 1228 2901 regalem
1252 2824 1376 2881 trabeam
1397 2824 1629 2884 demonstramus.
1656 2822 1741 2899 Igitur
1759 2832 1786 2882 et

981 2914 1011 2969 in
1025 2914 1119 2970 Veteri
1137 2920 1164 2971 et
1179 2914 1205 2968 in
1219 2914 1298 2969 Nero
1312 2914 1488 2969 Testamenta
1514 2912 1694 2969 sacerdotium
1709 2928 1786 2979 sern-

161 2980 389 3058 recalescentem
406 2980 502 3041 videtis
517 2980 615 3051 {militi
629 2978 709 3078 ⁶⁰⁰¹?
724 2977 782 3077 ⁵9¹⁸
795 2975 878 3041 ibim·
893 2990 930 3074 ⁸}
982 3018 1032 3073 per
1044 3018 1131 3077 ragno
1148 3003 1351 3074 praeferebatur,
1369 3002 1478 3075 quande
1492 3000 1604 3077 insuper
1619 3008 1645 3059 et
1671 3017 1789 3077 reguum

125 3087 240 3146 munera
255 3071 307 3128 sibi
320 3086 339 3141 p
352 3070 460 3141 illiristo
479 3068 577 3141 cellule
600 3084 617 3126 ¹¹
640 3069 764 3139 violanti
782 3064 927 3136 IIIWU·
980 3108 1032 3162 per
1047 3091 1233 3149 sacerdotium
1250 3090 1472 3147 constituebatur.

125 3176 180 3234 pon
204 3160 289 3217 coluit
313 3159 382 3218 oltra
409 3160 541 3228 lionorcm
566 3174 643 3227 suurn
669 3156 765 3212 alienis
779 3155 863 3217 dare;
879 3154 971 3238 salic

125 3248 184 3319 ipsa
208 3266 257 3319 per
281 3265 311 3305 se
337 3247 400 3306 filiis
422 3247 491 3319 sois,
515 3254 597 3317 prout
619 3246 752 3304 condecet
765 3251 793 3299 et
807 3242 927 3314 expedit.

126 3338 300 3421 disppsare.
319 3337 510 3403 Sacerdotium
526 3344 615 3392 sertem
630 3350 648 3390 a
662 3348 749 3405 regno
763 3340 854 3403 potest
875 3347 930 3400 op·

125 3427 218 3499 prirui,
234 3442 287 3486 non
302 3436 394 3483 tamen
411 3432 501 3501 petest
515 3425 595 3488 obrui
611 3439 617 3482 ;
631 3432 658 3487 et
673 3422 833 3482 sacer-detes
852 3436 869 3479 a
884 3436 930 3479 rc-

126 3503 182 3588 gue
206 3524 320 3590 possunt
342 3514 482 3583 iniuriam
508 3514 631 3580 alliciam
658 3527 725 3570 vcro
758 3524 932 3576 aerumnae

126 3613 220 3677 potpst
234 3603 343 3680 perimi.
357 3603 485 3671 Quinrmo
500 3602 633 3669 llnnaiuus
649 3601 781 3671 Princeps
799 3599 932 3657 sacerdo-

129 3706 187 3749 tum
212 3692 312 3763 seprius
337 3700 447 3749 exercet
471 3690 618 3754 vindictam
632 3689 659 3745 in
675 3687 933 3760 praesumptionibus

127 3772 232 3856 regum.
251 3780 316 3857 Saul
329 3796 454 3858 uanaque
468 3779 573 3853 primes
588 3794 683 3850 rapum
700 3777 860 3840 sacerdotes
874 3777 933 3833 ou-

127 3868 194 3940 nuui
209 3869 308 3940 injuste
325 3868 427 3944 occidit
442 3884 449 3922 ε
465 3868 528 3926 ideo
542 3866 601 3936 inse
612 3868 686 3936 iuste
700 3865 810 3921 occisus
829 3865 857 3923 ia
872 3863 933 3922 bel·

128 3962 155 4032 lo
170 3959 306 4018 occubuit.
318 3958 417 4031 Aebuti
433 3972 482 4011 rex
498 3956 646 4027 propbetas
669 3954 778 4021 Domini
800 3952 935 4025 queamus

128 4063 145 4132 p
160 4047 245 4129 putria
259 4047 371 4125 expulit,
389 4046 521 4118 quosdam
536 4044 597 4113 areni
611 4043 740 4109 tradidit:
756 4042 935 4112 temetipse

130 4136 289 4215 pulrperctus
303 4134 387 4189 rnnrti
399 4133 552 4203 succubuit.
567 4133 632 4202 inas
646 4148 693 4189 rex
707 4129 868 4195 Zachariam
888 4144 932 4191 aa·

130 4224 270 4299 perdecem
286 4222 420 4297 lapidibus
436 4222 551 4291 obruit.-
567 4221 641 4289 unda
655 4228 683 4287 it
701 4219 762 4290 ipsc
786 4216 935 4289 abcondit

131 4313 216 4380 seteis
229 4312 337 4384 oct-isus
351 4310 462 4368 corruit.
478 4310 593 4381 amnas
604 4324 652 4375 rea
661 4307 846 4371 sacerdotium
855 4320 935 4369 usur-

131 4392 205 4472 parit
220 4419 227 4456 :
242 4402 305 4457 idco
320 4416 381 4468 rnna
396 4399 472 4473 ieprtt
487 4415 549 4461 eum
564 4397 675 4467 inlesit.
690 4396 814 4461 Herodes
829 4411 878 4457 rep
892 4408 935 4455 aa.
985 4361 1031 4445 jus
1055 4360 1090 4415 ab
1117 4361 1177 4437 59⁵⁰

131 4478 281 4561 fcerdutium
295 4489 416 4548 uendidit
432 4504 440 4541 ε
457 4487 519 4543 idco
534 4486 643 4558 propria
654 4502 736 4551 mann
747 4503 778 4544 se
788 4484 932 4549 interemit.

131 4578 206 4641 lieno
221 4579 371 4655 impariter
388 4579 499 4641 l'etrum
514 4574 629 4645 prunum
653 4590 754 4645 pentat
776 4572 932 4637 aaneiiirit:

132 4666 196 4739 ideo
212 4683 296 4743 regno
311 4664 410 4737 pulsus
429 4663 502 4735 lupis
524 4663 617 4733 predo
632 4663 747 4729 restitit.
766 4662 868 4725 [lecim
881 4662 937 4720 im·

131 4764 242 4828 perator
257 4755 361 4813 Sirium
375 4768 475 4827 papam
490 4751 618 4817 occidere
632 4750 698 4818 lecit,
712 4767 721 4808 ι
736 4750 809 4813 untia
830 4759 858 4811 at
877 4750 936 4821 ipse

133 4859 150 4897 a
165 4843 289 4911 decianae
301 4843 433 4906 obsessus
443 4840 536 4912 periit.
547 4839 650 4908 Valens
660 4840 810 4919 imperator
818 4839 937 4899 Athenae

132 4932 204 5002 sium
217 4930 377 5006 episcopum
391 4948 406 4983 a
421 4946 471 5000 sua
485 4930 552 4995 aede
565 4928 671 4999 expulit
687 4945 695 4984 :
709 4927 773 4992 ideo
782 4926 841 4998 ipsc
851 4927 936 4987 aiios

134 5020 189 5091 iliis
202 5019 330 5088 inccndio
341 5018 456 5075 interiit.
470 5019 595 5092 lulianus
610 5016 763 5087 iupurnm
777 5016 937 5077 &cardeles

134 5096 234 5189 pluisti
250 5106 423 5185 persequitur
439 5122 445 5161 ε
461 5107 533 5170 trade
547 5114 575 5163 et
589 5106 652 5176 ipsa
665 5105 702 5161 ab
715 5104 844 5170 hostibus
857 5104 935 5163 occi·

134 5197 217 5269 ditur.
233 5194 421 5273 Tpeodpricus
430 5210 476 5260 rer
488 5210 589 5265 nenati
602 5194 736 5259 loannem
748 5193 863 5256 eccidit:
877 5192 939 5250 idae

135 5284 223 5354 subita
239 5290 327 5356 morte
348 5281 512 5355 supplicium
534 5292 667 5344 aeternum
694 5282 788 5342 subiit.
817 5282 852 5339 Et
873 5279 938 5351 quid

133 5374 213 5450 pium
223 5372 383 5445 ‘iQuotqnot
393 5370 525 5428 Ecclesiae
537 5370 698 5435 sacerdotes
710 5370 847 5441 persecuti
864 5377 936 5437 sunt,

134 5460 256 5531 pessirna
269 5467 356 5526 morte
370 5457 541 5515 exterminati
554 5467 629 5525 surra.

1023 3208 1083 3263 Iam
1106 3206 1169 3263 Illos
1194 3206 1365 3271 familiariter
1387 3223 1552 3284 quaeramus,
1576 3222 1690 3281 quonam
1705 3222 1791 3269 causa

986 3296 1058 3353 banc
1073 3295 1337 3361 lucubratiunculam
1361 3311 1591 3369 susceperamus:
1603 3296 1787 3368 quiobpece-

985 3386 1038 3443 niae
1053 3400 1185 3452 amorem,
1203 3384 1340 3453 obtendis
1359 3384 1490 3453 Iarorern,
1514 3389 1542 3442 et
1565 3401 1617 3459 pro
1632 3385 1791 3458 adipiscent

985 3474 1029 3531 dae
1044 3475 1078 3530 ab
1106 3475 1174 3547 ipsis
1188 3474 1357 3545 priueIpibus
1379 3473 1521 3547 dignitatis
1544 3474 1663 3547 alicujus
1684 3475 1791 3543 honere

987 3556 1136 3636 praedicent
1160 3560 1287 3633 indoctis,
1321 3563 1375 3635 Ipsi
1403 3561 1521 3623 maxime
1549 3563 1661 3630 indocti,
1691 3563 1793 3635 ubique

988 3644 1113 3710 iamenu
1129 3668 1226 3727 regum
1241 3667 1338 3707 omnes
1352 3651 1499 3725 dignitates
1523 3652 1657 3726 pendere.
1686 3652 1719 3709 lli
1743 3650 1792 3723 qui

988 3740 1047 3797 baec
1070 3738 1174 3807 dieunt,
1189 3749 1234 3810 aut
1257 3740 1318 3799 lalci
1339 3748 1385 3797 aut
1408 3740 1536 3797 monachi
1556 3748 1602 3800 aut
1617 3739 1788 3809 eletionem,

989 3828 1017 3884 Si
1033 3828 1181 3895 bleisum,
1199 3838 1262 3884 tunc
1277 3835 1306 3883 ut
1319 3826 1479 3899 insipientes
1493 3835 1556 3886 stant
1579 3823 1725 3899 irridendi,
1741 3828 1785 3897 rel

989 3918 1080 3991 potius
1096 3926 1124 3978 ut
1139 3916 1230 3991 ignari
1244 3934 1259 3981 a
1273 3916 1442 3989 replentibus
1458 3916 1632 3993 corrigendi,
1651 3916 1679 3975 Si
1702 3926 1794 3985 eutem

988 4006 1115 4064 monachi
1139 4013 1212 4073 sunt,
1237 4010 1301 4061 tunc
1326 4004 1464 4077 desipIunt
1487 4019 1494 4064 ς
1518 4004 1564 4081 qui
1587 4004 1794 4073 austeritatem

989 4094 1148 4171 ignorantes
1163 4101 1262 4165 errant,
1280 4102 1324 4156 aut
1336 4092 1453 4152 scienter
1467 4108 1591 4169 acrorem
1605 4092 1639 4163 ola
1651 4092 1795 4161 areritiem

989 4183 1139 4262 sapientes,
1156 4200 1249 4247 verum
1265 4198 1295 4239 se
1309 4181 1380 4241 scire
1394 4178 1576 4252 dissimulent.
1592 4180 1621 4244 Si
1635 4182 1794 4249 autamclp-

990 4272 1039 4328 rici
1054 4278 1126 4339 sunt,
1137 4270 1231 4329 vesani
1242 4270 1340 4343 eapitis
1352 4274 1426 4335 sunt,
1439 4270 1485 4343 qui
1495 4265 1684 4337 eeclesiastico
1699 4268 1792 4333 ordini

1201 4359 1319 4431 Domino
1345 4356 1476 4418 collatum
1499 4357 1645 4430 adlmunt:
1669 4357 1793 4430 illudque

990 4447 1080 4503 laicali
1102 4449 1227 4524 potestati
1251 4444 1416 4511 conserunt;
1441 4446 1496 4515 ipae
1511 4445 1619 4518 seipsos
1631 4446 1743 4521 propria
1757 4446 1804 4521 ti<

947 4536 1097 4601 Dbertate
1122 4535 1247 4609 spoliant,
1279 4550 1312 4597 ac
1341 4536 1436 4605 seruili
1462 4535 1595 4603 laicorum
1618 4534 1716 4605 ditioni
1730 4550 1795 4605 cupi

993 4624 1056 4681 Cain
1073 4616 1234 4703 subjugant.

1027 4750 1113 4821 igitur
1127 4750 1361 4819 bernaicensium
1383 4750 1491 4807 stalida
1506 4750 1670 4811 assertiones
1692 4761 1709 4805 a
1729 4762 1795 4805 sea-

992 4838 1062 4905 sstlitt
1077 4846 1140 4902 aunt
1151 4838 1335 4907 enubilanda,
1350 4840 1406 4895 iuro
1415 4840 1450 4895 ab
1460 4838 1588 4895 amnibus
1598 4838 1704 4895 ratione
1713 4844 1796 4918 utera

992 4928 1064 4995 tilam
1079 4926 1263 4999 reprobanda
1275 4945 1283 4983 r
1299 4943 1360 4983 cum
1372 4944 1490 5000 reguum
1501 4928 1667 4995 sacerdotio,
1679 4926 1797 4999 populus

992 5016 1066 5075 clera
1077 5015 1293 5085 inrasubiaceat,
1304 5024 1331 5073 et
1341 5018 1413 5073 sicut
1422 5016 1464 5073 ccl
1475 5017 1557 5085 lenae,
1569 5016 1681 5089 spiritus
1697 5016 1796 5071 anime

992 5102 1280 5176 contemplativarum
1305 5105 1411 5172 satiare,
1438 5105 1479 5161 sic
1502 5104 1684 5161 sacerdotium
1710 5117 1798 5176 regno

993 5193 1181 5265 praemineat.
1195 5194 1250 5251 Sed
1262 5194 1319 5263 iarn
1335 5193 1471 5251 calamum
1486 5192 1520 5249 de
1535 5192 1698 5249 sacerdotali
1721 5208 1796 5266 prae-

993 5283 1074 5351 conio
1090 5284 1296 5349 contrahamua3
1322 5282 1404 5353 elque
1426 5281 1518 5353 denis
1541 5280 1661 5337 moribus
1685 5280 1796 5353 placere

993 5371 1174 5429 studeamus:
1191 5380 1324 5442 quatenus
1346 5370 1405 5439 eJ'us
1425 5369 1526 5434 sulam,
1551 5371 1579 5424 iu
1604 5383 1658 5443 qua
1681 5368 1732 5425 soli
1746 5385 1796 5424 sa-

997 5460 1123 5519 cerdotes
1138 5464 1165 5517 et
1179 5476 1262 5531 reges
1276 5466 1365 5528 errari,
1380 5458 1493 5514 introire
1507 5458 1657 5516 valeamus.
1673 5458 1776 5515 Amen.

827 5724 1101 5739 mu-
